1971 3261
148 125 217 159 190
549 123 632 158 LIB.
659 122 730 157 ΠΙ.
757 142 769 147 -
796 122 907 156 PARS
932 121 962 155 Ι.
993 141 1005 147 -
1031 121 1089 156 De
1114 121 1379 157 Sacramentis
1499 121 1594 158 Can.
1619 121 1775 158 856·857

147 246 296 297 ctores,
317 241 481 298 peccati
504 239 698 284 mortalis
719 244 888 297 qravat,
910 252 958 282 eo
991 239 1100 297 quod
1137 239 1243 283 istud
1280 240 1352 283 fuit
1385 242 1653 283 commissum
1687 245 1777 297 post

145 311 332 356 ultimam
367 312 666 356 consessionem
705 310 903 365 validam,
937 323 1018 353 non
1051 310 1313 354 solummodo
1337 312 1376 353 in
1399 324 1445 354 ea
1469 310 1780 367 inculpabiliter

145 385 357 438 omissum,
394 382 436 439 b)
470 387 850 440 quantmncnmque
882 380 1011 423 etiam
1045 382 1226 438 perfecte
1249 395 1293 423 se
1315 381 1539 425 contritum
1565 381 1778 425 eoeistimet

145 456 338 511 quamvis
369 467 463 497 cum
501 451 644 495 morali
679 452 946 507 certitudine,
979 452 1019 508 c)
1053 451 1145 494 sine
1188 452 1426 510 praemissa
1473 452 1779 496 sacramentali

144 523 419 582 confessione,
442 536 564 581 quam
587 523 774 580 perficiat
797 523 1039 566 confessarii
1062 522 1280 578 absolutio,
1303 522 1348 580 d)
1382 522 1438 566 ad
1469 537 1635 566 sacram
1668 537 1776 567 com-

146 595 381 637 munionem
404 593 576 636 accedat
597 593 924 650 suscipiendam.
945 593 1138 637 Attamen
1173 607 1265 637 cum
1303 596 1340 637 in
1374 593 1486 639 Confi.
1510 593 1634 638 Tridi.
1660 599 1775 638 textu

143 667 402 722 exprimatur
434 665 639 708 conditio:
679 680 700 705 <c
726 663 865 708 habita
899 666 1018 721 copia
1054 665 1302 708 confessoris
1325 680 1364 718 u,
1397 678 1520 723 quam
1570 668 1608 708 in
1657 679 1775 723 prae—

143 735 386 780 cedentibus
419 748 550 779 canon
587 748 782 792 praesens
813 737 969 790 omisit,
993 737 1083 779 eius
1110 736 1321 792 sequelam
1346 738 1404 780 sic
1428 739 1640 793 proponit:
1666 736 1776 795 quod

141 807 180 850 si
211 806 253 864 a)
287 812 437 864 nryeat
469 806 698 850 necessitas
731 806 1087 859 communicandi,
1125 820 1163 849 v.
1197 820 1259 863 gr.
1293 807 1342 850 ad
1393 807 1608 850 vitandum
1656 820 1774 852 scan-

142 878 280 922 dalum
319 877 382 922 vel
416 879 645 932 infamiam,
683 877 744 921 vet
780 879 877 935 quia
917 879 1023 920 inter
1071 877 1174 921 alios
1222 880 1259 920 in
1311 890 1450 921 mensa
1500 877 1774 923 eucharistica

143 952 308 994 iamiam
343 954 680 1004 connumeratur,
716 948 759 1006 b)
794 963 843 991 ac
875 948 998 1006 copia
1031 947 1287 1005 confessarii
1319 948 1500 992 scilicet:
1547 949 1777 993 sacerdotis

143 1021 318 1078 praediti
352 1019 643 1065 sacramentali
678 1020 964 1063 iurisdictione
997 1018 1065 1062 illi
1097 1018 1220 1073 desit,
1254 1024 1458 1077 quatenus
1492 1022 1623 1076 ipsum
1658 1021 1776 1065 adire

146 1097 338 1150 nequeat,
373 1098 510 1135 actum
531 1091 748 1150 perfectae
770 1090 1042 1134 contritionis
1062 1090 1186 1148 prins
1210 1090 1367 1145 eliciat,
1392 1091 1500 1148 quod
1527 1090 1776 1135 brevissimo

146 1168 330 1220 tempore
363 1164 453 1207 tieri
486 1176 534 1207 ac
569 1165 727 1206 interne
760 1162 924 1206 sufficit.

237 1257 290 1292 Ab
318 1257 422 1293 buius
463 1257 610 1293 canonis
649 1256 871 1292 observantia
910 1256 961 1292 vel
999 1256 1277 1301 transgressione
1314 1257 1502 1295 derivatur,
1541 1257 1631 1303 quod
1665 1257 1773 1293 Cone.

142 1315 236 1350 Trid.
266 1316 364 1351 docet
384 1318 416 1350 1:
451 1330 465 1349 «
486 1314 610 1360 Quoad
640 1327 739 1351 usum
767 1320 898 1359 autem,
924 1320 1014 1351 recte
1033 1320 1064 1351 et
1084 1315 1259 1362 sapienter
1279 1321 1392 1362 patres
1410 1316 1518 1351 nostri
1539 1321 1606 1352 tres
1622 1316 1776 1352 rationes

142 1375 205 1410 hoc
231 1380 391 1410 sanctum
419 1380 677 1411 sacramentum
718 1375 912 1421 accipiendi
952 1375 1200 1411 distinxerunt.
1241 1373 1417 1418 Quosdam
1453 1375 1546 1411 enim
1582 1375 1776 1411 docuerunt

141 1434 442 1470 sacramentaliter
468 1435 650 1470 dumtaxat
675 1433 709 1469 id
735 1445 886 1476 sumere,
916 1439 953 1469 ut
980 1439 1199 1480 peccatores:
1228 1435 1314 1470 alios
1352 1439 1489 1470 tantum
1529 1434 1770 1481 spiritualiter,

144 1494 220 1529 illos
246 1493 432 1537 nimirum,
461 1494 519 1539 qui
548 1499 625 1529 voto
653 1493 866 1540 propositum
895 1493 994 1528 illum
1021 1493 1202 1529 caelestem
1232 1505 1358 1540 panem
1385 1494 1535 1534 edentes
1577 1494 1642 1530 fide
1680 1495 1770 1535 viva,

143 1564 234 1599 quae
261 1564 321 1599 per
347 1553 568 1589 dilectionem
596 1558 772 1600 operatur,
803 1553 953 1588 fructum
981 1552 1055 1588 eius
1081 1558 1114 1588 et
1132 1553 1318 1588 utilitatem
1338 1554 1517 1588 sentiunt:
1537 1554 1656 1589 tertios
1674 1565 1775 1600 porro

143 1612 443 1648 sacramentaliter
469 1612 574 1647 simul
601 1617 634 1648 et
660 1612 912 1658 spiritualiter:
942 1612 975 1647 bi
1004 1616 1122 1647 autem
1149 1617 1244 1653 sunt,
1273 1613 1331 1658 qui
1360 1612 1407 1648 ita
1433 1623 1467 1648 se
1496 1613 1590 1658 prius
1610 1612 1771 1658 probant,

141 1676 172 1707 et
200 1672 392 1712 instruunt,
421 1676 459 1707 ut
486 1676 614 1707 vestem
642 1671 835 1718 nuptialem
865 1671 992 1714 induti,
1020 1671 1063 1706 ad
1090 1672 1246 1706 divinam
1266 1672 1357 1707 hanc
1378 1683 1534 1707 mensam
1553 1672 1770 1708 accedant».

141 1730 248 1766 Cuius
274 1731 453 1766 doctrinae
478 1731 677 1777 explanatio
703 1730 853 1767 inveniri
884 1735 993 1777 potest
1011 1731 1102 1776 apud
1125 1730 1163 1766 l).
1185 1730 1308 1766 Thom.
1329 1732 1357 1772 2,
1377 1737 1409 1767 et
1428 1731 1469 1766 de
1487 1731 1658 1776 gravitate
1677 1731 1773 1766 illius

143 1791 314 1836 sacrilegii
342 1791 501 1826 doctrina
528 1790 606 1835 (loc.
632 1790 689 1826 cit.
720 1801 774 1826 aa.
804 1790 838 1833 4,
867 1788 916 1836 5).

265 1875 360 1917 175.
394 1876 466 1920 De
498 1889 645 1921 sacra
678 1878 1019 1922 communione
1052 1878 1201 1922 semel
1236 1879 1282 1921 in
1317 1879 1396 1923 die
1419 1880 1715 1935 recipienda.
1740 1904 1766 1910 -

140 1943 241 1988 Cum
276 1945 354 1988 alia
389 1948 621 1989 necessaria
654 1946 868 2002 dispositio
902 1959 952 1989 ex
988 1951 1103 2003 parte
1137 1949 1322 2003 corporis
1354 1950 1404 1991 sit
1438 1948 1625 1992 naturale
1669 1951 1769 1992 ieiu-

141 2017 268 2070 nium,
302 2018 414 2059 circa
448 2015 603 2060 nullam
637 2016 913 2060 eucharistiae
961 2017 1133 2060 alteram
1182 2020 1457 2074 sumptionem
1510 2021 1772 2063 interseritur

140 2100 229 2128 can.
265 2089 371 2130 857.
407 2086 588 2142 Nemini,
623 2090 747 2131 etiam
781 2088 986 2131 sacerdoti
1022 2090 1059 2131 in
1095 2089 1161 2131 die
1204 2089 1441 2133 Nativitatis
1492 2089 1652 2133 Domini
1705 2089 1769 2135 vel

139 2155 555 2201 Commemorationis
588 2160 773 2201 omnium
824 2158 1008 2202 tidelium
1057 2159 1347 2203 detunctorum
1400 2174 1476 2203 non
1525 2161 1769 2218 celebranti,

140 2227 266 2270 liceat
299 2227 350 2271 ob
384 2228 506 2271 huius
539 2231 708 2272 canonis
743 2229 1064 2286 prohibitionem
1099 2231 1409 2273 sanctissimam
1448 2230 1767 2274 Eucliaristiam

139 2298 216 2342 sub
249 2301 364 2355 panis
397 2302 547 2355 specie,
585 2304 626 2342 ut
659 2313 707 2343 ex
742 2305 936 2344 contextu
972 2313 1175 2344 canonum
1213 2301 1333 2345 huius
1364 2305 1508 2359 capitis
1542 2302 1771 2359 intelligen-

140 2369 238 2412 dum
273 2375 346 2423 est,
380 2370 579 2427 recipere,
611 2370 688 2414 sub
721 2371 957 2415 conditione
991 2372 1062 2429 qni
1084 2386 1175 2414 eam
1199 2371 1342 2415 eadem
1365 2372 1434 2415 alie
1456 2373 1538 2415 iam
1564 2374 1768 2431 receperit

139 2441 507 2490 sacramentaliter,
549 2447 587 2484 et
624 2441 702 2485 hoc
741 2441 1041 2486 rationabiliter
1064 2442 1102 2483 ³:
1142 2460 1163 2483 «
1186 2446 1282 2501 quia
1316 2446 1424 2486 enim
1451 2443 1650 2488 Dominus
1667 2445 1766 2488 dicIt

141 2510 293 2567 (Lucae
327 2511 422 2568 xl);
461 2511 610 2555 Panem
647 2519 836 2556 nostrum
869 2512 1161 2571 qnotidianimi
1195 2514 1249 2556 (la
1285 2514 1399 2557 nobis
1433 2514 1567 2560 leodic.
1602 2528 1681 2558 non
1707 2519 1768 2558 est

141 2581 294 2637 pluries
328 2584 366 2624 in
401 2582 467 2625 (lie
501 2584 911 2638 communicandum,
948 2589 987 2626 ut
1021 2584 1164 2627 saltem
1217 2599 1288 2635 per
1337 2585 1413 2628 hoc
1461 2586 1570 2643 quod
1614 2585 1764 2643 aliquis

139 2652 266 2695 semel
303 2655 340 2694 in
376 2653 441 2696 die
475 2656 768 2704 communicat,
804 2660 1138 2711 repraesentetur
1172 2658 1306 2698 unitas
1331 2658 1530 2712 passionis
1552 2655 1762 2700 Christi».

140 2722 317 2779 Explicit
367 2736 496 2766 canon
546 2727 626 2768 sic:
677 2725 762 2767 nisi
801 2726 841 2768 in
877 2725 1040 2768 casibus
1073 2725 1123 2768 cle
1156 2726 1302 2783 quibus
1336 2727 1376 2769 in
1413 2741 1504 2769 can.
1538 2729 1645 2779 858,
1677 2727 1705 2784 g
1741 2727 1758 2770 1

259 2829 268 2849 ¹
297 2828 398 2862 Sess.
427 2829 526 2862 XIII
553 2841 634 2874 cap.
663 2830 696 2863 S.
740 2851 780 2855 -—
820 2831 833 2853 '2
871 2831 913 2864 3a
940 2830 982 2864 P.
1013 2843 1048 2875 q.
1078 2831 1240 2875 LXXX,
1268 2843 1324 2865 aa.
1356 2833 1427 2866 1-3.
1470 2852 1509 2857 -
1549 2833 1563 2854 3
1600 2832 1647 2866 D.
1690 2832 1761 2866 Th.

140 2887 173 2919 q.
204 2874 355 2908 LXXX
382 2887 415 2909 a.
447 2877 501 2916 10,
529 2876 577 2910 ad
604 2878 666 2910 4¹1¹.
