1971 3261
148 121 221 154 240
555 120 636 153 Liss.
663 120 733 154 ΠΙ.
761 140 773 144 -
800 119 910 153 PARS
936 119 967 152 I.
996 138 1009 144 -
1036 119 1093 154 De
1117 118 1385 154 Sam-amentis
1593 120 1687 156 Can.
1713 120 1784 156 884

152 241 296 283 mortis
319 238 493 283 articulo
518 250 718 295 personae
736 237 1036 281 confessionem
1059 239 1213 292 vocari,
1235 242 1303 280 aut
1322 238 1537 294 accedere,
1556 241 1644 282 sine
1663 241 1784 296 gravi

150 308 291 366 aliqua
314 311 525 352 exoritura
550 309 716 351 infamia
739 310 800 350 vel
825 307 1021 351 scandalo
1045 312 1238 365 nequeat,
1257 313 1354 352 tunc
1373 308 1498 352 alium
1523 310 1783 353 sacerdotem

154 380 325 435 perinde
345 379 529 423 baberi...
552 391 683 435 posse,
702 390 749 421 ac
772 380 804 421 si
830 390 976 421 revera
998 377 1226 432 abesset...;
1252 379 1466 437 (idemque
1490 380 1782 424 affirmandum

153 452 266 492 iuxta
300 461 389 493 can.
425 449 553 502 2367,
577 449 628 491 de
667 463 688 489 ((
708 461 805 492 casu
839 461 921 506 quo
958 447 1231 492 moribundus
1256 454 1420 494 recuset
1442 449 1511 493 alii
1535 450 1782 506 confiteri»,

150 521 185 562 si
204 519 359 576 absque
380 520 538 562 intluxu
557 519 784 562 sacerdotis
806 518 1022 575 complicis
1042 519 1081 562 id
1102 520 1214 575 fiat),
1239 532 1287 563 ac
1309 520 1482 576 proinde
1508 522 1545 563 iu
1571 533 1618 564 eo
1644 533 1782 564 rerum

150 594 259 633 statu
285 603 362 632 non
389 589 599 645 prohiberi
631 591 744 632 socio
777 590 963 632 criminis
987 589 1193 633 sacerdoti
1227 589 1529 634 absolutionem
1556 592 1784 647 poenitenti

149 660 202 704 ab
235 673 283 703 eo
306 673 472 717 quoque
496 662 671 703 crimine
705 661 909 714 impertiri
934 675 972 701 ³).
1007 659 1117 716 Ergo
1142 673 1221 703 non
1246 665 1404 704 tantum
1443 661 1579 705 valide
1603 660 1655 705 ob
1678 666 1783 704 can⁸.

151 732 235 775 884
272 734 448 788 primam
482 735 653 787 partem,
689 730 758 774 sed
794 732 918 773 etiam
954 730 1065 774 licite
1098 730 1150 774 ob
1183 733 1310 787 partis
1332 731 1542 775 secundae
1574 733 1782 787 exceptio-

154 816 262 856 nem,
295 802 373 845 boc
406 806 487 845 est:
523 800 575 845 ob
614 814 797 845 «casum
832 803 1149 854 necessitatis»,
1197 804 1229 845 si
1264 801 1554 845 observaverit
1588 802 1784 846 sacerdos

149 873 328 917 dicenda
361 876 498 917 statim
533 886 583 916 ex
609 877 737 917 const.
764 872 879 917 ead:
921 873 1071 917 «Sciat
1103 877 1242 916 autem
1277 873 1467 929 complex
1499 873 1702 917 eiusmodi
1727 886 1784 917 sa-

149 944 356 998 cei·(lOS,...
394 944 479 987 fore
511 957 553 987 se
589 957 631 987 re
665 945 751 1000 ipsa
784 955 924 986 coram
961 942 1088 986 Deo...
1130 956 1246 986 reum
1280 946 1422 1000 gravis
1445 943 1648 987 adversus
1672 956 1786 1000 prae·

150 1015 303 1058 dictam
339 1016 675 1058 constitutionem
699 1013 758 1071 (et
781 1013 890 1057 hunc
914 1013 1135 1070 canonem)
1164 1013 1482 1069 inobedientiae,
1507 1014 1572 1072 (ac
1596 1015 1781 1071 notetur)

152 1085 328 1143 latisque
361 1087 399 1128 in
434 1098 481 1128 ea
517 1087 660 1141 poenis
694 1084 938 1139 obnoxium,
983 1084 1177 1142 (scilicetz
1222 1088 1645 1129 excommunicationi
1678 1085 1784 1130 latae

149 1159 392 1210 sententiae,
427 1156 535 1213 quod
582 1160 719 1199 tamen
769 1156 1027 1213 perpendere
1060 1160 1221 1213 oportet
1259 1158 1297 1199 in
1337 1155 1448 1200 Libri
1486 1155 1543 1200 V}
1577 1170 1785 1200 commen-

152 1229 255 1271 tario
289 1227 337 1271 ad
374 1240 462 1271 can.
498 1225 649 1283 2367),
694 1229 726 1270 si
762 1227 999 1283 praedictae
1048 1228 1240 1270 infamiae
1273 1231 1344 1270 aut
1376 1227 1560 1271 scandali
1596 1227 1780 1284 pericula

149 1298 227 1342 sibi
263 1298 369 1342 ultro
403 1298 613 1355 contingat
645 1297 714 1341 ubi
739 1311 817 1341 non
842 1303 960 1353 sunt,
995 1300 1077 1340 imo
1117 1298 1331 1355 intelligat,
1356 1311 1399 1342 se
1433 1300 1562 1342 teneri
1597 1301 1783 1355 graviter

152 1369 388 1412 huiusmodi
426 1368 624 1424 pericula,
648 1372 849 1426 quantum
884 1370 921 1411 in
955 1381 999 1411 se
1033 1370 1123 1421 erit,
1147 1373 1410 1412 antevertere
1451 1368 1513 1412 vel
1550 1382 1783 1423 removere,

149 1441 394 1495 opportunis
427 1437 624 1482 adhibitis
658 1438 846 1481 mediis...
882 1438 940 1481 lta
974 1440 1083 1481 enim
1119 1440 1251 1495 ipsum
1287 1441 1460 1482 teneri...
1496 1439 1783 1487 declaramus;

149 1514 192 1553 et
225 1522 333 1553 nunc
375 1522 540 1567 quoque
575 1511 649 1566 ipsi
686 1509 967 1553 faciendum...
1019 1512 1354 1566 praecipimus».
1391 1509 1566 1553 Demum
1601 1524 1650 1553 ex
1686 1524 1781 1554 con-

152 1584 265 1624 textu
300 1582 482 1634 canonis,
507 1582 602 1637 quia
627 1592 823 1636 expressa
847 1582 1000 1623 mentio
1026 1581 1068 1623 fit
1090 1580 1223 1623 solum
1247 1580 1297 1624 de
1336 1580 1559 1637 «periculo
1580 1583 1723 1625 mortis
1746 1599 1781 1637 ι»,

150 1653 204 1694 ita
240 1656 283 1694 ut
316 1651 517 1707 implicite
551 1655 708 1694 tantum
747 1653 943 1706 respiciat
976 1650 1256 1694 absolutiones
1289 1656 1405 1695 extra
1439 1654 1574 1708 ipsum
1600 1651 1651 1696 ob
1685 1664 1776 1709 par-

150 1721 320 1766 ticulam
375 1724 596 1777 «etiam»,
631 1721 815 1765 clausula
865 1724 1078 1778 excipiens
1114 1727 1272 1766 «extra
1306 1735 1447 1766 casum
1482 1725 1777 1766 necessitatis»

152 1792 325 1835 relativa
359 1805 406 1836 ac
442 1794 675 1835 restrictiva
709 1797 767 1835 est
795 1791 965 1835 alterius
989 1792 1199 1836 clausulae
1222 1792 1456 1849 explicitae,
1491 1806 1662 1849 nempe:
1703 1809 1721 1834 (ι
1743 1796 1780 1836 in

151 1862 336 1919 periculo
371 1865 515 1906 mortis
539 1878 577 1915 »ς
630 1863 885 1920 proindeque
939 1867 1035 1919 puto
1069 1863 1264 1907 excidere
1313 1863 1403 1907 illas
1435 1865 1650 1919 opiniones
1682 1877 1781 1921 quo-

150 1933 341 1976 rumdam
378 1935 678 1976 invenientium
714 1935 971 1976 necessitatis
1003 1946 1124 1977 casus
1157 1938 1273 1977 extra
1309 1936 1451 1977 mortis
1474 1933 1704 1990 periculum
1729 1935 1780 1978 ad

151 2006 470 2060 permittendam
498 2009 540 2047 ut
562 2003 718 2048 licitam
752 2003 968 2060 complicis
1001 2004 1302 2049 absolutionem
1337 2004 1482 2048 saltem
1518 2005 1779 2050 indirectam.

269 2074 390 2118 Salva
425 2088 525 2131 ergo
559 2074 768 2118 declarata
803 2077 1138 2131 exceptione,ait
1170 2088 1326 2119 canon:
1361 2081 1422 2118 est
1455 2090 1506 2119 eoe
1535 2080 1660 2133 parte
1689 2069 1784 2119 hon·

148 2144 339 2202 sessarii,
364 2146 473 2203 quod
499 2151 618 2189 caute
658 2146 898 2200 notandum,
932 2145 1089 2188 illicita
1122 2145 1326 2189 absolutio
1360 2146 1410 2189 de
1443 2149 1586 2203 quain
1611 2148 1782 2190 canonis

151 2217 278 2259 initio,
313 2216 379 2259 Sic
415 2216 682 2272 intelligenda
715 2217 841 2260 dictio
867 2221 988 2273 prout
1020 2228 1111 2259 eam
1146 2216 1376 2260 declaravit
1398 2216 1437 2260 S.
1465 2217 1781 2260 Poenitentiaria

151 2288 190 2328 in
225 2299 331 2342 resp.
357 2286 426 2329 ult.
453 2289 535 2341 cit.,
561 2286 629 2330 ubi
655 2299 908 2345 prosequens
932 2287 1106 2330 edocet:
1146 2286 1365 2331 «Tenetur
1389 2287 1657 2330 nihilominus
1689 2300 1781 2331 cou-

152 2358 348 2400 fessarius
382 2356 479 2414 (non
514 2357 725 2415 complex)
759 2358 978 2414 sacerdoti,
1014 2360 1085 2416 qui
1119 2357 1196 2402 hac
1230 2360 1389 2401 ratione
1421 2358 1565 2415 (supra
1598 2358 1706 2401 dicta
1742 2360 1780 2401 in

149 2430 359 2485 quaesito:
415 2429 516 2471 «An
567 2431 751 2472 incurrat
793 2442 991 2473 censuras
1039 2431 1078 2472 in
1128 2428 1392 2472 absolventes
1439 2428 1687 2485 complicem
1737 2430 1775 2471 in

152 2502 322 2554 peccato
369 2501 477 2555 turpi
514 2499 628 2554 latas,
677 2502 746 2557 qui
781 2499 1029 2557 complicem
1062 2499 1232 2556 quidem
1275 2498 1467 2554 absolvit,
1500 2499 1571 2542 sed
1606 2498 1777 2556 compli-

148 2582 258 2622 cem,
290 2571 357 2626 qui
393 2570 682 2626 complicitatis
715 2575 935 2627 peccatum
969 2572 1008 2614 in
1041 2571 1298 2614 confessione
1331 2583 1410 2613 non
1445 2569 1777 2626 declaravitY»)

148 2639 410 2696 complicem,
461 2645 712 2684 nontamen
747 2653 768 2684 a
805 2645 974 2697 peccato
1023 2640 1328 2696 complicitatis,
1378 2639 1571 2694 absolvit,
1621 2639 1778 2698 (valide

151 2709 337 2766 proinde,
384 2712 608 2767 suppositis
658 2710 809 2754 debitis
855 2710 1017 2754 actibus
1067 2710 1331 2768 poenitentis)
1381 2713 1492 2753 omni
1541 2710 1678 2754 studio
1725 2709 1778 2753 ob

145 2780 289 2823 oculos
339 2794 491 2837 ponere
523 2783 813 2824 enormitatem
861 2781 1001 2825 delicti
1033 2783 1109 2835 sui,
1143 2786 1183 2824 et
1225 2781 1546 2825 abominabilem
1600 2780 1774 2825 abusum

145 2851 402 2894 Sacramenti
440 2851 739 2906 Poenitentiae3
776 2865 850 2895 nec
883 2851 1003 2895 aliter
1035 2853 1070 2895 ei
1108 2851 1355 2895 beneficium
1394 2851 1664 2895 absolutionis
1699 2853 1773 2894 im·
