1971 3261
189 125 257 159 682
581 124 666 158 L113.
695 123 767 157 III.
796 143 809 148 -
837 123 946 157 PARS
972 123 1002 158 I.
1032 143 1045 148 -
1070 123 1128 158 De
1153 124 1418 160 Sam-amentis
1600 125 1693 162 ean.
1722 127 1814 163 1125

189 244 288 285 iuris
322 242 451 284 divini
476 243 664 284 exercuit
687 240 804 284 Rom.
832 240 1012 284 Pontifex
1039 243 1078 283 in
1102 239 1253 285 Codice
1280 255 1352 298 per
1373 256 1462 286 can.
1489 245 1615 287 1125.
1641 243 1706 287 Εα
1730 249 1814 288 tan-

186 317 272 355 tum
297 325 402 369 quae
426 311 742 354 matrimonium
764 311 998 369 respiciunt
1022 313 1059 354 in
1085 312 1328 355 infidelitate
1351 317 1626 370 contractum,
1644 314 1812 359 aliudve

187 388 273 438 post
307 384 622 425 conversionem
659 393 706 425 ac
741 381 992 437 baptismum
1028 384 1147 425 unius
1179 382 1325 426 saltem
1349 385 1537 439 coniugis
1570 385 1815 429 contrahen-

184 454 297 504 dum,
339 453 377 495 in
418 450 786 496 constitutionibus
829 451 870 509 a)
909 451 1032 495 Pauli
1063 451 1135 495 III
1169 452 1449 497 «Altitudo»
1493 457 1515 497 1
1549 453 1639 497 lan..
1675 457 1811 510 1537,

182 524 289 581 quod
325 523 495 566 affertur
527 523 662 580 quoad
698 535 787 566 eam
814 527 971 579 partem
996 523 1047 566 de
1073 525 1335 567 matrimonio
1361 529 1402 567 ut
1427 524 1728 569 Documentum
1759 525 1808 570 Vl

180 593 355 639 Codicis.
382 593 518 636 dehis
557 608 576 633 «
600 595 669 651 qui
704 598 798 636 ante
831 596 1148 636 conversionem
1186 594 1322 650 plures
1356 597 1469 637 iuxta
1501 608 1644 638 eorum
1668 609 1806 639 mores

184 663 389 708 habebant
424 677 573 706 uxores
594 679 631 719 ³),
667 662 709 720 b)
745 664 784 706 S.
813 662 877 706 Pit
914 663 946 705 V
977 680 995 704 «
1016 662 1196 707 Romani
1233 663 1483 721 Pontificis»
1510 667 1541 708 2
1561 665 1668 723 Any.
1693 668 1806 710 1571

185 735 308 779 relata
360 734 586 791 partialiter
632 733 709 778 sub
758 734 1016 777 Documento
1063 733 1142 786 Vll,
1188 735 1238 778 de
1277 737 1376 791 ipsis
1408 748 1455 779 ac
1489 741 1622 791 antea,
1661 752 1683 777 <c
1706 750 1809 794 quas

183 820 332 849 uxores
367 808 440 861 ipsi
474 808 596 848 etiam
633 805 855 848 levissimis
888 805 938 848 de
972 808 1107 849 causis
1142 806 1373 862 repudiant,
1419 806 1526 850 unde
1560 807 1712 850 tactum
1748 813 1809 851 est

181 877 290 935 quod
328 875 622 933 recipientibus
667 875 915 932 baptismum
963 878 1209 932 permissum
1253 879 1304 920 sit
1348 890 1591 933 permanere
1630 891 1725 921 cum
1760 891 1807 922 ea

184 962 323 991 uxore.
358 960 464 1004 quae
495 947 615 990 simul
656 960 750 990 cuin
778 949 925 990 marito
950 946 1151 1003 baptizata
1174 950 1313 991 existit
1337 964 1384 994 »2
1419 952 1455 1002 c)
1483 947 1682 1005 Greqort'i
1707 947 1814 992 XIII

186 1036 207 1061 c(
232 1018 403 1076 Populos
426 1034 465 1068 »,
498 1020 560 1061 :25
597 1016 683 1060 lan.
709 1019 842 1071 1585,
867 1023 906 1061 et
929 1031 1035 1075 quae
1058 1017 1137 1074 legi
1164 1023 1295 1074 potest
1318 1019 1395 1062 sub
1419 1018 1680 1062 Documento
1706 1018 1806 1075 viil,

177 1091 228 1134 de
253 1090 315 1133 his
339 1089 588 1143 infidelibus,
622 1102 726 1147 quos
748 1101 871 1145 saepe
904 1091 1106 1145 contingit
1143 1105 1165 1130 «
1190 1094 1278 1145 post
1311 1094 1523 1133 contracta
1558 1090 1700 1146 gentili
1728 1093 1806 1134 ritu

181 1163 498 1213 matrimonia...
533 1159 584 1203 ah
620 1160 805 1203 hostibus
836 1164 992 1216 captos,
1025 1172 1047 1203 a
1082 1162 1223 1216 patriis
1258 1160 1408 1204 linibus
1436 1152 1481 1204 'et
1517 1163 1693 1217 propriis
1716 1174 1810 1205 con—

181 1232 345 1289 iugibus
378 1235 415 1274 in
452 1233 748 1274 remotissimas
792 1232 983 1287 regiones
1030 1233 1315 1283 exterminari,
1364 1233 1469 1275 adeo
1516 1236 1559 1275 ut
1588 1237 1679 1275 —iam
1716 1234 1808 1288 ipsi,

179 1306 418 1361 captivique
451 1305 519 1360 qui
554 1304 593 1345 in
628 1304 759 1358 patria
793 1306 1021 1350 remanent,
1055 1305 1087 1345 si
1124 1307 1262 1358 postea
1306 1302 1356 1346 ad
1404 1303 1525 1346 tidem
1560 1307 1807 1346 convertan-

180 1380 258 1426 tur,
292 1376 489 1429 coniuges
524 1372 710 1416 infideles
745 1377 824 1415 tam
862 1372 982 1428 longo
1018 1372 1202 1416 locorum
1239 1373 1457 1416 intervallo
1491 1373 1731 1429 disiunctos,
1756 1386 1805 1417 an

178 1448 266 1489 sine
300 1444 549 1488 contumelia
582 1442 789 1488 Creatoris
819 1457 959 1487 secum
995 1443 1234 1487 cohabitare
1272 1443 1412 1495 velint,
1446 1449 1487 1487 ut
1522 1457 1595 1500 par
1627 1449 1702 1496 est,
1727 1458 1809 1488 mo-

179 1529 277 1560 nere
311 1519 531 1573 nequeant,
568 1513 630 1558 vel
664 1517 759 1572 quia
794 1514 1001 1557 Interdum
1036 1515 1086 1557 ad
1122 1514 1291 1558 hostiles
1324 1519 1361 1558 et
1397 1514 1595 1558 barbaras
1639 1517 1805 1572 provin-

179 1589 263 1630 cias
299 1600 374 1629 nec
409 1587 561 1628 nuntiis
594 1585 763 1643 quidem
798 1597 990 1628 accessus
1025 1590 1174 1641 pateat,
1212 1585 1274 1628 vel
1308 1587 1405 1642 quia
1426 1587 1615 1642 ignorent
1641 1599 1808 1642 prorsus

180 1661 217 1701 in
251 1671 353 1715 quas
387 1658 577 1713 regiones
610 1658 761 1699 tuerint
794 1658 1034 1710 transvecti,
1072 1656 1133 1699 vel
1169 1659 1264 1714 quia
1302 1658 1459 1699 itineris
1480 1655 1696 1712 longitudo
1721 1669 1805 1700 ma-

177 1742 298 1786 gnam
330 1729 473 1771 afferat.
505 1727 790 1771 difficultatem
811 1743 850 1776 ³),
884 1741 1072 1785 quaeque
1104 1732 1333 1770 memorata
1356 1740 1405 1770 ex
1429 1727 1804 1780 constitutionibus,

175 1814 252 1858 pro
274 1798 562 1858 peculiaribus
586 1798 688 1842 [θεῖε
710 1798 871 1855 scripta
895 1804 1005 1847 sunt,
1031 1811 1203 1855 nempe:
1240 1798 1305 1841 illa
1331 1797 1408 1842 sub
1441 1799 1483 1854 a)
1520 1814 1539 1839 ((
1565 1812 1636 1855 pro
1661 1798 1807 1842 incolis

175 1871 443 1916 occidentalis
476 1875 515 1913 et
549 1870 832 1914 meridionalis
868 1870 1006 1913 lndiae
1028 1886 1067 1923 »,
1104 1872 1180 1913 ista
1211 1869 1289 1913 sub
1321 1868 1360 1926 b)
1403 1885 1422 1910 ε(
1446 1883 1519 1926 pro
1552 1869 1707 1913 salubri
1742 1869 1804 1913 In-

175 1943 321 1986 dorum
358 1943 522 1985 uoviter
554 1954 854 1984 conversorum
889 1941 1180 1994 directione»,
1213 1945 1253 1983 et
1286 1940 1387 1983 haec
1419 1939 1495 1983 sub
1528 1940 1565 1997 c)
1604 1956 1624 1980 (1
1645 1954 1716 1996 pro
1738 1953 1806 1984 ex-

175 2014 405 2056 terminatis
424 2025 471 2054 ex
495 2010 670 2067 Angola,
691 2011 927 2067 Aethiopia,
949 2011 1135 2065 Brasilia‚
1160 2017 1197 2054 et
1223 2010 1313 2054 aliis
1338 2010 1488 2054 indicis
1509 2009 1748 2067 regionibus
1766 2026 1807 2065 J),

175 2082 231 2126 ad
263 2082 374 2125 alias
408 2095 567 2139 quoque
598 2082 791 2139 reyiones
834 2081 1040 2139 quaslibet
1073 2084 1111 2124 in
1147 2081 1315 2137 mundo,
1359 2081 1509 2130 sedin
1540 2080 1695 2124 eisdem.
1728 2079 1801 2123 ad·

174 2153 330 2196 iteneris
367 2166 473 2196 nunc
506 2153 745 2209 singillatim
781 2153 1040 2210 exponendis
1073 2152 1374 2195 emendantur.
1404 2156 1408 2159 “

175 2310 264 2343 1121
292 2318 474 2342 concessa
499 2319 567 2352 per
592 2313 801 2353 utramque
827 2308 1053 2342 Formulam
1079 2308 1240 2341 tertiam
1284 2322 1298 2337 α
1316 2306 1568 2352 dispensandi
1596 2317 1684 2340 cum
1711 2317 1803 2350 gen-

170 2356 311 2391 tilibus
337 2363 375 2389 et
402 2354 631 2389 infidelibus
659 2356 752 2400 (non
779 2355 836 2389 sic
862 2367 951 2389 cum
989 2354 1199 2389 haereticis
1238 2360 1308 2388 aut
1342 2354 1620 2396 schismaticis,
1656 2352 1804 2398 forsan)

166 2406 302 2449 plures
329 2412 470 2436 umores
497 2401 754 2447 habentibus,
782 2403 911 2446 (iuxta
938 2402 1116 2447 regulam
1151 2402 1249 2436 iuris
1284 2402 1331 2435 40
1357 2403 1396 2436 in
1425 2402 1482 2435 60:
1518 2416 1531 2431 ‹
1551 2400 1724 2434 Pluralis
1750 2400 1803 2434 lo-

171 2452 280 2486 cutio
307 2449 472 2483 duorum
498 2450 639 2483 saltem
664 2462 829 2484 numero
865 2455 925 2484 est
967 2453 1155 2484 contenta
1172 2451 1220 2493 )),
1246 2454 1292 2483 ut
1317 2454 1356 2491 α)
1383 2455 1472 2494 post
1502 2448 1803 2482 conversionem

169 2500 275 2543 (viri)
302 2503 342 2532 et
368 2498 397 2539 b}
431 2496 682 2539 baptismum.
711 2509 827 2542 quam
853 2509 901 2531 ex
928 2497 1009 2531 illis
1033 2496 1241 2531 (uxoribus
1267 2500 1363 2530 tunc
1389 2496 1556 2541 habitis)
1571 2495 1800 2539 maluerint,

170 2545 364 2591 (quamvis
389 2544 533 2577 ultimo
558 2551 770 2588 acceptam,
800 2545 871 2578 sub
898 2544 1142 2589 conditione)
1170 2544 1203 2578 si
1229 2544 1350 2578 etiam
1377 2544 1460 2588 ipsa
1486 2542 1612 2576 fidelis
1631 2545 1701 2576 fiat
1721 2546 1804 2587 (per

170 2592 464 2628 conversionem
492 2595 531 2624 et
557 2591 810 2636 baptismum)
848 2592 1020 2626 retinere
1058 2591 1212 2637 possint
1250 2594 1310 2636 (ut
1347 2601 1523 2630 uxorem,
1552 2601 1640 2623 cum
1667 2590 1802 2623 eadem

170 2640 462 2681 contrahentes)
489 2638 567 2671 nisi
593 2640 717 2683 prima
744 2639 882 2681 tides&
908 2650 1000 2673 vera
1025 2639 1067 2672 in
1096 2638 1336 2673 infidelitate
1374 2639 1486 2682 uxor)
1516 2637 1685 2672 voluerit
1711 2648 1800 2670 con-

171 2688 324 2722 verti».
367 2685 480 2721 Unde
521 2685 688 2730 ipsamet
727 2686 981 2731 interpellata
1019 2685 1263 2720 solummodo
1308 2701 1322 2715 ι
1344 2686 1376 2719 1Ο
1402 2686 1465 2719 An
1500 2684 1601 2719 velit
1639 2690 1679 2718 et
1714 2684 1799 2728 ipsa

170 2734 348 2770 converti
374 2745 417 2767 ac
443 2733 682 2775 baptismum
709 2734 905 2778 suscipere
926 2749 939 2763 ι
971 2733 1019 2767 ad
1045 2745 1220 2767 normam
1256 2744 1340 2767 can.
1372 2733 1460 2766 1121
1490 2736 1530 2766 et
1557 2742 1650 2776 seqq
1670 2738 1681 2753 S
1708 2742 1798 2765 cum

170 2782 466 2825 dispensatione
506 2780 699 2825 implicita
737 2781 1064 2826 interrogationis
1098 2781 1170 2815 sub
1197 2792 1235 2814 n.
1265 2781 1302 2813 20
1328 2779 1503 2813 eiusdem
1542 2779 1609 2812 cit.
1639 2789 1723 2812 can.
1754 2798 1797 2803 -

169 2830 221 2864 Et
248 2829 343 2863 haec
368 2828 537 2863 facultas
565 2827 812 2873 subdelegari
840 2833 972 2872 potest
1010 2828 1057 2862 ob
1095 2828 1344 2868 asteriscum,
1383 2838 1459 2872 quo
1485 2826 1644 2860 munita
1668 2829 1729 2859 est
1756 2825 1798 2858 in

169 2884 334 2921 utraque
360 2876 547 2910 Formula
572 2874 758 2920 praefata.
