1971 3261
124 131 215 171 Can.
243 136 311 171 877
652 137 736 171 Trr.
766 138 829 172 IV.
858 159 870 163 -
897 139 953 173 De
980 141 1221 175 I'oenitenti'cz
1684 146 1752 178 ‘225

125 258 168 298 ut
187 254 240 298 ibi
265 254 505 307 dicebatur3
532 255 634 299 baec
660 261 795 299 tamen
824 258 1021 313 implicite
1048 262 1272 317 requiritur
1297 263 1333 303 in
1359 267 1462 304 can⁸.
1484 266 1751 319 praescripto,

121 338 219 368 cum
251 328 438 382 sequenti
474 329 720 382 exceptione
745 327 853 371 illius
877 332 1080 373 examinis
1107 330 1309 374 subeundi
1347 337 1555 389 tamqnam
1581 334 1748 376 eraten-

123 399 184 439 ter
217 396 393 440 inutilis:
420 395 504 438 nisi
537 402 693 454 ayalm·
725 397 776 439 de
798 399 1015 441 sacerdote
1053 401 1170 443 ruins
1195 400 1466 458 Ilieoloqieam
1501 402 1751 457 Avaritiam,

123 479 202 510 non
239 480 399 511 merum
433 467 720 511 academicum
773 469 949 514 titulum,
999 471 1185 525 aliunde,
1218 473 1385 515 forsitan
1420 487 1469 516 ex
1520 474 1586 516 illo
1621 475 1749 521 titulo,

119 538 190 582 sed
225 538 588 596 qualitercumque
622 544 739 582 extra
773 552 947 583 examen
975 543 1230 597 praedictum
1267 550 1516 600 compertam
1558 545 1749 599 habeant,

118 608 301 653 scilicet:
336 609 388 652 de
421 609 489 652 tali
525 609 712 652 doctrina
749 611 959 653 moraliter
992 615 1092 655 certi
1127 615 1218 657 sint.
1255 614 1370 658 Unde
1408 618 1595 673 sequitur
1618 616 1750 673 qualis

119 679 270 724 debeat
302 694 392 724 esse
427 683 599 724 materia
633 684 838 724 examinis
873 686 1113 739 praescripti
1147 685 1196 726 ad
1234 685 1336 728 lianc
1363 686 1558 729 moralem
1584 691 1749 730 certitu-

118 751 258 794 dinem
293 751 630 809 consequendam
680 752 882 796 ordinati:
920 753 1150 810 theologica
1200 768 1347 811 nempe
1379 756 1579 801 doctrina.
1616 761 1747 814 pronti

119 835 228 866 nunc
263 824 301 865 in
338 821 600 866 manualibus
634 822 860 866 moralibus
893 824 994 867 solet
1029 827 1241 868 continere
1277 828 1403 882 ipsius
1443 833 1597 883 partem
1634 841 1748 884 prae-

116 894 239 949 cipue
273 891 472 936 moralem
507 905 555 936 ac
605 895 666 936 ius
715 896 963 937 canonicum
1013 895 1063 937 tle
1106 895 1428 952 obligatimiibus
1470 903 1663 951 statuum,
1698 900 1748 941 de

119 964 396 1017 matrimonio,
429 963 480 1007 de
513 966 714 1018 censuris,
750 968 826 1009 etc.
861 964 1031 1009 Ceterae
1064 965 1180 1009 dotes
1213 970 1469 1010 necessariae
1506 971 1541 1010 in
1591 970 1748 1011 confes-

114 1036 225 1077 sario
258 1037 531 1091 opportunius
564 1034 684 1078 aliter
716 1047 840 1093 qnam
878 1049 949 1091 per
996 1049 1170 1080 examen
1207 1039 1371 1093 proprie
1409 1044 1597 1081 vocatum
1637 1054 1748 1082 com·

118 1106 243 1161 periti
277 1110 446 1163 queunt.

234 1175 334 1220 Cum
377 1189 426 1219 ex
459 1189 538 1219 una
564 1181 679 1233 parte
703 1177 884 1220 sufficiat
908 1178 1191 1222 iurisdictione
1215 1179 1454 1223 donandum
1482 1194 1552 1236 per
1574 1194 1746 1224 examen

117 1247 311 1291 idoneum
348 1250 538 1304 reperiri,
570 1260 618 1292 ac
666 1261 717 1291 ex
766 1247 894 1292 altera
944 1261 1066 1305 saepe
1099 1249 1330 1293 humanum
1365 1257 1488 1307 queat
1525 1252 1606 1294 falli
1648 1253 1748 1295 iudi-

113 1320 242 1372 cium,
291 1321 548 1377 scientiaque
597 1318 829 1376 theologica
880 1319 1006 1363 semel
1041 1321 1189 1377 adepta
1236 1322 1526 1377 progrediente
1565 1328 1748 1379 tempore

113 1391 246 1432 amitti
282 1392 431 1446 possit;
466 1389 729 1434 subnectitur
761 1396 1067 1449 consequenter
1097 1391 1125 1449 ξ
1160 1392 1196 1434 2.
1231 1392 1277 1435 Si
1307 1398 1401 1449 pos!
1425 1407 1655 1436 concessant
1693 1394 1750 1435 in-

112 1459 405 1505 risdielionern
437 1461 489 1505 ab
513 1459 737 1506 Ordinario
764 1462 840 1506 loci
880 1462 941 1506 vel
977 1463 1199 1520 Superiore
1235 1463 1414 1519 regulari
1440 1469 1642 1521 utsupra,
1676 1472 1748 1508 aa!

111 1531 163 1575 ab
197 1533 285 1589 ipso
318 1531 548 1588 licentiam,
566 1532 804 1591 prudenter
836 1532 1026 1576 dubitent
1050 1533 1101 1577 ob
1134 1546 1286 1591 graves
1321 1537 1498 1578 rationes
1523 1536 1749 1592 praedicto·

114 1615 204 1645 rum
239 1603 390 1660 singuli
424 1618 523 1647 num
568 1603 771 1662 probatus
805 1620 828 1647 a
863 1619 906 1647 se
938 1610 1063 1648 aittea
1112 1605 1311 1648 sacerdos
1355 1619 1426 1662 per
1473 1620 1644 1650 examen
1680 1613 1745 1650 aut

111 1673 269 1732 absque
303 1688 350 1718 eo
385 1677 498 1718 iuxta
532 1675 736 1733 explicata
763 1678 800 1719 in
824 1676 871 1734 ξ’)
900 1676 957 1730 1⁰,
978 1682 1130 1734 perqat
1154 1675 1294 1719 adhue
1316 1676 1491 1719 idoneas
1529 1691 1629 1727 esse,
1653 1680 1745 1735 quia

114 1743 349 1790 huiusmodi
385 1745 557 1790 dubium
590 1760 639 1790 ex
675 1746 814 1790 debito
851 1760 947 1803 erga
982 1746 1245 1790 subditorum
1296 1750 1455 1791 animas
1494 1750 1590 1803 ipsis
1623 1746 1744 1792 Ordi-

111 1818 239 1860 nariis
271 1819 515 1861 commissas
548 1817 839 1874 deponendum
876 1823 948 1873 est,
986 1817 1230 1874 praescribit
1265 1831 1395 1862 canon
1430 1832 1519 1861 enne
1570 1832 1744 1874 nempe:

110 1887 369 1931 sacerdotem
406 1889 634 1944 praefatum
670 1888 727 1932 ad
758 1902 909 1932 novum
943 1889 1162 1931 doctrinae
1189 1888 1426 1946 pericnlum
1464 1890 1646 1932 fortassis
1671 1891 1747 1945 pri-

112 1971 224 2000 mum
259 1971 309 2002 ex
341 1958 463 2002 dictis
495 1971 620 2015 supra
655 1959 770 2016 (quia
819 1959 870 2003 de
904 1959 994 2003 aliis
1027 1958 1193 2002 dotibus
1227 1972 1299 2015 per
1334 1961 1651 2002 convenientem
1687 1961 1744 2001 in-

109 2031 372 2086 quisitionem
408 2030 671 2086 procuranda
704 2035 765 2074 est
800 2031 981 2087 prudens
1014 2030 1239 2086 certitudo)
1274 2029 1465 2087 cnliyant,
1508 2030 1616 2086 quod
1657 2043 1743 2073 rer·

110 2099 207 2143 bum
256 2102 379 2144 etiam
429 2103 656 2144 coercitiva
692 2101 828 2145 media
863 2114 979 2157 posse
1027 2099 1216 2144 adhiberi
1250 2101 1471 2156 signifieat.
1521 2100 1604 2143 lmo
1647 2113 1738 2143 eum

111 2173 266 2215 motiva
300 2170 422 2215 buius
454 2173 552 2215 novi
587 2172 762 2228 periculi
796 2174 967 2215 evenire
1003 2173 1156 2228 possint
1189 2173 1299 2214 circa
1337 2171 1438 2225 illos,
1473 2174 1542 2228 qui
1588 2173 1743 2214 ratione

107 2241 231 2286 officii
266 2242 450 2299 gaudent
484 2243 770 2287 iurisdictione
805 2245 879 2286 tori
914 2244 1061 2286 interni
1101 2241 1434 2294 sacramentalis,
1467 2242 1580 2285 addit
1614 2254 1742 2285 canon

108 2311 289 2368 idipsum
322 2326 410 2356 esse
444 2313 715 2368 servandum,
749 2313 829 2356 etsi
861 2318 1018 2370 aqatar
1049 2311 1099 2355 de
1127 2311 1329 2370 parocho,
1352 2314 1458 2355 sicut
1501 2311 1666 2368 vigebat
1702 2313 1738 2353 in

109 2382 373 2439 praecedenti
408 2386 496 2427 iure
529 2384 760 2428 secundum
797 2384 892 2428 Dec.
928 2385 965 2428 S.
1000 2383 1145 2427 (1.0.1
1183 2383 1292 2439 apud
1330 2383 1479 2426 Bened.
1506 2381 1596 2426 xlv
1621 2381 1649 2433 ²,
1670 2388 1744 2424 aa!

106 2453 307 2497 canonico
338 2454 685 2514 poenitentiario,
719 2455 828 2513 quod
857 2455 1046 2498 ultimum
1071 2458 1131 2496 est
1155 2466 1310 2496 novum
1337 2455 1375 2496 in
1413 2456 1516 2506 iure,
1552 2454 1744 2510 quamvis

108 2527 191 2566 tam
226 2522 293 2567 hic
315 2536 439 2581 quam
466 2525 533 2568 ille
557 2539 636 2568 non
670 2524 945 2569 subiiciantur
969 2524 1091 2567 huius
1114 2525 1283 2567 canonis
1309 2525 1441 2579 primo
1470 2522 1741 2579 paragrapho,

107 2593 435 2639 iurisdictionem
469 2596 722 2639 ordinariam
758 2595 992 2639 obtinentes
1024 2595 1073 2637 ad
1111 2607 1299 2637 normam
1324 2606 1412 2637 can.
1454 2594 1551 2637 873.

226 2664 324 2708 201.
361 2668 763 2724 Circumscriptio
797 2667 1148 2712 iurisdictionis
1171 2669 1257 2711 aut
1279 2667 1515 2711 licentiae
1544 2666 1742 2710 audien-

105 2737 281 2781 darum
316 2738 698 2784 confessionum.
723 2763 775 2768 —
817 2736 939 2780 Dotes
975 2737 1186 2787 scientiae,
1222 2736 1464 2792 prudentiae
1497 2747 1544 2778 ac
1581 2736 1743 2777 virtutis

226 2889 237 2910 ¹
267 2889 310 2922 15
337 2888 422 2924 Ian.
447 2889 552 2924 1667.
582 2889 596 2911 2
622 2889 722 2925 Inst.
748 2888 972 2928 LXXXVI,
1002 2899 1039 2921 n.
1073 2887 1125 2920 10.

195 2965 291 2993 BLAT
313 2981 332 2988 -
358 2965 482 2997 Comm.
512 2967 598 2996 Text.
625 2966 701 2996 Coti.
726 2966 799 2994 [τιν.
826 2966 907 2994 Can.
1624 2963 1660 2991 15
