1971 3261
113 124 207 160 Can.
237 122 304 157 :42
670 120 756 154 Trr.
786 120 816 153 I.
846 140 857 145 -
888 120 945 154 De
980 121 1187 164 Baptismo
1705 122 1751 155 :3¹1

117 256 196 287 uon
232 244 457 298 exiguntur
490 240 540 283 ad
576 240 749 283 sormam
785 239 1004 283 iuridicam
1029 244 1160 288 actus,
1184 238 1254 281 sed
1280 237 1426 296 quibus
1453 239 1652 296 [mpli'suei
1676 240 1753 283 eol-

121 314 226 357 lalio
256 311 434 371 probari
464 311 600 369 possi!
633 311 768 368 quoad
805 312 957 354 factum
993 315 1029 353 et
1065 310 1267 353 elementa
1306 309 1529 353 validitatis
1563 313 1663 354 eius.

235 384 340 439 Quia
378 396 476 426 vero
512 384 550 425 in
584 382 708 425 domo
732 381 804 425 Dei
829 383 966 424 omnia
1000 381 1307 424 ordinatissima
1341 394 1430 424 esse
1463 386 1637 437 oportet,
1657 382 1753 426 sub—

121 459 350 512 iunguntur
382 454 464 498 duo
496 454 566 512 ἐξ
600 466 772 510 nempe:
806 452 833 510 ξ
868 452 906 497 Ξ.
941 452 987 495 Si
1021 458 1156 494 lavizon
1193 451 1305 494 adsit
1337 451 1668 510 suem-‹los,q1na
1703 467 1750 496 ex

118 528 254 571 officio
286 528 348 570 sui
383 526 542 569 ordinis
564 526 765 580 competit
786 527 820 567 ei
848 523 1055 580 baptizare
1088 523 1358 577 sollemniter,
1382 523 1560 567 diacono
1591 525 1756 582 pruefe-

114 604 252 649 ναίειν,
287 600 352 641 cui
388 601 546 640 tantum
581 595 909 639 ministerialiter
952 597 1148 651 competit
1184 594 1299 649 illud,
1333 599 1370 638 et
1405 600 1574 652 propter
1618 601 1753 639 extra-

115 670 372 714 ordinarium
421 669 695 711 ministerium
735 666 940 710 diaconus
973 665 1251 713 subdiacono:
1283 679 1376 710 cum
1429 669 1534 710 inter
1581 667 1756 711 clericos

119 745 257 785 autem
294 741 335 783 in
370 739 448 783 hac
483 751 526 782 re
559 737 671 782 nulla
705 740 756 782 sit
789 740 892 781 ratio
927 738 1258 794 praecedentiae,
1291 738 1362 781 sed
1398 751 1541 782 omnes
1576 738 1613 781 tii
1655 754 1674 779 «
1698 739 1756 781 di-

124 814 229 855 vinis
262 812 503 855 ministeriis
538 811 760 866 mancipati
795 814 888 853 sunt
913 825 933 850 ))
971 809 1081 866 (can.
1116 809 1215 864 108,
1246 808 1274 867 ξ
1308 808 1364 866 1),
1398 809 1552 853 dicitur
1595 811 1754 866 praefe-

121 883 275 927 rendus
307 882 487 926 clericus
520 880 630 925 laico
664 886 701 923 et
738 880 801 923 vir
833 893 963 937 capax
998 880 1189 924 ordinum
1222 880 1422 937 s'eminae,
1455 894 1547 924 cum
1593 881 1755 925 duabus

120 953 459 1012 exceptionibus:
494 952 580 995 m'si
603 952 644 1009 a)
665 951 846 1010 pudoris
877 952 1022 1009 qratia
1055 951 1197 995 deceat
1230 951 1430 1009 seminam
1464 952 1606 1009 potius
1631 966 1754 1009 qmtm

120 1026 257 1069 virum
306 1024 522 1082 baptizare
557 1037 594 1065 v.
629 1037 690 1080 gr.
726 1028 847 1079 prout
894 1023 1007 1067 addit
1054 1022 1133 1066 Rit.
1169 1022 1286 1067 Rom.
1308 1023 1345 1066 1:
1385 1024 1627 1066 «infantem
1674 1038 1752 1066 uon

122 1098 290 1139 omnino
324 1096 544 1148 editum»,
580 1099 619 1138 et
653 1096 690 1137 in
726 1093 803 1138 hoc
840 1094 902 1137 vel
936 1094 1059 1137 simili
1093 1106 1190 1137 casu
1226 1095 1497 1150 praeferenda
1532 1099 1637 1137 esset
1669 1097 1755 1152 qui-

122 1167 215 1211 dem
253 1169 326 1223 ipsi
361 1166 573 1210 Sacerdoti
609 1164 661 1209 oh
694 1177 845 1209 causae
879 1164 1183 1217 rationemve!
1216 1164 1258 1221 b)
1284 1165 1368 1207 nisi
1399 1165 1558 1222 sentim
1584 1166 1754 1238 pererit

119 1237 269 1280 <melius
300 1236 481 1294 sormam
517 1242 555 1278 el
588 1235 753 1279 modum
789 1235 1045 1294 baptizandi,
1078 1236 1189 1293 quod
1224 1236 1448 1293 nequidem
1486 1239 1591 1280 inter
1631 1237 1755 1281 laicos

119 1307 344 1352 catholicos
392 1306 564 1350 deberet
612 1307 816 1350 accidere.
850 1332 907 1337 —
945 1304 1237 1363 Opportunum
1292 1308 1457 1351 ridetur
1508 1310 1751 1364 rescriptum

119 1381 157 1422 5.
192 1378 233 1422 (1.
269 1378 308 1422 S.
343 1375 517 1422 Oflicii²
550 1377 599 1421 ad
634 1380 889 1434 quaesitum:
927 1394 949 1419 <c
971 1378 1021 1421 Se
1055 1383 1216 1421 assente
1252 1378 1275 1421 il
1312 1391 1501 1435 pai-roco,
1536 1391 1709 1435 possano
1745 1382 1753 1421 i

120 1451 280 1493 monaci
330 1450 554 1492 scismatici
606 1447 832 1492 battezzare
867 1451 875 1491 i
911 1449 995 1505 tigli
1031 1449 1095 1492 dei
1140 1449 1335 1493 cattolici.
1371 1475 1423 1480 --
1459 1449 1504 1493 R.
1540 1449 1627 1492 Non
1664 1464 1756 1506 per-

118 1523 249 1564 mittat
274 1518 539 1578 (Episcopus)
560 1519 838 1564 schismaticis
870 1520 1164 1564 administrare
1186 1520 1501 1564 Sacramentum
1529 1521 1752 1578 baptisma-

118 1594 167 1635 tis
200 1594 275 1635 nisi
312 1594 349 1634 in
385 1604 482 1636 casu
518 1593 789 1646 necessitatis,
822 1595 861 1634 et
894 1591 1115 1635 deficiente
1149 1591 1227 1635 alia
1271 1604 1537 1649 quacumque
1579 1606 1751 1649 persona

117 1663 318 1707 catholica
347 1679 384 1707 )).
411 1662 520 1706 ldem
546 1661 623 1706 sub
646 1662 912 1706 distinctione
944 1663 1254 1706 extendendum
1290 1668 1348 1706 est
1384 1668 1469 1707 tum
1505 1664 1555 1707 ad
1591 1677 1756 1708 excom—

116 1737 348 1778 municatos
374 1736 411 1776 vi
437 1746 527 1778 can.
554 1734 682 1788 2261,
706 1739 792 1777 tum
818 1733 866 1778 ad
893 1734 1135 1778 interdictos
1160 1734 1432 1791 personaliter
1455 1748 1502 1778 ex
1530 1747 1619 1779 cau.
1642 1735 1753 1778 2275

116 1819 154 1850 n.
176 1804 233 1859 2⁰,
269 1810 307 1848 et
341 1804 529 1849 absolute
562 1805 611 1849 ad
647 1804 901 1849 acatholicos
934 1807 1142 1849 ministros
1175 1806 1284 1864 quod
1320 1808 1466 1850 attinet
1489 1807 1538 1850 ad
1564 1819 1752 1850 normam

117 1889 209 1922 can.
244 1876 370 1928 2319,
404 1876 432 1935 ξ
466 1876 503 1931 1,
540 1875 598 1931 3⁰,
622 1882 746 1934 atque
779 1876 829 1920 ad
864 1876 1097 1921 haereticos
1129 1882 1168 1920 et.
1202 1890 1280 1920 non
1318 1876 1543 1934 baptizatos
1576 1891 1624 1921 ex
1657 1891 1753 1921 ana-

120 1947 227 2004 logia
260 1948 310 1991 ad
345 1960 434 1992 can.
469 1948 569 1993 765.

231 2018 259 2076 ξ
293 2018 330 2061 3.
368 2017 487 2062 Patri
535 2025 609 2062 aut
656 2019 786 2062 matri
833 2033 953 2062 suam
998 2018 1158 2077 prolem
1201 2021 1260 2063 sic
1302 2019 1630 2076 intelligendam,
1663 2023 1753 2063 sive

114 2102 237 2147 quam
281 2091 505 2147 peccando,
539 2093 629 2135 sive
676 2103 799 2149 quam
850 2091 960 2135 licite
1009 2095 1257 2147 genuerunt,
1292 2090 1509 2146 baptizare
1542 2105 1621 2134 non
1657 2091 1752 2134 lieet

113 2173 379 2219 quacumque
430 2164 466 2205 iu
520 2164 780 2217 necessitate,
821 2168 1124 2221 praeterquam
1170 2163 1209 2213 a>
1258 2162 1302 2205 in
1350 2163 1500 2206 mortis
1545 2163 1750 2221 periculo,

117 2231 160 2289 b)
195 2232 362 2290 quando
396 2233 509 2276 alius
539 2240 712 2292 praesto
746 2247 827 2277 non
860 2239 932 2282 est,
973 2233 1044 2291 qui
1077 2233 1380 2292 baptize!,sive
1404 2236 1527 2278 etiam
1553 2236 1648 2292 quia
1685 2234 1752 2278 ille

116 2303 222 2347 alius
256 2317 334 2347 non
372 2304 472 2355 vult,
496 2305 559 2348 vel
583 2308 679 2362 quia
714 2307 855 2363 nequit
890 2308 977 2348 iure
1014 2304 1262 2361 baptismum
1287 2305 1368 2349 tale
1392 2307 1601 2362 privatum
1637 2305 1750 2358 dare,

117 2388 156 2419 v.
180 2388 241 2431 gr.
267 2378 655 2420 excommunicatus
681 2377 874 2420 vitandus
907 2389 1066 2420 necnon
1089 2376 1195 2420 alius
1217 2379 1619 2429 excommunicatus,
1646 2382 1751 2432 post-

117 2458 240 2503 quam
278 2448 510 2490 intercessit
542 2450 744 2491 sententia
784 2448 1123 2492 condemnatoria
1157 2461 1229 2491 seu
1262 2448 1536 2492 declaratoria
1573 2448 1750 2505 (canone

113 2516 240 2572 2261,
273 2517 301 2576 ξ
334 2517 378 2575 3)
398 2517 425 2563 ³.

182 2647 253 2728 5312
270 2646 350 2681 Tit.
379 2647 423 2689 V,
451 2659 481 2682 c.
513 2649 546 2689 l,
575 2660 615 2682 n.
644 2648 702 2683 33.
733 2668 776 2675 —
804 2650 816 2671 ²
842 2649 889 2682 20
915 2649 1018 2694 Aug.
1049 2649 1160 2693 16713
1190 2649 1288 2684 Coll.
1311 2649 1349 2683 S.
1372 2650 1410 2684 O.
1432 2649 1478 2683 de
1506 2648 1751 2693 Prop.,.l<¹ide,

112 2704 152 2727 n·
230 2720 367 2776 3⁰Can.
397 2741 504 2784 2261,
534 2745 549 2786 ᾇ
576 2743 611 2777 3.
642 2742 716 2778 Sed
743 2743 790 2778 ab
818 2743 1173 2778 excommunicatis
1199 2743 1376 2778 vitandis
1406 2755 1560 2778 necnon
1588 2743 1635 2779 ab
1661 2743 1751 2778 aliis

110 2790 481 2830 excommunicatis,
509 2794 721 2836 postquam
747 2791 977 2826 intercessit
1010 2791 1213 2825 sententia
1244 2791 1568 2826 condemnatoria
1593 2793 1663 2825 aut
1690 2790 1750 2825 de-

113 2835 336 2890 claratonia,
366 2836 502 2872 fideles
528 2837 570 2872 in
597 2838 679 2872 solo
705 2839 846 2873 mortis
873 2838 1047 2884 periculo
1074 2844 1241 2883 possunt
1265 2843 1445 2883 petere...
1467 2839 1499 2873 si
1522 2838 1593 2873 alii
1620 2838 1751 2872 desint

112 2888 291 2917 ministri
317 2889 447 2919 cetera.
473 2890 763 2921 sacramenta...
