1971 3261
160 150 251 185 Can.
283 149 351 184 754
729 147 813 180 Tl'r.
843 146 872 181 Ι.
902 167 913 171 -
938 146 994 180 De
1025 147 1227 191 Baptz‘smo
1751 148 1796 181 47

281 267 405 311 Extra
440 266 675 324 praedictos
708 278 828 310 casus
862 279 939 308 non
977 264 1249 321 baptizentur,
1284 268 1378 322 quia
1414 265 1466 308 ob
1500 266 1706 309 desertum
1737 268 1793 308 in-

164 342 356 384 tentionis
390 337 547 381 nullum
583 342 690 381 esset
724 336 925 393 baptisma
961 350 1009 379 ex
1046 336 1167 380 ‹lieus
1198 336 1247 379 ad
1283 349 1374 379 can.
1409 336 1506 379 7352.

281 410 420 454 Restat
453 408 719 452 considerare
754 407 843 450 illos
876 409 944 464 qui
982 420 1059 449 non
1095 406 1373 461 liabitnaliter,
1409 407 1479 450 sed
1520 421 1567 449 ex
1609 407 1794 449 acciden-

163 482 230 526 tali
268 480 508 524 infirmitate
541 484 633 523 actu
678 478 960 522 destituuntur
994 479 1163 520 rationis
1198 491 1287 533 usu,
1320 478 1371 521 de
1403 477 1555 535 quibus
1594 483 1653 520 est
1690 479 1718 531 ξ
1757 478 1794 521 si.

165 552 248 606 Qm'
282 550 491 607 terimi-90,
526 563 607 607 quo
641 551 679 592 in
705 548 895 592 sensibus
920 551 1092 591 internis
1114 551 1347 604 sopiuntur,
1372 554 1444 591 unt
1465 547 1680 606 plrremwi,
1700 562 1797 606 qua-

162 624 261 668 libet
295 623 373 666 alia
410 623 558 665 mentis
590 620 851 671 alienatione,
885 619 1051 663 laboral
1084 625 1177 663 actu
1213 622 1456 674 transeunti,
1493 620 1674 676 rissiluns
1709 625 1796 663 {nn-

163 701 249 737 tecm
284 698 372 751 post
406 692 497 735 illos
528 704 724 735 excessus
757 696 794 733 et
831 690 969 734 rolens
1001 690 1269 748 baple'zetm·,·
1302 696 1344 733 a!
1369 691 1406 733 si
1426 691 1664 749 pericnlum
1691 705 1795 733 mor-

163 766 216 808 tis
253 763 503 822 impendeat,
538 768 634 806 tunc
673 762 796 805 veluti
833 761 1099 806 liabitnaliter
1134 775 1263 819 usque
1296 762 1344 805 ad
1388 767 1562 805 mortem
1607 767 1794 805 amentes

161 835 366 879 tractandi
391 839 486 878 sunt
518 839 558 878 et
591 839 781 877 serretur
811 833 1123 891 praeseriptwn
1156 834 1183 887 ς’
1215 833 1254 875 3.

862 985 1008 1022 CAPUT
1036 986 1090 1021 lll.

610 1072 662 1106 De
689 1070 832 1105 ritibus
858 1071 898 1105 et
924 1070 1177 1105 caeremoniis
1203 1070 1402 1114 baptismi.

210 1166 292 1202 Cu.
315 1165 395 1201 755.
419 1187 435 1191 -
453 1170 472 1208 ξ
497 1166 524 1200 l.
550 1166 746 1212 Baptismus
764 1166 941 1201 sollemni-

162 1220 213 1250 ter
239 1214 452 1253 conseratur,
481 1213 576 1248 salvo
613 1212 824 1258 praescripto
842 1223 943 1248 cano-

163 1261 218 1295 nis
245 1258 324 1295 759.

207 1311 226 1353 ς’
252 1306 286 1341 2.
317 1306 391 1342 Loci
421 1304 632 1342 Ordinarius
661 1311 770 1353 potest
796 1306 891 1352 gravi
907 1311 940 1342 et

160 1353 359 1390 rationabili
387 1353 429 1389 de
454 1364 561 1389 causa
595 1353 777 1399 indulgere
803 1358 840 1389 ut
866 1364 940 1390 cae-

159 1401 337 1437 remoniae
364 1401 599 1447 praescriptae
618 1412 678 1448 pro
693 1401 867 1448 baptismo
887 1401 940 1436 in-

161 1449 310 1484 fantium
337 1448 572 1484 adhibeantur
597 1450 633 1483 in
651 1449 824 1495 baptismo
841 1449 940 1484 adul-

163 1501 289 1532 torum.

207 1543 291 1579 CAN.
322 1542 403 1578 756.
428 1562 450 1569 -
476 1547 496 1585 ξ
525 1543 555 1578 l.
586 1543 700 1580 Proles
727 1544 794 1579 ritu
816 1555 939 1590 paren-

159 1596 234 1626 tum
261 1591 429 1637 baptizari
446 1591 559 1626 debet.

207 1642 226 1681 ξ
252 1638 286 1673 2.
316 1638 351 1674 Si
378 1638 466 1674 alter
492 1643 678 1685 parentum
706 1639 878 1685 pertineat
895 1640 938 1675 ad

159 1685 264 1722 ritum
305 1685 467 1726 latinum,
508 1686 596 1722 alter
632 1686 675 1722 ad
716 1686 937 1731 orientalem,

160 1734 271 1779 proles
297 1733 366 1768 ritu
394 1733 501 1779 patris
528 1733 734 1780 baptizetur.
756 1734 823 1769 nisi
842 1734 938 1770 aliud

159 1782 232 1816 iure
258 1781 398 1827 speciali
426 1786 568 1817 cautum
594 1781 652 1816 sit.
818 1787 827 1801 “

205 1832 225 1871 ζ)
251 1828 283 1864 3.
314 1827 348 1863 Si
377 1840 470 1864 unus
497 1833 635 1864 tantum
662 1829 706 1864 sit
732 1829 936 1870 catholicus,

159 1876 272 1922 proles
299 1875 402 1911 huius
429 1876 496 1911 ritu
525 1876 736 1923 baptizanda
761 1881 825 1912 est.

205 1922 291 1959 cm.
305 1922 384 1959 757.
406 1944 423 1948 -
443 1928 462 1966 ἓ
479 1923 510 1958 1.
528 1924 567 1959 ln
584 1923 760 1969 baptismo
777 1924 937 1960 sollemni

159 1970 359 2007 adhibenda
385 1975 437 2007 est
461 1982 550 2018 aqua
577 1972 620 2007 ad
649 1972 715 2007 hoc
739 1971 935 2008 benedicta.

207 2022 226 2061 ξ
252 2018 285 2053 2.
308 2017 342 2054 Si
366 2029 458 2065 aqua
477 2019 660 2055 benedicta
679 2019 715 2054 in
734 2019 939 2066 baptisterio

158 2065 244 2101 adeo
270 2065 315 2101 sit
341 2066 543 2108 imminuta,
573 2071 610 2102 ut
636 2066 754 2103 minus
781 2066 940 2103 videatur

159 2113 327 2154 sufficere,
355 2113 426 2149 alia
453 2125 522 2149 non
551 2114 733 2150 benedicta
750 2114 939 2151 admiscea-

158 2165 225 2201 tur,
255 2161 360 2196 etiam
380 2161 515 2197 iterato.
539 2162 673 2198 minore
690 2167 809 2198 tamen
827 2163 937 2209 copia.

206 2211 225 2250 ἓ
252 2207 285 2243 3.
315 2206 350 2243 Si
380 2219 457 2244 vero
484 2215 645 2256 corrupta
674 2210 786 2251 fuerit,
812 2214 873 2246 aut
890 2210 937 2246 ef-

160 2254 311 2300 fluxerit,
331 2260 391 2291 aut
409 2256 530 2302 quovis
558 2257 659 2293 modo
684 2257 859 2300 defecerit,
882 2269 938 2304 pa-

158 2304 284 2338 rochus
311 2302 347 2337 in
376 2303 518 2344 fontem,
546 2304 634 2340 bene
661 2305 871 2340 mundatum
899 2316 939 2340 ac

159 2350 324 2391 nitidum.
353 2355 528 2387 recentem
554 2363 683 2398 aquam
712 2352 877 2388 infundat
898 2364 939 2388 ac

160 2398 297 2444 proprio
334 2397 402 2433 ritu
442 2398 479 2433 in
518 2399 591 2434 suis
631 2399 801 2445 liturgicis
841 2400 937 2436 libris

158 2445 369 2491 praescripto
396 2445 591 2482 benedicat.

206 2491 289 2527 CAN.
326 2491 407 2527 758.
442 2513 458 2520 -
494 2493 584 2529 Licet
623 2494 818 2541 baptismus
856 2506 937 2530 con-

159 2539 236 2574 ferri
268 2540 379 2576 valide
407 2541 513 2586 possit
538 2546 598 2577 aut
626 2553 685 2588 per
712 2542 937 2584 infusionem,

155 2591 216 2622 aut
242 2598 302 2633 per
336 2587 612 2633 immersionem,
649 2594 709 2625 aut
738 2601 796 2636 per
821 2601 938 2636 asper—

156 2634 304 2678 sionem,
346 2635 481 2681 primus
519 2641 636 2671 tamen
678 2637 728 2672 vel
762 2637 938 2673 secundus

157 2681 290 2723 modus
309 2687 370 2718 aut
388 2683 518 2719 mixtus
537 2694 578 2719 ex
598 2688 757 2731 utroque,
778 2685 836 2731 qui
865 2695 938 2720 ma-

155 2728 209 2773 gis
248 2730 292 2764 sit
320 2729 354 2764 in
394 2741 473 2775 usu,
503 2731 704 2773 retineatur,
744 2732 938 2768 secundum

1018 1164 1177 1210 probatos
1218 1165 1434 1200 diversarum
1481 1165 1710 1201 Ecclesiarnm
1752 1168 1794 1201 ri-

1016 1212 1126 1247 tuales
1155 1212 1272 1247 libros.

1063 1258 1148 1293 CAN.
1178 1257 1258 1293 759.
1283 1280 1298 1284 -
1320 1263 1339 1301 ἓ
1371 1259 1398 1293 l.
1430 1259 1464 1294 ln
1496 1260 1615 1295 mortis
1645 1262 1796 1307 periculo

1015 1305 1228 1352 baptismum
1259 1306 1420 1352 privatim
1447 1308 1604 1343 conferre
1626 1309 1725 1350 licet;
1752 1314 1795 1350 et,

1013 1354 1045 1387 si
1071 1353 1272 1389 conferatur
1299 1366 1319 1389 a
1347 1354 1509 1390 ministro
1547 1356 1604 1401 qui
1647 1367 1708 1392 uec
1743 1368 1795 1392 sa-

1013 1401 1133 1437 cerdos
1159 1401 1204 1436 sit
1231 1412 1295 1437 nec
1313 1401 1494 1444 diaconus,
1520 1413 1560 1438 ea
1580 1408 1716 1439 tantum
1739 1415 1795 1450 po-

1014 1453 1156 1489 nantur,
1183 1459 1272 1495 quae
1298 1454 1380 1494 sunt
1405 1450 1448 1485 ad
1485 1449 1648 1496 baptismi
1678 1452 1797 1487 validi·

1015 1500 1120 1531 tatem
1164 1496 1383 1537 necessaria,
1420 1497 1447 1531 si
1487 1510 1506 1532 a
1541 1499 1716 1534 sacerdote
1744 1499 1793 1535 vel

1013 1543 1173 1588 diacono,
1202 1549 1385 1590 serventur
1416 1556 1566 1591 quoque.
1596 1546 1622 1580 si
1659 1551 1796 1593 tempus

1013 1590 1116 1632 adsit,
1160 1592 1400 1628 caeremoniae
1445 1603 1534 1638 quae
1582 1593 1793 1639 baptismum

1013 1644 1220 1684 sequuntur.

1061 1690 1080 1728 ξ
1105 1687 1140 1722 ⁶2..
1170 1685 1272 1722 Extra
1300 1687 1420 1722 mortis
1460 1687 1652 1734 periculum
1684 1689 1793 1735 bapti-

1013 1745 1128 1769 smum
1170 1734 1343 1780 privatum
1384 1735 1445 1770 loci
1481 1733 1692 1771 Ordinarius
1720 1747 1796 1783 per-

1014 1781 1151 1817 mittere
1188 1782 1323 1828 nequit‚
1366 1782 1433 1817 nisi
1460 1788 1584 1828 agatur
1609 1784 1651 1819 de
1679 1785 1795 1820 haere-

1013 1829 1090 1864 ticis
1108 1829 1167 1875 qui
1187 1829 1222 1864 in
1242 1829 1362 1865 adulta
1379 1835 1492 1866 aetate
1510 1831 1574 1866 sub
1593 1832 1795 1867 conditione

1014 1876 1248 1923 baptizentur.

1059 1924 1138 1970 3²3.
1180 1923 1428 1961 Caeremoniae
1466 1931 1583 1961 autem
1627 1938 1716 1972 quae
1759 1927 1793 1961 in

1013 1972 1176 2018 baptismi
1193 1972 1376 2008 collatione
1392 1974 1658 2019 praetermissae
1673 1974 1796 2019 quavis

1012 2019 1146 2056 ratione
1162 2020 1304 2063 fuerint,
1322 2021 1585 2067 quamprimum
1604 2021 1795 2057 inecclesia

1012 2067 1255 2113 suppleantur,
1276 2068 1341 2103 nisi
1363 2068 1399 2102 in
1418 2079 1500 2104 casu
1515 2068 1557 2104 de
1584 2080 1652 2114 quo
1672 2070 1706 2103 in
1723 2073 1742 2111 ξ
1757 2069 1791 2103 2.

1060 2114 1144 2151 CAN.
1187 2113 1267 2149 760.
1312 2137 1328 2140 -
1365 2114 1454 2152 Cum
1496 2116 1692 2162 baptismus
1729 2116 1794 2151 sub

1012 2162 1213 2198 conditione
1228 2163 1385 2207 iteratur,
1402 2163 1657 2205 caeremoniae,
1674 2164 1700 2198 si
1719 2164 1794 2210 qui-

1011 2211 1089 2246 dem
1118 2210 1152 2245 in
1182 2210 1296 2256 priore
1334 2210 1509 2257 baptismo
1547 2212 1697 2247 omissae
1726 2213 1794 2247 i'ue-

1012 2262 1106 2296 runt.
1152 2257 1395 2304 suppleantur,
1439 2259 1535 2294 salvo
1583 2259 1794 2305 praescripto

1011 2316 1091 2340 can.
1117 2303 1197 2346 759,
1227 2309 1247 2347 ξ
1273 2304 1318 2347 3;
1356 2307 1411 2340 sin
1449 2311 1565 2342 autem
1606 2307 1640 2341 in
1683 2307 1794 2352 priore

1012 2353 1186 2399 baptismo
1212 2352 1391 2390 adhibitae
1417 2358 1512 2396 sunt,
1541 2355 1647 2399 repeti
1682 2355 1715 2388 in
1743 2355 1793 2389 al—

1011 2405 1084 2436 tero
1108 2404 1168 2435 aut
1194 2400 1305 2435 omitti
1335 2406 1493 2447 possunt.

1058 2446 1144 2483 CAN.
1175 2446 1255 2482 761.
1295 2468 1312 2473 -
1345 2448 1477 2484 Curent
1516 2449 1655 2494 parochi
1693 2454 1728 2483 ut
1763 2449 1790 2483 ei

1011 2495 1069 2541 qui
1098 2495 1307 2541 baptizatur,
1333 2496 1565 2531 christianum
1594 2497 1793 2542 imponatur

1012 2553 1168 2584 nomen3
1196 2543 1287 2588 quod
1314 2543 1341 2577 si
1378 2543 1411 2578 id
1439 2544 1603 2589 consequi
1642 2555 1710 2578 non
1740 2554 1793 2589 po-

1011 2594 1139 2625 terunt.
1178 2590 1312 2625 nomini
1340 2601 1359 2626 a
1387 2591 1592 2637 parentibus
1632 2591 1793 2637 imposito

1010 2637 1142 2673 addant
1180 2648 1309 2673 nomen
1347 2638 1497 2674 alicuius
1538 2638 1654 2674 Sancti
1694 2643 1727 2673 et
1756 2638 1790 2672 in

1012 2684 1099 2720 libro
1138 2685 1392 2731 baptizatorum
1435 2690 1623 2732 utrumque
1662 2696 1790 2721 nomen

1013 2732 1242 2778 perscribant.

278 2825 345 2870 39.
373 2829 629 2885 Inscriptio
653 2830 842 2886 capitis.
878 2853 900 2860 -
935 2827 1094 2872 Deinde
1113 2830 1288 2872 transire
1306 2833 1467 2886 oportet
1485 2829 1534 2872 ad
1560 2828 1691 2887 Caput
1713 2827 1789 2871 ΙΙΙ.

165 2894 221 2938 De
255 2895 405 2939 ritibus
447 2902 485 2940 et
518 2898 795 2942 caerenwniz's
827 2898 1040 2957 baptismi,
1074 2898 1254 2943 scilicet:
1289 2912 1369 2943 non
1403 2899 1535 2943 solum
1561 2899 1611 2943 de
1636 2901 1789 2952 sormu-
