1971 3261
564 182 777 217 For-mulae
802 181 1046 224 facultatum
1072 180 1110 216 S.
1146 181 1185 216 O.
1213 181 1259 215 de
1286 181 1330 214 P.
1366 180 1406 213 J«.
1734 179 1805 214 727

173 312 374 343 canonem
421 300 547 355 2237,
586 299 615 358 ξ
654 301 669 343 1
716 316 736 341 ((
762 302 799 343 in
834 299 999 343 casibus
1044 299 1265 356 publicis»
1303 301 1497 356 excipere
1540 311 1561 342 a
1608 304 1808 355 potestate

173 367 385 415 Ordinarii
422 371 657 414 remittendi
697 386 719 411 «
744 383 897 426 poenas
931 370 1036 413 latae
1074 372 1304 413 sententiae
1349 372 1437 413 iure
1481 372 1693 413 communi
1727 375 1808 413 sta-

174 446 304 496 tutas3
340 441 384 483 2Ο
418 454 617 485 censuras
659 442 754 485 Sedi
796 443 1058 498 Apostolicae
1102 446 1336 485 reservatas
1360 457 1379 482 ))
1418 446 1457 484 et
1496 440 1573 484 sub
1611 441 1640 499 ἓ
1678 441 1702 484 2
1746 441 1806 484 (11-

172 514 302 556 61131·;
342 527 362 553 «
387 516 425 554 111
461 511 627 556 casibus
664 526 762 555 vero
795 512 981 567 occultis,
1009 517 1141 568 potest
1173 510 1424 557 Ordinarius
1458 512 1548 555 illas
1583 514 1808 566 remittere,

172 585 358 639 exceptis
391 586 578 626 censuris
611 583 913 639 specialissimo
950 583 1013 626 vet
1051 583 1220 640 speciali
1262 583 1385 627 modo
1417 583 1511 627 Sedi
1546 583 1808 640 Apostolicae

173 656 400 697 reservatis
422 669 461 698 ›>.
497 652 598 698 Cum
645 656 771 711 igitur
815 656 852 696 in
899 667 990 697 can.
1026 654 1125 709 202,
1158 654 1185 712 ἓ
1218 654 1242 697 3
1277 657 1579 711 praescriptum
1615 657 1689 697 sit:
1730 657 1805 698 ((31
1872 687 1875 692 t

174 726 307 768 forum
356 738 428 781 pro
471 738 553 782 quo
598 729 778 782 potestas
820 725 914 768 data
959 730 1030 773 est,
1066 738 1308 782 expressum
1345 738 1423 768 non
1459 727 1594 779 tuerit,
1628 730 1808 781 potestas

173 794 418 852 intelligitur
461 808 656 839 concessa
702 809 775 852 pro
820 801 994 853 utroque
1039 797 1188 850 foro»,
1223 798 1412 853 sequitur
1455 810 1526 853 per
1570 796 1805 840 facultatem

172 866 375 910 formulae
408 880 572 910 cessare
607 866 696 910 illas
716 879 807 910 can.
833 867 945 910 2237
970 869 1116 910 citatas
1151 867 1429 921 limitationes,
1454 883 1476 908 α
1498 855 1684 923 exceptis
1716 882 1808 911 cen-

172 940 281 981 suris
313 937 613 994 specialissimo
648 938 770 981 modo
802 938 897 981 Sedi
932 937 1195 994 Apostolicae
1231 940 1454 981 reservatis
1478 954 1515 981 ».
1539 964 1591 968 —
1615 937 1735 982 Certe
1768 941 1805 982 in

172 1008 503 1052 absolutionibus
537 1009 775 1052 huiusmodi
808 1014 902 1052 sunt
935 1012 1061 1052 ceteri
1096 1020 1277 1052 canones
1309 1008 1575 1063 observandi,
1599 1023 1635 1050 v.
1660 1024 1720 1066 gr.
1756 1010 1807 1054 de

171 1080 347 1123 formula
381 1080 631 1135 adhibenda,
666 1080 717 1124 de
753 1080 1009 1123 removendo
1040 1079 1252 1133 scandalo,
1275 1080 1326 1123 de
1358 1080 1637 1123 satisfactione
1671 1082 1806 1124 forsan

173 1150 283 1204 data,
317 1155 410 1204 etc.3
444 1155 625 1194 attamen
663 1163 741 1193 non
776 1153 984 1206 attingunt
1017 1150 1118 1194 11366
1154 1153 1283 1207 ipsam
1318 1150 1569 1194 facultatem.

290 1221 332 1264 ln
368 1221 561 1264 facultate
594 1221 671 1264 sub
705 1234 742 1264 n.
778 1222 875 1264 *29
910 1221 1132 1264 adnotetur
1164 1226 1410 1278 potestaten]
1445 1221 1802 1278 «dispensandi»

170 1305 259 1336 esse
296 1308 318 1334 «
342 1295 380 1336 in
428 1294 563 1335 minus
607 1291 760 1335 bonum
784 1308 806 1333 »
843 1293 949 1349 (can.
990 1292 1131 1348 1314),
1165 1305 1214 1336 36
1248 1295 1456 1349 respicere
1496 1298 1589 1336 vola
1618 1293 1806 1351 privata,

171 1376 250 1407 non
288 1377 430 1407 vero«
457 1363 636 1420 publica,
671 1363 777 1407 idest
809 1366 840 1406 31
876 1366 1043 1406 nomine
1066 1363 1277 1407 Ecclesiae
1311 1377 1333 1407 a
1367 1364 1552 1420 legitimo
1586 1365 1808 1421 Superiore

170 1435 453 1479 ecclesiastico
487 1436 637 1477 suerint
671 1440 930 1491 acceptata»
968 1437 1074 1488 (can.
1112 1435 1238 1489 1308,
1271 1435 1299 1493 ἓ
1333 1435 1385 1490 1).
1420 1434 1604 1493 Utraque
1637 1435 1808 1479 facultas

175 1506 485 1562 «dispensandi
525 1505 586 1549 vel
621 1506 951 1549 commutandi»
980 1519 1029 1549 ex
1064 1508 1126 1549 331
1161 1511 1307 1549 natura
1334 1508 1509 1563 requirit
1531 1518 1698 1550 causam
1735 1521 1807 1563 pro

169 1577 355 1621 eiusdem
390 1582 507 1621 actus
543 1577 769 1620 validitate.

979 1694 999 1714 ‹1-

957 1721 1022 1740 ¹1·ss-

287 1791 307 1810 *
327 1790 384 1826 30.
417 1791 648 1827 Benedicendi
675 1791 748 1826 solo
773 1791 887 1826 erucis
913 1791 1028 1836 signo,
1056 1802 1136 1826 cum
1163 1791 1329 1826 omnibus
1355 1790 1588 1837 Indulgentiis
1613 1804 1634 1828 a
1660 1792 1696 1830 S.
1722 1793 1809 1830 Sede

169 1850 309 1886 concedi
338 1850 462 1891 solitis,
490 1861 629 1885 coronas
655 1849 879 1896 precatorias,
908 1861 1030 1889 cruces,
1056 1861 1180 1896 parvas
1205 1854 1339 1885 statuas
1362 1856 1395 1886 et
1422 1862 1519 1887 sacra
1536 1852 1755 1896 numismata,
1776 1859 1807 1889 et

169 1909 378 1945 adnectendi
419 1909 557 1945 coronis
592 1908 845 1954 indulgentias,
875 1919 964 1954 quae
989 1920 1008 1944 3
1035 1921 1063 1944 3.
1091 1908 1239 1953 Birgitta
1271 1914 1304 1945 et
1338 1920 1427 1955 quae
1455 1921 1473 1945 a
1504 1910 1663 1946 Patribus
1690 1910 1808 1948 Cruci-

168 1968 260 2014 geris
298 1973 564 2015 nuncupantur.
593 1967 817 2012 (Communis
854 1968 1015 2003 omnium
1050 1966 1305 2003 Formularum.
1341 1967 1425 2004 Vide
1461 1968 1735 2006 declarationem
1770 1972 1807 2006 in

170 2038 248 2074 pag.
279 2026 376 2070 319).
1065 2034 1073 2041 '

289 2086 346 2122 31.
376 2085 586 2122 Conferendi
616 2086 676 2121 uni
696 2086 840 2121 alterive
857 2096 898 2121 ex
915 2085 989 2121 suis
1006 2085 1245 2121 sacerdotibus
1265 2086 1464 2122 facultatem
1479 2087 1695 2123 consecrandi
1713 2087 1806 2123 iuxta

171 2147 319 2182 formam
348 2146 384 2181 in
411 2145 607 2181 Pontificali
635 2144 794 2181 Romano
822 2145 1072 2192 praescriptam
1099 2144 1229 2186 calices,
1246 2152 1389 2192 patenas
1415 2151 1448 2181 et
1473 2145 1636 2181 altarium
1663 2146 1804 2193 lapides,

167 2205 337 2241 adhibitis
361 2210 477 2240 tamen
506 2204 660 2240 01613311
688 2204 856 2251 Episcopo
882 2204 1053 2240 catholico
1078 2204 1281 2240 benedictis¹
1303 2203 1526 2248 (Communis
1552 2210 1704 2251 quatuor
1729 2204 1807 2241 For·

170 2264 375 2308 mularum).

288 2359 350 2403 Ad
384 2374 422 2403 n.
449 2360 518 2405 31.
544 2385 596 2390 —
622 2359 664 2402 ln
699 2371 789 2403 can.
826 2359 908 2402 294
942 2361 1143 2416 scriptum
1178 2359 1261 2403 e'st:
1302 2375 1322 2400 ((
1350 2358 1499 2403 Vicarii
1534 2364 1572 2403 et
1607 2360 1806 2404 Praefecti

170 2430 413 2487 Apostolici,
437 2430 483 2489 (ξ
516 2430 707 2488 2)6113111
743 2432 768 2472 ii
803 2432 873 2488 qui
908 2429 1152 2474 charactere
1185 2430 1409 2487 episcopali
1443 2436 1601 2485 carent,
1626 2436 1807 2487 possunt,

169 2505 275 2545 intra
309 2504 508 2545 territorii
541 2504 604 2545 331
639 2502 741 2544 111163
774 2514 821 2544 36
858 2501 1109 2557 perdurante
1143 2514 1331 2553 munere,
1364 2501 1532 2556 calices,
1568 2507 1738 2558 patenas
1771 2507 1809 2545 et

121 2597 137 2606 ,
169 2572 315 2616 altaria
366 2572 573 2629 portatilia
623 2586 718 2616 cum
770 2574 900 2615 sacris
933 2571 1034 2615 oleis
1065 2571 1118 2615 ab
1150 2571 1355 2628 Episcopo
1404 2572 1634 2616 benedictis
1667 2587 1810 2616 conse-

168 2656 351 2688 crare».
388 2644 513 2687 Porro
560 2645 718 2687 scimus
765 2643 934 2686 aliunde
979 2645 1088 2696 (can.
1126 2643 1253 2696 1147,
1284 2642 1313 2701 ἓ
1349 2642 1389 2700 1)
1429 2647 1811 2687 «consecrationes

171 2727 293 2757 nemo
326 2717 394 2771 qui
429 2714 674 2758 charactere
708 2713 934 2770 episcopali
968 2719 1121 2768 careat,
1159 2714 1295 2757 valide
1330 2726 1531 2771 peragere
1566 2719 1711 2771 potest,
1729 2716 1808 2757 'nisi

173 2785 235 2828 vel
272 2786 360 2828 iure
396 2784 460 2828 vel
494 2784 720 2841 apostolico
747 2784 906 2828 indulto
930 2785 967 2828 id
993 2787 1029 2828 ei
1056 2787 1320 2841 permittatur
1342 2801 1381 2826 ».
1404 2785 1488 2829 1310
1512 2790 1673 2828 constat
1695 2785 1804 2843 quod

172 2855 282 2913 (can.
318 2854 444 2912 210);
483 2870 503 2896 <1
528 2860 708 2911 potestas
754 2855 926 2909 ordinis,
960 2868 982 2899 a
1022 2855 1206 2911 legitimo
1252 2856 1477 2912 Superiore
1524 2855 1807 2899 ecclesiastico

37 2957 39 2964 ¹
104 2923 111 2955 ἓ
170 2925 334 2969 adnexa
367 2925 503 2968 officio
535 2927 625 2968 sive
658 2927 879 2969 commissa
914 2938 1128 2982 personae,
1152 2928 1295 2983 nequit
1327 2927 1418 2970 aliis
1451 2926 1694 2970 demandari
1730 2929 1806 2970 nisi
