1971 3261
135 196 180 229 92
529 193 614 226 Lm.
643 191 715 225 III.
744 210 756 216 ·
784 190 894 224 PARS
919 190 950 223 I.
979 208 992 214 —
1019 188 1076 223 De
1101 188 1366 223 Sam-amentis
1570 188 1663 223 Can.
1693 186 1761 222 795

144 313 333 356 «Nullus
365 312 764 362 excommunicatus,
799 307 1044 351 interdictus
1094 305 1157 349 vel
1200 306 1466 362 gravioribus
1514 305 1767 350 facinoribus

139 383 343 439 alligatus,
377 386 446 425 aut
477 380 726 424 christianae
759 378 853 421 fidei
892 376 1139 420 rudimentis
1171 389 1250 419 non
1286 376 1469 421 edoctus
1517 379 1678 433 ingerat
1724 389 1767 420 se

139 454 188 496 ad
212 452 522 509 percipiendum
544 449 621 492 hoc
639 449 972 500 Sacramentum,
990 446 1052 489 vel
1069 446 1119 490 ad
1135 446 1358 490 tenendum
1374 445 1713 491 Confirmandum
1726 463 1767 488 ».

138 524 226 567 Non
260 525 551 578 exprimuntur
584 519 797 574 haeretici,
832 518 903 561 sed
941 517 1160 560 evidenter
1190 522 1285 560 sunt
1317 517 1566 561 excludendi
1601 531 1651 561 ex
1678 531 1767 560 mu-

140 596 249 637 neris
280 598 447 645 natura,
484 592 669 647 patrinus
703 593 763 632 est
797 590 908 631 enim
948 587 1060 631 velut
1095 589 1317 631 instructor
1351 590 1389 630 iu
1423 587 1651 644 spiritualis
1694 590 1768 630 mi-

139 665 250 707 litiae
284 675 436 719 pugna,
469 674 491 704 a
524 672 604 717 qua
639 659 783 702 militia
818 658 873 701 illi
915 659 1160 702 defecerunt
1193 663 1388 715 tanquam
1431 659 1679 703 desertores.
1704 658 1767 701 ln-

140 735 265 776 fames
300 736 336 775 iu
374 733 535 775 reiectis
568 742 590 773 a
627 729 768 772 Pontis.
811 728 928 772 Rom.
954 727 1381 785 comprehenduntur.
1407 755 1458 759 —
1485 727 1771 785 Congruenter

140 807 264 860 igitur
296 803 483 845 decernit
515 813 669 844 canon:
701 801 750 842 2⁰
784 798 906 844 Nulli
943 797 1183 842 haereticae
1216 804 1291 841 ant
1323 797 1620 842 schismaticae
1636 805 1772 842 seclae

138 878 179 927 a)
212 874 267 917 sit
300 872 555 929 adscriptas,
589 870 778 914 scilicet:·
807 871 1011 913 exercitui
1038 871 1226 925 opposito
1252 868 1424 912 militiae
1448 867 1612 924 Christi,
1633 868 1677 922 b)
1699 883 1773 912 nec

139 945 227 988 nlla
261 958 311 987 eoe
340 943 501 1001 poenis,
523 941 574 985 de
606 940 753 998 quibas
787 940 833 983 in
866 954 958 982 ean.
995 942 1089 983 765
1122 954 1157 984 n.
1198 942 1230 982 2
1262 941 1373 983 circa
1408 939 1599 996 baptismi
1651 943 1770 996 patri-

140 1029 235 1058 num
272 1016 424 1057 mentio
457 1015 561 1056 tacta
595 1017 668 1067 est,
696 1010 913 1055 videlicet:
945 1025 965 1051 c<
989 1012 1440 1064 excommunicatione,
1465 1011 1630 1054 infamia
1656 1012 1769 1066 iuris,

139 1086 376 1130 exclusione
409 1083 460 1128 ab
493 1082 654 1127 actibus
689 1082 885 1138 legitimis
918 1083 1045 1135 (inter
1078 1094 1182 1139 quos
1216 1086 1457 1125 recensetur
1488 1080 1596 1137 (can.
1644 1082 1770 1137 2256,

140 1158 203 1209 2³)
241 1169 434 1199 «munus
468 1156 616 1211 patrini
649 1167 775 1210 agere
810 1155 849 1195 in
883 1154 1160 1196 sacramentis
1196 1151 1388 1209 baptismi
1423 1156 1463 1195 et
1496 1154 1772 1196 confirmatio-

142 1230 203 1270 nis
227 1231 284 1282 )>),
320 1232 358 1269 et
390 1228 421 1269 si
457 1226 635 1269 clericus
667 1226 731 1277 sit,
766 1224 1024 1280 depositione
1051 1223 1115 1267 vel
1142 1222 1446 1280 degradatione
1471 1239 1491 1265 ))
1516 1236 1594 1281 per
1615 1229 1772 1266 senten-

140 1298 242 1341 tiam
265 1296 596 1341 declaratoriam
620 1308 777 1352 poenae
797 1298 989 1338 incursae
1013 1299 1088 1337 ant
1107 1293 1497 1338 condemnatoriam
1520 1295 1569 1338 ad
1597 1307 1770 1351 poenam

139 1369 397 1412 subeundam
434 1367 484 1411 ob
519 1367 717 1411 delictum
750 1371 936 1409 notatus.

259 1440 382 1493 ltem3
417 1442 523 1482 sicut
558 1441 595 1481 in
632 1438 764 1482 Pont.i
799 1436 961 1481 Rom.⁰:
997 1438 1046 1480 30
1080 1436 1171 1481 Non
1209 1436 1265 1478 sit
1300 1440 1342 1488 a)
1373 1441 1510 1494 paler,
1545 1435 1588 1490 b>
1623 1442 1771 1494 mater,

139 1513 212 1554 etsi
247 1515 404 1554 tantum
439 1509 661 1563 naturales,
695 1511 731 1562 e)
750 1508 905 1551 coniicoe
929 1521 1054 1551 verus
1079 1512 1150 1551 aut
1174 1509 1388 1564 putativus
1407 1506 1698 1563 confirmandi.
1716 1533 1772 1538 —

139 1581 262 1627 Conc.
296 1581 407 1625 Trid.
428 1582 439 1602 ¹
476 1580 754 1624 conditionem
790 1579 1089 1635 designationis
1124 1580 1384 1634 patrinorum
1406 1580 1682 1621 necessariam
1709 1578 1776 1621 de-

139 1666 325 1705 cernens,
358 1651 542 1709 loquitur
577 1652 761 1707 praecise
796 1650 846 1693 de
881 1649 1106 1706 baptism03
1140 1649 1210 1692 sed
1259 1647 1400 1693 Codex
1450 1649 1499 1691 ad
1550 1649 1769 1692 conflrma-

140 1727 292 1767 tionem
329 1722 428 1767 illud
465 1721 694 1765 extendens
726 1723 810 1764 ait:
845 1719 893 1762 40
937 1720 965 1762 Α
1010 1718 1305 1777 confirmando
1350 1719 1489 1762 eiusce
1509 1718 1775 1776 parentibus,

140 1795 390 1838 disiunctive
423 1792 589 1850 quando
623 1791 690 1835 ille
723 1796 785 1834 cst
817 1790 997 1845 adultus,
1036 1790 1097 1833 vel
1134 1789 1280 1833 horum
1317 1789 1406 1833 loco
1441 1788 1664 1844 tatoribus,
1690 1791 1772 1832 imo

140 1865 216 1908 sub
248 1864 506 1908 conditione:
542 1861 586 1905 hi
617 1861 655 1905 si
686 1861 826 1904 desint
859 1861 1039 1905 scilicet:
1076 1864 1269 1916 parentes
1302 1871 1350 1903 ac
1384 1864 1554 1913 tutores,
1588 1863 1663 1901 aut
1708 1871 1772 1901 re-

139 1941 273 1978 nuant
306 1947 450 1978 omnes
482 1935 605 1976 etiam
640 1931 952 1976 confirmandus
985 1930 1152 1974 adultus
1185 1930 1406 1985 designare
1439 1931 1662 1986 patrinum,
1707 1928 1772 1972 liic

140 2006 390 2049 disiunctive
423 2018 447 2046 a
482 2003 677 2046 ministro
712 2001 822 2045 illius
853 2000 1078 2058 singularis
1101 2001 1429 2044 confirmationis
1452 1999 1515 2042 vel
1539 2013 1562 2042 α
1585 1997 1774 2056 parocho

141 2081 184 2119 ut
210 2081 304 2131 puto
338 2074 611 2118 confirmandi
648 2075 813 2130 proprio
847 2072 897 2116 ad
933 2084 1121 2115 normam
1155 2083 1246 2114 can.
1281 2070 1349 2125 94,
1374 2083 1425 2113 ex
1449 2069 1539 2113 1060
1574 2068 1772 2126 parallelo

140 2159 229 2191 can.
280 2146 364 2188 765
399 2145 456 2199 40,
491 2144 545 2186 sit
579 2143 826 2200 (lesiynalas
859 2142 910 2186 ad
946 2142 1024 2185 1106
1059 2142 1207 2197 patrini
1243 2153 1406 2184 munus.
1438 2165 1496 2170 —
1527 2141 1576 2183 5⁰
1613 2137 1772 2195 Confir-

141 2215 338 2259 manclmn
372 2216 415 2258 in
449 2215 539 2273 ipso
573 2213 907 2270 confirmationis
941 2217 1052 2266 acm,
1088 2211 1350 2267 notandaque
1383 2214 1444 2254 est
1467 2210 1693 2253 diversitas
1716 2208 1770 2253 ab

141 2286 286 2330 eodem
322 2299 433 2328 num.
470 2285 512 2327 50
546 2291 652 2328 6311.ε
685 2285 769 2327 765
804 2284 855 2327 de
890 2283 1082 2340 baptismi
1103 2283 1277 2338 patrino,
1308 2282 1541 2338 «quia-per
1565 2278 1774 2336 boc(con-

141 2358 399 2409 firmationis)
432 2360 736 2399 sacramentum
772 2356 983 2398 confertur
1006 2353 1162 2396 homini
1190 2352 1386 2408 perfectio
1411 2349 1638 2407 spiritualis
1661 2355 1770 2393 aeta-

141 2430 204 2482 tis,
239 2430 345 2471 sicut
377 2428 531 2470 dictum
566 2431 638 2473 est,
673 2430 713 2469 et
746 2426 838 2469 ideo
873 2424 940 2468 ille
973 2425 1041 2481 qui
1077 2423 1126 2466 ad
1162 2422 1240 2465 1106
1262 2425 1569 2464 sacramentum
1597 2420 1772 2475 accedit,

141 2503 408 2550 sustentatur,
441 2499 557 2554 quasi
592 2496 728 2539 adbuc
760 2495 1031 2553 spiritualiter
1064 2493 1283 2538 imbecillis
1315 2498 1353 2536 et
1389 2507 1513 2550 puer,
1548 2505 1642 2535 nam
1678 2491 1773 2534 licet

141 2572 193 2612 sit
239 2568 404 2612 adultus
437 2567 721 2623 corporaliter,
752 2567 934 2610 nondum
972 2570 1108 2610 tamen
1128 2569 1189 2608 est
1207 2564 1372 2608 adultus
1395 2563 1707 2620 spiritualiter»
1731 2560 1770 2604 ²:

140 2653 216 2696 per
248 2652 291 2681 se
324 2638 385 2681 rel
413 2651 491 2696 per
520 2642 853 2695 procuratorem,
887 2638 957 2694 qui
992 2636 1225 2679 admittitur
1260 2634 1473 2690 implicite,
1508 2646 1588 2676 non
1634 2637 1770 2675 tamen

78 2703 87 2710 ’
144 2710 209 2752 bic
243 2709 383 2752 evadit
418 2711 614 2764 patrinus,
654 2706 826 2765 physice
852 2711 1014 2764 tanyat,
1040 2705 1148 2763 quod
1177 2707 1343 2761 proprie
1367 2706 1411 2747 tit
1434 2717 1557 2747 manu
1585 2717 1621 2744 v.
1646 2715 1706 2759 gr.
1732 2703 1770 2744 in

142 2780 337 2823 humeros
368 2778 641 2822 contii-mandi
678 2780 821 2833 posita,
856 2782 895 2821 et
928 2777 1005 2820 1106
1038 2775 1190 2819 sufficit
1237 2775 1286 2817 ad
1341 2774 1611 2827 validitatem,
1661 2772 1771 2815 unde

237 2885 247 2905 1
269 2884 357 2928 Cap.
376 2884 414 2917 Π
434 2895 526 2917 sess.
549 2882 682 2916 XXIV
702 2882 747 2916 de
767 2882 938 2916 Reform.
960 2881 1132 2915 matrim.
1159 2900 1197 2907 -
1216 2880 1230 2901 2
1250 2880 1297 2913 D.
1319 2879 1389 2915 Th.
1408 2879 1447 2913 3³
1469 2879 1510 2914 P.
1543 2890 1577 2923 q.
1608 2876 1772 2918 LXXII,

108 2974 113 2979 ι
145 2943 179 2965 a.
202 2931 245 2964 10
263 2942 364 2975 corp.
389 2935 428 2964 et
446 2931 493 2964 ad
517 2934 575 2964 1¹1¹.
