1971 3261
194 173 238 205 25
590 168 673 201 Lm.
700 167 773 200 ΠΙ.
805 187 815 191 -
843 167 952 200 PARS
978 166 1008 198 Ι.
1040 185 1050 189 -
1077 165 1133 198 De
1159 165 1424 199 Sciet-amentis

1625 163 1718 199 Gan.
1747 164 1815 199 738

910 374 1054 410 CAPUT
1080 373 1105 408 l.

764 461 818 494 De
845 458 1023 493 ministro
1050 457 1244 500 baptismi.

243 582 325 616 css.
352 578 428 614 738.
450 600 465 604 -
487 584 505 623 ,ξ
537 579 562 614 Ι.
590 578 746 613 Minister
772 575 968 611 ordinarius

197 627 356 673 baptismi
397 625 574 661 sollemnis
610 630 660 660 est
698 624 880 660 sacerdos:
909 622 967 657 sed

194 676 267 710 eius
294 674 428 709 collatio
447 677 640 708 reservatur
668 671 814 717 parocho
834 669 884 705 vel
908 669 965 704 alii

194 721 359 757 sacerdoti
387 721 428 755 (le
461 720 614 755 eiusdem
652 718 788 764 parochi
825 717 875 752 vel
904 714 968 751 Or-

194 768 318 803 dinarii
350 767 409 802 loci
440 767 590 808 licentia,
619 776 707 811 quae
737 765 773 799 in
800 775 881 799 casu
909 774 968 798 ne-

194 815 362 851 cessitatis
390 813 540 858 legitime
568 813 811 858 praesumitur.

241 867 259 903 ξ,
298 862 329 895 22.
373 860 479 895 Etiam
522 859 722 906 peregrinus
762 870 782 893 a
822 857 968 903 parocho

196 909 332 955 proprio
374 909 407 941 in
451 919 511 942 sua
557 907 712 951 paroecia
754 904 968 940 sollemniter

195 956 397 1001 baptizetur.
428 955 454 988 si
497 954 529 989 id
570 954 668 989 facile
705 958 737 989 et
763 953 838 987 sine
874 962 968 987 mora

196 1003 265 1038 fieri
296 1008 421 1047 potest:
451 1012 548 1036 secus
575 1001 795 1047 peregrinum
823 999 969 1045 quilibet

196 1050 363 1096 parochus
402 1050 437 1083 in
475 1060 536 1083 suo
563 1048 732 1084 territorio
773 1051 882 1093 potest
902 1046 967 1082 sol—

196 1097 355 1132 lemniter
383 1095 565 1142 baptizare.

242 1143 324 1179 cis.
351 1143 430 1177 739.
463 1163 478 1169 -
508 1143 543 1178 ln
571 1142 684 1177 alieno
711 1141 882 1176 territorio
910 1151 967 1176 ne-

196 1191 280 1225 mini
310 1191 398 1230 licet,
428 1191 503 1225 sine
529 1189 644 1225 debita
676 1188 827 1228 licentia,
858 1188 969 1234 bapti-

194 1237 537 1281 smumlsollemnem
566 1237 721 1272 conferre
747 1247 790 1271 ne
816 1235 868 1270 sui
897 1236 972 1281 qui-

195 1285 273 1320 dem
301 1285 362 1320 loci
391 1285 525 1320 incolis.

242 1332 325 1367 CAN.
355 1330 434 1366 740.
459 1353 475 1356 -
499 1331 559 1367 Ubi
590 1331 765 1377 paroeciae
799 1335 858 1365 aut
885 1340 969 1375 qua-

195 1379 223 1413 si
254 1379 427 1424 paroeciae
455 1379 611 1414 nondum
638 1383 720 1412 sunt
746 1379 966 1419 constitutae,

194 1431 400 1461 statutorum
429 1425 656 1471 peculiarium
693 1430 726 1460 et
751 1429 968 1470 receptarum

194 1473 486 1508 consuetudinum
522 1473 608 1508 ratio
643 1472 802 1508 habenda
839 1477 903 1514 est,
933 1477 969 1506 ut

196 1525 327 1555 constet
353 1521 492 1555 cuinam
531 1519 712 1559 sacerdoti,
744 1523 878 1565 praeter
904 1518 967 1555 Or-

195 1567 385 1607 dinarium,
406 1568 440 1601 in
470 1567 630 1602 universo
656 1566 826 1602 territorio
854 1566 905 1602 vel
933 1566 968 1600 in

195 1615 268 1649 eius
296 1620 389 1660 parte
416 1615 468 1649 ins
495 1614 577 1649 insit
606 1614 815 1660 baptizandi.

244 1662 325 1697 (jn.
345 1660 424 1696 741.
445 1683 461 1686 -
483 1661 782 1697 Extraordinarius
804 1660 965 1707 baptismi

194 1709 373 1744 sollemnis
412 1709 570 1744 minister
607 1713 657 1743 est
691 1709 880 1743 diaconus:
907 1708 964 1753 qui

195 1760 310 1791 tamen
339 1767 399 1791 sna
421 1761 584 1801 potestate
611 1767 654 1791 ue
675 1761 790 1791 utatur
808 1756 884 1790 sine
904 1755 964 1790 loci

196 1800 374 1837 Ordinarii
403 1803 452 1838 vel
480 1803 614 1848 parochi
645 1803 796 1845 licentia⁷
819 1802 908 1837 iusta
926 1802 967 1838 de

1040 585 1143 609 causa
1168 574 1401 615 concedenda,
1425 585 1525 620 quae,
1548 575 1606 610 ubi
1630 576 1819 612 necessitas

1042 626 1172 666 urgeat,
1200 621 1353 665 legitime
1381 622 1626 668 praesumitur.

1089 667 1173 704 Ciu.
1204 668 1284 704 742.
1305 688 1320 695 -
1341 673 1360 711 ἓ
1391 669 1420 703 l.
1440 668 1637 715 Baptismus
1664 680 1734 705 non
1754 671 1819 706 sol-

1042 716 1180 757 lemnis,
1207 717 1250 752 de
1275 727 1343 762 quo
1383 716 1420 750 in
1445 727 1524 752 can.
1551 715 1629 758 759,
1656 721 1676 759 ξ
1705 717 1735 758 l,
1763 728 1820 764 po-

1040 767 1106 798 test
1131 774 1152 798 a
1178 763 1301 809 quovis
1329 763 1532 805 ministrari,
1552 769 1686 800 servata
1704 764 1820 800 debita

1042 811 1200 851 materia,
1219 812 1330 846 forma
1355 815 1387 846 et
1412 811 1627 853 intentione3
1646 817 1820 858 quatenus

1042 868 1120 893 vero
1157 858 1228 893 fieri
1263 862 1386 902 potest,
1414 858 1649 894 adhibeantur
1679 859 1747 895 duo
1773 863 1820 895 te-

1041 909 1122 948 stes,
1144 907 1196 940 vel
1223 905 1346 940 saltem
1373 916 1478 947 unuS‚
1500 905 1627 951 quibus
1655 906 1818 953 baptismi

1041 952 1178 987 collatio
1206 951 1342 997 probari
1372 952 1492 997 po'ssit.

1089 1003 1107 1041 ᾖ
1133 998 1167 1034 ⁶2.
1196 999 1231 1035 Si
1272 1004 1389 1034 tamen
1417 999 1507 1034 adsit
1546 1001 1717 1045 sacerdos,
1746 1001 1821 1036 dia-

1040 1057 1127 1081 cono
1156 1046 1381 1092 praeferatur,
1402 1046 1570 1082 diaconus
1596 1048 1821 1091 subdiacono,

1041 1093 1187 1129 clericus
1214 1093 1301 1129 laico
1318 1098 1352 1129 et
1371 1092 1421 1128 vir
1442 1094 1605 1136 feminae,
1628 1095 1693 1129 nisi
1717 1095 1821 1140 pudo-

1041 1141 1088 1176 ris
1114 1141 1226 1185 gratia
1244 1141 1363 1176 deceat
1389 1140 1555 1176 seminam
1585 1142 1697 1187 potius
1716 1153 1822 1188 quam

1040 1188 1155 1224 virum
1172 1188 1363 1234 baptizare,
1381 1187 1431 1222 vel
1450 1188 1518 1222 nisi
1541 1188 1672 1224 femina
1686 1189 1834 1229 noverit*

1042 1235 1167 1271 melius
1195 1236 1343 1270 formam
1373 1240 1407 1270 et
1435 1236 1578 1271 modum
1605 1236 1820 1282 baptizandi.

1088 1286 1107 1325 ἓ
1135 1282 1167 1317 3.
1200 1282 1289 1318 Patri
1325 1287 1386 1318 aut
1422 1283 1522 1318 matri
1562 1295 1662 1318 suam
1692 1283 1822 1330 prolem

1042 1330 1218 1376 baptizare
1256 1340 1327 1365 non
1371 1330 1462 1369 licet,
1506 1335 1747 1376 praeterquam
1786 1330 1822 1365 in

1043 1377 1164 1413 mortis
1203 1377 1364 1423 periculo,
1392 1378 1533 1422 quando
1571 1378 1661 1413 alius
1689 1382 1823 1424 praesto

1041 1436 1113 1460 non
1139 1429 1202 1466 est,
1228 1425 1287 1470 qui
1316 1424 1479 1470 baptizet.

1090 1471 1174 1507 Cin.
1205 1471 1284 1506 743.
1308 1492 1323 1496 -
1345 1470 1450 1507 Curet
1478 1472 1648 1517 parochus
1676 1477 1713 1507 ut
1741 1472 1823 1508 fide-

1043 1519 1103 1554 les.
1141 1518 1344 1565 praesertim
1383 1518 1598 1558 obstetrices
1627 1519 1751 1555 medici
1791 1524 1825 1555 et

1043 1566 1208 1611 chirurgi,
1252 1570 1383 1601 rectum
1427 1565 1626 1612 baptizandi
1681 1566 1822 1602 modum

1045 1624 1104 1659 pro
1131 1624 1212 1649 casu
1240 1613 1457 1648 necessitatis
1485 1613 1589 1659 probe
1615 1613 1785 1649 ediscant.

1089 1659 1171 1696 Cis.
1203 1658 1282 1695 744.
1315 1681 1331 1686 -
1361 1660 1567 1695 Adultorum
1613 1660 1821 1707 baptismus,

1042 1707 1098 1742 ubi
1115 1707 1297 1743 commode
1313 1707 1384 1742 fieri
1402 1707 1520 1754 possit,
1533 1708 1576 1742 ad
1594 1707 1657 1743 loci
1675 1706 1824 1744 Ordina-

1042 1755 1132 1790 rium
1151 1755 1338 1798 deferatur,
1356 1759 1404 1795 ut.
1423 1755 1449 1789 si
1474 1755 1632 1795 voluerit,
1650 1755 1694 1790 ab
1712 1766 1751 1791 eo
1770 1755 1825 1791 vel

1040 1802 1084 1838 ab
1103 1802 1177 1838 eius
1203 1802 1358 1847 delegato
1384 1802 1589 1837 sollemnius
1608 1802 1820 1838 conferatur.

314 1911 380 1953 20.
415 1913 668 1967 Inscriptio
693 1912 869 1967 capitis
902 1913 950 1955 et
973 1911 1098 1955 ordo
1122 1923 1377 1955 canonum.
1395 1935 1421 1939 —
1439 1908 1720 1965 Expositionis
1745 1911 1816 1952 ini-

198 1983 297 2023 tinir¹
332 1987 391 2023 est
429 1980 561 2037 Γαριιί
598 1979 623 2022 Ι.
665 1979 720 2022 De
754 1980 947 2022 mimfstro
980 1979 1192 2037 baptismi,
1217 1979 1373 2023 scilieet
1406 1979 1457 2023 (le
1491 1978 1559 2022 illo
1593 1982 1662 2037 qui
1695 1979 1824 2036 depu-

198 2056 361 2106 putatus
394 2056 451 2093 est
485 2063 506 2094 a
542 2051 629 2107 lege
665 2056 747 2093 tum
773 2051 915 2093 divina
950 2055 1034 2093 tum
1068 2049 1362 2104 ecclesiastica,
1387 2055 1427 2092 ut
1466 2050 1649 2093 validum
1686 2049 1814 2106 bapti-

197 2134 329 2164 smum
364 2122 547 2164 conserat
580 2121 820 2177 licitumque
854 2121 905 2164 ad
940 2123 1172 2164 ministrum
1196 2121 1305 2178 quod
1341 2123 1485 2163 attinet
1519 2134 1591 2177 pro
1625 2119 1734 2163 illius
1756 2120 1818 2163 di-

200 2194 402 2235 versitate.
438 2191 551 2236 Unde
587 2192 775 2248 baptismi
800 2192 1011 2235 sollemnis
1036 2194 1271 2234 ministrum
1293 2191 1570 2234 determinant
1593 2203 1684 2234 can.
1709 2190 1815 2234 738-

198 2263 294 2313 741,
331 2269 410 2305 tres
454 2265 609 2319 priores
654 2277 724 2319 pro
768 2265 964 2306 territorii
1006 2263 1283 2317 distinctione,
1315 2261 1466 2319 quibus
1507 2262 1612 2306 alius
1655 2261 1815 2305 acc-edit

201 2338 365 2388 propter
397 2334 552 2376 ordinis
585 2333 889 2377 distinctionem
926 2336 962 2376 in
998 2333 1066 2376 illo
1101 2335 1299 2376 ministro.
1335 2332 1392 2376 De
1423 2333 1660 2376 conferente
1694 2331 1827 2388 bapti·

197 2416 330 2446 sinunt
369 2406 559 2459 privatim
595 2409 713 2447 cavet
749 2404 865 2460 plene
899 2417 989 2447 can.
1014 2403 1112 2458 74⁶2,
1136 2406 1200 2447 cui
1235 2403 1493 2447 subnectitur
1527 2403 1610 2446 743
1645 2403 1695 2446 ‹le
1721 2402 1823 2446 obli-

196 2476 360 2529 gatione
395 2474 560 2530 parochi
597 2475 690 2518 inde
724 2480 1015 2533 consequente,
1050 2479 1172 2532 atque
1215 2487 1304 2518 can.
1340 2474 1422 2516 744
1458 2475 1724 2530 singulariter
1759 2474 1814 2516 lo-

199 2547 339 2600 quitur
372 2546 421 2587 ‹le
457 2547 641 2588 ministro
677 2545 865 2601 baptismi
900 2545 1151 2589 adultorum.

319 2616 386 2660 21.
411 2618 633 2662 Minister
657 2619 888 2673 baptismi
913 2619 1163 2663 sollemnis
1186 2619 1233 2661 in
1257 2618 1517 2673 paroeciis.
1537 2642 1563 2645 -
1584 2614 1687 2660 Can.
1713 2617 1821 2659 738.
1886 2657 1893 2663 .

200 2693 223 2733 ,ξ
263 2686 293 2728 l.
331 2685 524 2728 Minister
557 2686 805 2729 ordinarius
847 2688 1027 2731 scilicet:
1062 2689 1131 2744 qui
1168 2689 1325 2730 ratione
1372 2686 1529 2729 ordinis
1560 2688 1738 2742 suscepti
1772 2687 1826 2729 fa-

200 2756 393 2799 cultatem
428 2757 548 2800 habet
585 2757 829 2813 regulariter
864 2772 935 2814 pro
969 2758 1205 2810 collatione,
1239 2770 1315 2800 non
1353 2759 1433 2800 iam
1471 2756 1609 2808 validi,
1645 2761 1686 2800 ut
1720 2757 1823 2800 infra

202 2827 367 2881 patebit,
400 2828 468 2869 seit
506 2828 601 2870 liciti
637 2828 833 2885 baptismi
865 2828 1081 2871 sollemnis
1115 2827 1242 2885 (quod
1265 2829 1320 2870 uti
1355 2827 1636 2871 ecclesiastica
1670 2829 1823 2871 functio

200 2901 257 2938 est
294 2899 381 2939 inre
413 2900 611 2939 canonico
645 2897 699 2939 illi
743 2898 875 2941 ordini
910 2897 1124 2954 attributa)
1172 2903 1232 2940 es!
1267 2896 1475 2949 sacerdos,
1513 2902 1632 2953 prout
1664 2901 1823 2940 constat
