1971 3261
217 135 285 169 718
923 141 1129 166 APPENDIX

409 357 579 402 SACRA
612 354 992 402 CONGREGATlO
1026 356 1095 400 DE
1130 354 1490 402 PROPAGANDA
1523 357 1640 401 FlDE

663 466 888 510 Formula
919 465 1061 509 tertia
1094 464 1289 522 (maior)
1326 464 1394 523 (I)

338 607 452 655 Viyore
473 607 649 655 potestatis
682 607 747 642 sibi
779 618 800 642 a
829 605 929 642 SSmo
957 605 998 641 D.
1027 605 1073 642 N.
1105 634 1734 639 ...................................................................
1760 607 1836 644 Βὶυ,

213 680 309 716 prov,
327 679 394 717 PF,
415 708 419 711 ,
423 707 657 711 .........................
681 678 823 714 tributae
852 678 930 713 haec
956 677 989 714 S.
1010 678 1228 726 Conyreqatio
1256 678 1446 715 Christiano
1464 678 1604 716 Nomini
1623 679 1839 727 Propaqando

214 750 293 787 Rev.
314 751 351 787 P.
383 751 527 787 Domino
556 749 739 787 Ordinario
766 749 822 793 (ll)
856 776 1841 782 ........................................................................................................

211 829 381 866 sequentes
403 821 584 868 facultates
602 821 749 856 concedit
767 819 902 866 adtlll)
923 847 1842 853 .................................................................................................

330 952 357 995 l.
392 952 509 997 Hanc
543 952 761 995 formulam
798 951 1113 996 transcribimus
1146 964 1195 995 eo
1237 952 1347 1009 quod
1380 951 1598 996 abundans
1629 954 1681 995 sit
1713 952 1838 996 facul-

211 1023 363 1068 tatibus
395 1023 485 1081 plus
517 1036 641 1082 quam
675 1027 852 1071 ceterae,
876 1035 982 1080 quae
1005 1022 1161 1066 idcirco
1193 1023 1244 1066 ad
1270 1022 1381 1066 illam
1405 1022 1624 1066 commode
1650 1026 1838 1067 revocari

213 1099 393 1151 possunt.
428 1094 617 1150 Qualiter
649 1093 867 1137 Formulae
899 1095 1152 1137 conveniant
1185 1097 1327 1136 mutuo
1377 1095 1416 1136 in
1449 1093 1622 1149 singulis
1654 1096 1840 1137 numeris

210 1166 516 1220 subnectemus,
551 1169 674 1223 atque
707 1169 939 1221 opportune
973 1169 1131 1208 textum
1166 1163 1341 1208 aliarum
1377 1164 1665 1220 adiungemus.
1689 1164 1836 1208 Statim

212 1243 302 1296 post
333 1237 518 1294 singulos
551 1250 746 1279 numeros
778 1235 1069 1279 adnotabimus
1102 1237 1141 1278 in
1186 1248 1267 1292 quo
1317 1234 1540 1278 voluminis
1574 1235 1663 1279 loco
1696 1248 1838 1279 eorum

211 1310 493 1365 interpretatio
528 1309 777 1350 inveniatur.
813 1306 926 1350 Haec
958 1309 990 1350 si
1026 1306 1161 1350 locum
1197 1309 1235 1349 in
1260 1306 1406 1350 eodem
1431 1308 1572 1349 sortita
1599 1319 1679 1349 non
1703 1307 1839 1362 fuerit,

211 1384 249 1423 in
285 1383 472 1437 respectu
507 1378 556 1422 ad
591 1377 768 1421 eundem
808 1390 1028 1420 numerum
1076 1377 1293 1421 inserenda
1339 1379 1428 1420 erit.
1465 1376 1649 1435 Denique
1687 1392 1707 1417 «
1731 1390 1840 1420 com-

212 1453 347 1494 munis
378 1454 515 1494 textus
557 1453 734 1506 quatuor
775 1447 1009 1491 formulis»
1048 1448 1343 1504 intelligendus
1386 1450 1424 1490 in
1469 1447 1661 1491 For-mula
1706 1450 1838 1502 prima

210 1522 367 1575 deesse,
402 1534 424 1564 e
455 1533 660 1564 converso
692 1532 956 1563 communem
991 1519 1184 1563 omnibus
1210 1519 1273 1563 vel
1309 1521 1490 1576 ipsarum
1515 1518 1724 1576 aliquibus
1756 1520 1837 1563 suf-

210 1594 398 1637 ficienter
429 1593 727 1648 exprimemus,
760 1590 1114 1648 quemadmodum
1152 1590 1402 1647 peculiarem
1449 1589 1512 1633 his
1554 1590 1615 1633 vel
1649 1590 1741 1634 aliis
1773 1590 1840 1634 de-

210 1665 454 1707 terminatis.
1806 1708 1809 1709 ⁷

328 1733 373 1778 11.
408 1733 484 1777 Hic
519 1746 641 1777 manu
689 1732 886 1777 scribitur
918 1733 1200 1776 denominatio
1243 1732 1468 1788 Dioecesis,
1508 1731 1738 1776 Vicariatus
1773 1732 1838 1776 vel

211 1806 495 1849 Praefecturae
532 1804 806 1861 Apostolicae,
840 1816 887 1848 ac
926 1819 947 1845 ((
970 1806 1138 1848 nomine
1172 1801 1385 1849 Ordinarii
1436 1805 1548 1847 venit
1580 1805 1713 1860 primo
1746 1803 1840 1860 Epi-

209 1890 372 1932 scopus,
406 1874 595 1919 Vicat-ius
631 1875 692 1918 vel
729 1875 967 1918 Praefectus
1000 1875 1278 1931 Apostolicus‚
1312 1874 1502 1931 Episcopi
1541 1873 1727 1918 Vicai·ius
1759 1873 1837 1918 Ge·

210 1946 403 1990 nei-alis.»
441 1946 547 2003 (can.
586 1946 682 2002 198,
715 1946 743 2004 ξ
778 1945 835 2003 1).
872 1945 994 1989 ltem:
1035 1961 1055 1987 «
1077 1946 1126 1990 ad
1171 1959 1275 2004 quos
1311 1947 1535 1989 vicariatus
1583 1950 1653 1988 aut
1688 1945 1840 2001 praefe-

209 2023 351 2061 cturae
385 2029 483 2060 cura
517 2017 734 2060 devenerit
781 2017 831 2060 ad
867 2029 1054 2060 normam
1104 2029 1193 2060 can.
1230 2017 1312 2060 309
1363 2016 1535 2062 iidem...
1567 2017 1626 2059 uti
1670 2021 1840 2072 possunt

209 2088 400 2132 omnibus
432 2088 751 2143 facultatibus‚...
786 2087 936 2145 quibus
972 2086 1159 2131 Vicarius
1195 2088 1257 2131 vel
1284 2087 1521 2148 Praefectus
1546 2086 1736 2143 pollebat,
1760 2089 1837 2129 nisi

209 2162 455 2203 commissae
487 2160 637 2202 fuerint
670 2158 722 2202 ob
746 2159 990 2202 industriam
1028 2171 1270 2215 personae»
1299 2158 1407 2216 (can.
1434 2158 1550 2215 310).
1577 2156 1663 2200 Hoc
1695 2161 1834 2200 autem

210 2244 288 2274 non
314 2231 580 2274 iudicandum
606 2235 665 2274 est
689 2232 727 2272 in
754 2229 944 2273 Formula
973 2230 1076 2279 fieri,
1100 2231 1261 2273 etiamsi
1286 2242 1434 2272 nomen
1459 2229 1641 2272 defuncti
1665 2231 1735 2271 aut
1758 2229 1836 2270 im·

210 2303 336 2359 pediti
374 2299 522 2344 Vicarii
551 2300 614 2343 vel
643 2300 838 2344 Praefecti
863 2300 1087 2356 Apostolici
1112 2301 1235 2344 fuerit
1269 2301 1528 2355 inscriptum,
1558 2298 1839 2357 quandocum-
1914 2355 1917 2362 Ι

208 2386 288 2430 que
322 2371 496 2415 verbum
535 2370 768 2415 Ordinario
801 2372 925 2414 suerit
957 2371 1162 2414 relictum.
1197 2371 1333 2428 Atque
1366 2373 1404 2413 in
1437 2383 1590 2426 genere
1627 2370 1833 2412 «nomine

208 2441 418 2488 Ordinarii
454 2442 741 2499 intelliguntur
774 2442 833 2500 (in
868 2441 1089 2499 Formulis)
1125 2444 1150 2484 ii
1184 2444 1255 2499 qui
1291 2441 1514 2498 praedictis
1546 2438 1836 2484 deficientibus

208 2513 275 2570 (ad
311 2526 413 2571 quos
447 2513 539 2556 illae
572 2512 872 2570 inscribuntur)
900 2515 1064 2556 interim
1089 2526 1137 2556 ex
1165 2514 1267 2556 iuris
1290 2514 1543 2569 praescripto
1577 2515 1647 2554 aut
1669 2523 1718 2553 ex
1745 2523 1838 2566 pro·
1903 2505 1924 2559 J

209 2585 312 2628 baiis
344 2584 706 2627 constitutionibus
736 2584 967 2627 succedunt
999 2586 1038 2626 in
1075 2586 1320 2640 regimine»
1355 2586 1461 2637 (can.
1496 2582 1595 2635 198,
1617 2581 1646 2639 ἓ
1679 2580 1736 2638 1).
1762 2580 1839 2624 De-

209 2669 319 2698 mum
354 2669 403 2698 ex
430 2654 609 2711 Epistola
632 2656 670 2699 S.
695 2653 861 2710 Congr.8
883 2655 935 2697 de
961 2654 999 2697 P.
1025 2653 1068 2697 F.
1096 2669 1119 2695 <‹
1143 2653 1258 2697 luxta
1290 2666 1379 2698 can.
1411 2653 1491 2696 198
1515 2651 1612 2696 Cod.
1639 2651 1666 2695 l.
1690 2650 1777 2695 C.»
1807 2651 1836 2692 ¹.

212 2727 500 2782 «Superiores
532 2726 621 2781 (seu
652 2722 884 2782 Ordinarii)
920 2727 1161 2770 Missionum
1195 2726 1440 2768 auctoritate
1474 2722 1628 2780 pollent
1657 2721 1735 2766 sibi
1767 2722 1862 2765 de-·
1939 2758 1946 2766 ,

327 2878 339 2900 1
365 2878 387 2912 s
411 2878 503 2912 Deo.
537 2878 638 2922 1919,
669 2877 745 2912 co,
773 2878 865 2919 XII,
898 2879 976 2913 120.
