1971 3261
157 112 256 148 Can.
285 112 377 147 1092
657 111 741 145 ΤιΤ.
780 111 865 146 vn.
891 131 907 138 -
934 112 990 146 De
1033 112 1292 146 nsatrimom'o

1727 111 1797 145 619

154 230 355 266 secundum
375 229 539 264 traditam
558 228 765 263 doctrinam.
794 228 956 264 conditio
977 240 1055 264 vero
1075 228 1302 274 impossibilis
1330 228 1554 264 matrimonio
1572 228 1690 264 addita
1709 228 1799 264 serio

157 289 276 335 ipsum
303 288 461 324 redderet
489 287 640 325 nullum,
672 287 778 322 immo
804 292 891 323 esset
919 288 1060 332 signum
1090 288 1262 323 maximae
1287 287 1482 323 aversionis
1507 287 1550 323 ab
1579 288 1667 334 ipso.

279 370 377 415 492.
413 372 641 417 Conditio
675 373 987 416 matrimonio
1021 373 1286 416 contraria.
1321 396 1372 401 —
1407 371 1603 427 Sequitur
1648 373 1684 413 in
1730 382 1798 414 ca-

158 455 296 487 none:
330 440 379 484 2⁰
413 441 457 484 Si
495 457 513 481 «
539 441 721 484 conditio
745 456 785 486 n,
821 446 860 484 ut
897 444 934 483 in
969 443 1057 484 eius
1090 447 1198 487 can.⁸
1233 443 1435 497 principio
1473 443 1615 483 «sit»
1653 440 1704 483 de
1735 439 1799 498 fv-

157 518 257 556 turo
281 517 427 555 conlra
451 511 716 553 matrimonii
738 510 1033 562 salutantium,
1070 515 1188 567 prout
1223 511 1324 554 haec
1360 514 1590 567 integratur
1615 513 1799 567 proprie-

158 582 314 627 tatibus
347 595 394 626 ac
427 582 629 638 dignitate
661 584 927 635 sacramenti,
961 582 1148 625 scilicet:
1198 594 1305 638 quae
1347 582 1528 625 conditio
1571 587 1639 625 aut
1676 583 1797 625 tinem

162 652 434 710 principalem
472 654 723 696 matrimonii
773 652 983 706 excludat,
1027 655 1092 696 cui
1141 654 1294 695 caeteri
1344 651 1686 706 subordinantur,
1733 652 1795 695 vel

156 724 342 781 aliquam
378 723 639 767 essentialem
666 725 977 779 proprietatem,
1000 726 1107 767 sicut
1131 727 1243 779 patet
1276 725 1313 765 in
1340 722 1618 766 Decretalium
1657 728 1799 773 textu;

157 807 257 838 :nam
295 809 315 835 (ε
339 796 370 837 si
395 796 707 850 generationem
734 793 859 850 prolis
883 796 1060 837 evites»
1099 798 1157 837 est
1192 798 1334 837 contra
1371 794 1494 836 linem
1531 793 1662 845 illum,
1693 793 1799 836 «do-

160 879 237 909 nec
272 867 483 909 inveniam
518 864 640 908 aliam
676 870 753 908 etc.
778 881 797 905 ))
853 866 1013 921 impetit
1064 866 1315 907 matrimonii
1361 863 1798 917 indissolubilitatem3

158 941 287 994 atque
325 939 402 980 «si
437 950 509 993 pro
542 941 714 993 quaestu
749 935 1066 979 adulterandam
1094 941 1130 978 te
1165 935 1347 978 tradas»
1385 935 1542 978 directe
1577 938 1800 991 opponitur

162 1009 308 1051 unitati
342 1006 478 1064 quoad
514 1007 798 1050 exclusionem
833 1005 1005 1049 alterius
1041 1018 1241 1061 personae
1277 1007 1313 1047 in
1352 1005 1527 1048 maritali
1578 1008 1798 1048 consortio.

162 1076 246 1121 Nec
270 1077 320 1120 de
346 1077 407 1120 his
441 1081 601 1120 tantum
630 1075 940 1120 conditionibus
963 1081 1023 1119 est
1047 1076 1235 1119 doctrina
1271 1075 1554 1132 intelligenda,
1578 1089 1671 1118 cum
1709 1076 1800 1119 illae

158 1148 421 1192 conditiones
471 1147 624 1191 ibidem
675 1150 911 1190 inserantur
959 1146 1140 1203 exempli
1190 1159 1328 1199 causa,
1379 1151 1547 1202 propter
1601 1146 1797 1190 verbum:

167 1224 308 1276 «puta
342 1221 374 1262 si
411 1219 515 1261 alter
549 1218 659 1261 dicat
693 1218 809 1261 alteri
837 1234 875 1262 )).
912 1217 1130 1260 Praeterea
1166 1220 1266 1260 istae
1299 1216 1558 1260 conditiones
1592 1230 1669 1259 non
1705 1222 1798 1259 sunt

158 1291 431 1346 accipiendae
466 1294 678 1346 tamquam
712 1291 984 1345 suspensivae
1008 1288 1059 1331 de
1082 1289 1234 1341 futuro,
1269 1290 1428 1330 etiamsi
1464 1287 1646 1345 aliquem
1681 1301 1803 1331 even-

162 1365 249 1404 tum
284 1363 522 1417 exprimant
556 1360 755 1402 futurum.
791 1358 849 1402 De
881 1359 1063 1402 secunda
1099 1358 1274 1402 evidens
1307 1362 1367 1401 est
1401 1358 1510 1415 quod
1548 1360 1798 1401 matrimonii

164 1431 378 1475 vinculum
414 1435 475 1474 est
508 1446 526 1473 a
562 1429 905 1474 contrahentibus
937 1432 1075 1473 statim
1114 1429 1286 1472 volitum
1323 1442 1453 1486 usque
1477 1429 1526 1472 ad
1552 1428 1802 1472 conditionis

159 1502 329 1544 tactum.
365 1500 449 1544 Nec
486 1502 620 1543 minus
653 1504 813 1543 certum
838 1504 897 1543 est
922 1499 973 1542 de
997 1501 1132 1553 tertia,
1166 1501 1262 1556 quia
1297 1512 1375 1542 non
1412 1498 1658 1555 intelligitur
1690 1499 1803 1542 adul-

161 1573 314 1616 terium
351 1575 427 1615 nisi
465 1574 738 1628 praecesserit
772 1573 1113 1624 matrimonium3
1149 1583 1196 1614 ac
1230 1571 1410 1628 denique
1444 1583 1587 1613 omnes
1610 1570 1804 1613 similiter

157 1643 456 1687 contrahentes
490 1643 706 1686 intendunt
741 1644 877 1686 statim
913 1641 1034 1685 simul
1070 1644 1300 1685 convivere
1334 1646 1544 1698 tamquam
1586 1643 1670 1684 veri
1705 1655 1800 1684 con-

161 1717 292 1772 iuges.
328 1714 596 1758 Adiectiones
629 1727 728 1770 ergo
774 1713 1012 1757 huiusmodi
1064 1713 1352 1769 intelliguntur
1399 1725 1479 1770 qua
1529 1712 1802 1767 conditioneS,

162 1788 408 1843 inquantum
433 1787 492 1829 sic
524 1789 787 1829 contraentes
822 1787 859 1827 in
884 1786 1196 1827 matrimonium
1233 1786 1494 1827 consentiunt
1519 1783 1805 1839 dependenter

159 1856 214 1900 ab
249 1855 315 1899 illa
350 1856 602 1910 conditione,
635 1855 744 1912 quod
781 1855 890 1897 idem
925 1859 984 1898 est
1018 1867 1066 1898 ac
1100 1853 1308 1898 obiectum
1344 1867 1570 1897 consensus
1596 1855 1804 1896 matrimo-

162 1927 284 1971 nialis
320 1941 392 1983 per
425 1927 579 1970 dictam
614 1926 897 1970 conditionem
932 1925 1123 1969 limitare.
1162 1924 1248 1968 Hoc
1282 1927 1390 1968 enim
1427 1925 1548 1967 modo
1584 1926 1641 1981 lit,
1677 1929 1719 1967 ut
1752 1926 1803 1967 sit

165 2011 263 2042 vera
299 1998 481 2042 conditio
516 2002 720 2055 quatenus
753 2010 773 2040 a
811 1997 919 2039 modi
955 1997 1188 2040 adiectione
1233 1995 1518 2052 distinguitur,
1550 1997 1655 2038 sicut
1702 1994 1802 2038 haec

161 2082 289 2126 supra
324 2074 383 2112 est
417 2068 642 2112 declarata.

284 2140 366 2184 lam
404 2140 465 2183 his
500 2141 824 2196 praesuppositis
859 2144 967 2195 patet
1002 2152 1125 2196 quam
1161 2141 1370 2194 sapienter
1403 2138 1555 2181 dixerit
1591 2137 1801 2180 Pontifex:

166 2210 534 2255 «matrimonialis
567 2215 848 2254 contractus...
884 2215 996 2253 caret
1030 2210 1180 2253 eti‘ectu
1206 2225 1255 2258 ));
1292 2222 1364 2265 per
1399 2208 1488 2251 illas
1520 2211 1630 2252 enim
1665 2207 1805 2251 condi-

162 2285 295 2326 tiones
327 2283 567 2326 excluditur
602 2283 825 2339 requisitus
859 2283 1093 2324 necessario
1127 2293 1353 2323 consensus
1378 2278 1709 2331 matrimonialis,
1733 2280 1800 2335 qui

163 2353 265 2397 haec
300 2355 437 2396 omnia
474 2351 673 2408 implicite
705 2351 852 2394 saltem
886 2351 1106 2407 complecti
1142 2350 1278 2394 debet.
1304 2350 1506 2394 Additur:
1536 2366 1557 2390 (ι
1581 2354 1802 2407 quantum-

161 2436 345 2480 cumque
378 2425 429 2466 sit
462 2422 704 2466 favorabilis
727 2437 766 2475 »,
801 2424 896 2479 quia
932 2423 1215 2478 praesumptio
1243 2420 1395 2464 valoris
1424 2422 1565 2477 nequit
1600 2420 1804 2463 adversus

167 2496 385 2538 veritatem
421 2493 620 2537 nullitatis
651 2493 908 2550 praevalere.
934 2491 994 2535 Ac
1020 2503 1166 2535 revera
1193 2491 1260 2534 ille
1283 2493 1353 2548 qui
1379 2493 1547 2548 apponit
1573 2491 1804 2534 contractui

164 2564 462 2608 matrimoniali
498 2564 778 2608 conditionem
814 2564 1037 2607 adversam
1071 2561 1327 2606 substantiae
1361 2561 1512 2606 obiecti
1548 2563 1652 2615 eius,
1682 2560 1805 2604 habet

164 2638 204 2678 in
242 2640 379 2679 mente
426 2647 474 2678 ac
526 2635 736 2678 voluntate
780 2634 990 2678 obiectum
1024 2632 1302 2676 essentialiter
1333 2632 1574 2676 distinctum
1611 2645 1631 2674 a
1669 2633 1806 2675 matri-

165 2705 334 2749 moniali
374 2705 554 2760 vinculo,
588 2706 698 2763 quod
725 2708 814 2749 iure
838 2703 1016 2749 naturali
1041 2716 1088 2747 ac
1112 2703 1257 2746 divino
1291 2708 1351 2747 est
1385 2706 1670 2747 constitutum.
1698 2701 1805 2757 Ergo

168 2776 360 2820 voluntas
395 2779 647 2820 matrimonii
691 2775 964 2820 contrahendi
1014 2787 1060 2818 ea
1111 2776 1150 2817 in
1202 2773 1420 2831 hypothesi
1457 2787 1536 2817 non
1571 2775 1723 2816 existit.
1759 2771 1805 2815 Et

166 2847 334 2891 nullitas
384 2846 485 2891 haec
535 2851 704 2903 propter
747 2846 913 2890 allatam
950 2847 1151 2889 rationem
1187 2850 1248 2888 est
1282 2847 1421 2888 innixa
1459 2849 1630 2888 naturae
1664 2844 1803 2885 matri-
