1971 3261
175 189 242 222 120
572 187 656 222 Lus.
683 187 753 221 ΙΙΙ.
780 207 792 212 -
819 187 929 220 PARS
955 186 985 220 I.
1015 206 1026 212 -
1053 186 1110 221 Dc
1135 186 1400 222 Sacramentz‘s
1607 187 1700 222 Can.
1728 187 1803 221 809

173 307 379 362 indigent,
413 305 484 348 sed
520 305 608 348 laus
641 309 680 347 et
713 306 940 360 gratiarum
975 306 1082 347 actio
1126 303 1208 348 Deo
1258 318 1330 360 per
1377 306 1643 358 sacrificium,
1691 317 1801 362 quae·

175 378 337 432 proprie
372 376 530 418 fructus
562 387 640 417 non
678 378 891 428 vocantur,
928 375 965 415 in
1000 387 1143 417 eorum
1178 373 1376 417 honorem
1418 374 1664 427 redundant,
1703 387 1799 418 cum

174 448 210 488 in
248 447 488 488 memoriam
525 447 704 500 ipsorum
742 442 978 487 celebratur
1012 446 1158 497 missa;
1194 444 1374 488 exclusis
1406 447 1529 488 etiam
1578 445 1800 497 damnatis,

172 519 267 574 quia
305 518 387 558 «111
424 516 580 558 inferno
615 514 725 557 nulla
760 518 820 556 est
853 514 1129 570 redemptio»
1167 528 1242 558 nec
1274 527 1295 558 a
1331 515 1615 572 redemptione
1650 528 1796 571 prove-

171 589 286 630 niens
318 586 509 629 sacriticii
545 586 726 638 fructus,
760 585 870 642 quod
906 586 1028 628 etiam
1066 587 1103 627 in
1141 585 1312 629 limbum
1347 586 1396 629 ad
1450 599 1598 641 pueros
1640 585 1800 643 absque

172 657 373 713 baptismo
406 656 623 699 defunctos
656 655 882 699 extendere
915 668 1018 711 opus
1051 660 1124 707 est,
1159 661 1327 712 propter
1360 670 1502 699 eorum
1525 656 1795 700 immutabili-

172 733 292 771 tatem
330 729 366 769 in
403 728 602 769 termino:
639 730 764 768 restat
797 739 896 782 ergo
932 730 974 768 ut
1007 726 1058 769 de
1091 726 1308 770 animabus
1329 726 1580 784 pmyatorio
1604 727 1700 783 iyne
1722 725 1798 769 ad·

171 798 297 840 missa
331 796 598 854 expiantibus
633 797 841 840 fructuosa
877 795 1130 853 intelligatur
1163 797 1401 853 applicatio,
1430 813 1451 838 c<
1474 810 1567 840 cum
1593 796 1796 840 catholica

168 869 357 922 ecclesia,
391 869 545 923 Spiritu
579 867 728 910 Sancto
762 867 922 917 edocta,
960 880 1009 910 ex
1043 869 1172 911 sacris
1197 867 1358 920 litteris,
1381 872 1421 910 et
1443 869 1610 924 antiqua
1633 872 1796 923 patrum

169 938 400 992 traditione,
435 939 474 980 in
507 938 645 981 Sacris
678 936 885 991 Conciliis,
920 941 959 979 et
992 939 1218 980 novissime
1253 939 1290 979 in
1315 937 1393 980 hac
1416 934 1698 981 Oecumenica
1721 936 1794 994 Sy-

168 1009 273 1052 nodo
307 1010 509 1061 docuerit,
544 1010 830 1064 purgatorium
864 1021 975 1053 esse:
1011 1009 1254 1065 animasque
1288 1008 1342 1052 ibi
1383 1008 1582 1051 detentas.
1607 1007 1794 1051 fidelium

164 1080 385 1135 suffragiis,
421 1081 677 1134 potissimum
717 1092 815 1122 vero
849 1078 1094 1135 acceptabili
1135 1078 1276 1122 altaris
1322 1080 1545 1131 sacrificio,
1595 1081 1728 1122 iurari
1754 1094 1797 1133 ›>,

167 1155 208 1192 ut
241 1149 418 1205 legimus
451 1152 489 1192 in
526 1148 639 1192 Dec⁰.
675 1149 811 1194 Conc‘.
846 1148 971 1192 Tricr.
1006 1148 1065 1193 De
1102 1152 1340 1207 purgatorio
1372 1157 1487 1201 (sess.
1522 1149 1668 1206 XXV).

285 1220 541 1264 Proclamato
577 1219 730 1263 liberae
772 1220 1060 1276 applicationis
1086 1223 1234 1264 missae
1257 1234 1356 1264 sano
1382 1224 1598 1278 principio,
1624 1221 1795 1277 explicit

164 1302 294 1334 canon
330 1290 406 1334 hac
440 1290 682 1333 limitatione
717 1304 788 1346 per
820 1289 1014 1335 Codicem
1050 1293 1225 1347 positive
1262 1294 1471 1348 apposita:
1506 1291 1621 1335 salvo
1666 1306 1790 1350 prae·

164 1361 320 1419 scripto
354 1375 444 1405 can.
477 1363 616 1411 2262),
649 1361 677 1418 ἓ
709 1363 752 1415 2,
786 1376 824 1406 11.
859 1363 902 1411 2,
935 1361 1115 1405 scilicet:
1156 1361 1287 1405 «Non
1339 1362 1611 1419 prohibentur
1655 1369 1792 1407 tamen

164 1433 400 1475 sacerdotes
433 1431 596 1475 Missam
633 1434 828 1488 privatim
862 1444 909 1475 ac
945 1437 1102 1475 remoto
1135 1433 1332 1477 scandalo
1382 1447 1454 1490 pro
1502 1447 1549 1477 eo
1600 1433 1794 1491 (nempe:

164 1502 544 1558 excommunicato)
578 1501 812 1557 applicare,
847 1502 934 1556 sed,
968 1505 1000 1545 si
1034 1505 1084 1546 sit
1122 1503 1326 1558 vitandus,
1362 1517 1434 1559 pro
1482 1506 1570 1547 eius
1617 1517 1792 1548 conver-

162 1574 277 1615 sione
308 1577 530 1615 tantum».
566 1570 682 1625 Quae
717 1572 780 1615 lex
817 1575 984 1616 omnino
1020 1575 1138 1627 iusta,
1173 1576 1248 1617 etsi
1280 1573 1491 1618 Ecclesiae
1526 1575 1724 1618 iudicium
1751 1577 1793 1618 in

165 1645 279 1699 praxi
314 1643 496 1699 ettugiat,
530 1648 591 1686 est
625 1645 662 1685 in
698 1645 949 1687 conscientia
984 1657 1055 1687 seu
1090 1644 1198 1700 apud
1239 1644 1368 1687 Deum
1393 1645 1598 1688 servanda
1625 1650 1795 1702 propter

161 1713 382 1769 specialem
417 1718 607 1756 naturam
643 1716 855 1770 potestatis
890 1713 1100 1758 Ecclesiae
1134 1728 1153 1758 a
1189 1714 1350 1759 Christo
1383 1716 1571 1759 traditae.

283 1784 377 1826 115.
413 1786 486 1830 De
519 1787 803 1830 immediata
836 1788 1223 1842 praeparatione
1271 1788 1336 1832 ad
1382 1789 1584 1833 missam
1633 1791 1681 1833 et
1728 1789 1794 1833 de

161 1857 434 1911 gratiarum
467 1857 674 1901 actione.
711 1880 762 1885 —
797 1856 1005 1911 Scriptum
1040 1860 1124 1899 est:
1164 1856 1315 1899 «Ante
1339 1859 1565 1900 orationem
1590 1869 1788 1914 praepara

161 1928 339 1968 animam
375 1930 501 1979 tuam,
535 1931 574 1969 et
608 1925 689 1968 noli
723 1939 811 1969 esse
845 1929 961 1984 quasi
997 1927 1119 1969 homo
1154 1930 1222 1984 qni
1258 1932 1386 1971 tentat
1423 1927 1601 1971 Deum»
1632 1928 1658 1970 ¹.
1684 1928 1792 1972 Hinc

161 2000 271 2039 recte
307 2000 444 2039 monet
476 2010 566 2038 can.
601 1998 701 2041 810.
739 1996 957 2051 Sacerdos
991 1999 1081 2040 sive
1101 1997 1358 2054 plenitudine
1381 1999 1602 2041 sacerdotii
1628 2004 1790 2053 auctus,

159 2068 248 2109 sive
283 2066 507 2122 presbyter,
542 2081 593 2109 ne
625 2067 807 2119 omittat,
843 2081 941 2124 ergo
975 2073 1035 2111 est
1068 2067 1131 2111 lex
1183 2068 1434 2124 prohibitiva
1484 2068 1672 2125 obligans
1716 2083 1791 2126 pro-

159 2149 422 2193 quacumque
455 2136 661 2180 oblatione
695 2138 746 2181 de
779 2151 859 2195 qua
893 2141 1053 2181 statim:
1089 2138 1145 2181 ad
1167 2137 1469 2191 Euclzaristiei,
1493 2140 1669 2184 scilicet:
1695 2153 1789 2183 san-

159 2209 366 2250 ctissimae
401 2207 684 2251 Eucharistiae
719 2211 756 2251 in
792 2221 881 2252 can.
923 2209 999 2252 801
1030 2209 1278 2265 descriptae,
1304 2209 1514 2267 Sacrv'fleii
1536 2209 1790 2254 oblationem

158 2272 397 2321 solemniter
431 2280 694 2334 incipientem
730 2279 852 2322 simul
888 2293 980 2323 cum
1019 2279 1152 2334 Missa,
1186 2293 1257 2323 seu
1291 2280 1340 2323 ad
1376 2280 1483 2324 hanc
1515 2283 1554 2336 a)
1589 2281 1788 2338 sesepiis

156 2347 347 2406 precibus
400 2347 634 2406 disponere,
688 2363 796 2407 quae
851 2353 1017 2406 proprie
1070 2351 1290 2407 designant
1345 2351 1509 2395 vocales
1561 2354 1785 2405 orationes,

158 2431 333 2476 quarum
368 2423 484 2461 tenor
517 2432 564 2462 ac
597 2420 759 2463 duratio
795 2434 872 2463 non
908 2421 1252 2474 determinantur,
1276 2421 1371 2465 hinc
1389 2422 1578 2465 sufficere
1602 2423 1785 2466 dicerem

157 2488 247 2532 illas
280 2502 385 2546 quae
420 2491 457 2531 in
494 2489 608 2532 libris
633 2490 834 2545 liturgicis
860 2505 931 2547 pro
956 2492 1252 2535 commoditate
1274 2492 1545 2535 Sacerdotum
1574 2495 1783 2536 insinuan-

157 2564 236 2608 tur,
270 2559 481 2603 similesve
514 2562 637 2603 etiam
671 2562 805 2618 quoad
855 2562 1129 2615 durationem,
1178 2576 1305 2620 eoque
1357 2562 1520 2620 eoepleto
1570 2564 1786 2607 Sacrificio

157 2629 317 2686 Missae,
352 2629 394 2687 b)
425 2631 593 2686 yralias
631 2630 712 2674 Deo
743 2645 821 2689 pro
857 2637 973 2675 tanto
1006 2632 1199 2688 beneficio
1234 2647 1372 2689 aqere.
1406 2632 1506 2677 Cum
1547 2650 1567 2674 «
1589 2637 1625 2677 in
1652 2636 1784 2677 omni-

158 2699 234 2744 bus
286 2704 439 2756 gratias
486 2703 595 2755 agite
618 2717 638 2742 ,‚
688 2702 874 2746 hortetur
907 2703 1292 2747 Thessalonicenses
1327 2704 1547 2760 Apostolus
1571 2703 1599 2755 ²,
1635 2707 1782 2760 potiori

158 2773 315 2813 ratione
352 2773 480 2814 virtus
513 2772 778 2827 gratitudinis
812 2786 860 2816 ex
898 2773 964 2816 tali
1002 2778 1220 2830 praecepto
1255 2779 1374 2830 urget
1411 2791 1433 2815 «
1457 2788 1529 2831 pro
1563 2780 1674 2818 tanto
1714 2774 1783 2818 be·

252 2922 262 2943 ¹
290 2921 407 2955 Eccli.
437 2922 584 2965 XVIII,
613 2923 669 2956 23.
699 2944 745 2949 —-
771 2924 783 2946 '³
810 2925 827 2957 I
854 2925 901 2958 ad
928 2925 1102 2961 Thessal.
1133 2926 1179 2959 V.
1211 2926 1265 2960 18.
