1971 3261
117 144 206 181 Gan.
230 143 301 178 985
685 143 767 177 Tm
797 144 859 178 VI.
888 163 898 169 -
927 144 982 178 De
1014 146 1157 180 Ordine
1670 148 1740 182 431

118 265 280 307 stantiis
312 268 509 320 appareat
543 264 694 306 sactum
731 264 854 305 fuisse
888 278 965 307 non
1002 265 1057 307 ad
1099 265 1342 308 smnemlam
1390 266 1631 320 vindictam,
1675 267 1748 310 sed

119 332 174 376 ad
208 333 411 376 iizim'iam
442 331 800 391 propulsandam;
832 334 940 390 quod
977 335 1167 391 exemplo
1203 336 1395 391 panditur
1429 339 1465 379 in
1501 352 1534 380 c.
1581 337 1694 382 1811.
1723 343 1748 381 t.

117 417 242 460 supra
265 406 403 458 citato,
426 404 526 461 seq.¹
549 404 608 459 §⁰-
639 419 659 444 ((
682 404 722 447 Si
751 417 848 446 vero
872 404 1240 460 (quomadmodum
1262 406 1519 462 perhibetur*
1545 408 1748 452 Sacerdos

119 476 206 529 iste,
242 477 355 531 prius
378 474 428 518 al)
453 474 520 517 illo
546 487 765 531 percussus
787 474 1005 530 sacrilego,
1032 490 1122 518 mox
1150 490 1246 520 eum
1272 491 1364 520 cum
1393 478 1527 531 ligone
1548 481 1585 521 in
1612 482 1747 536 capite

118 548 342 603 percussit:
378 548 571 603 quamvis
607 548 688 588 vim
726 547 764 587 vi
801 545 1016 601 repellere,
1052 560 1195 589 omnes
1231 548 1354 603 leges,
1395 554 1431 592 et
1476 552 1612 593 omnia
1659 552 1748 594 iura

119 619 382 674 permittunt:
407 619 503 674 quia
539 621 674 659 tamen
710 615 748 659 id
782 614 907 659 debet
941 617 1028 658 lieri
1064 631 1156 659 cum
1195 619 1479 661 moderamine
1514 619 1749 676 inculpatae

118 688 270 732 tutelae
294 701 372 730 non
397 691 447 730 ad
472 687 717 730 sumendam
745 686 988 740 vindictam,
1012 688 1081 730 sed
1108 689 1157 730 ad
1186 691 1375 731 iniuriam
1400 690 1746 745 propulsandam:

118 772 196 802 non
234 759 395 802 videtur
429 759 537 802 idem
572 758 773 802 Sacerdos
795 770 816 801 a
842 770 970 814 poena
996 757 1208 801 homicidii
1236 763 1396 815 penitus
1420 765 1634 804 excusari:
1663 767 1745 805 tum

120 832 276 873 ratione
311 832 586 873 instrumenti.
623 842 716 873 cum
751 842 832 886 quo
868 831 954 885 ipse
992 832 1206 885 percussit,
1241 831 1350 887 quod
1387 845 1479 873 cum
1516 845 1645 887 grave
1683 835 1748 886 sit,

118 915 197 944 non
231 900 334 944 solet
366 901 499 944 levem
538 900 698 957 plagam
735 901 906 943 inferre:
944 905 1028 943 tum
1065 902 1222 943 ratione
1249 904 1386 956 partis,
1414 905 1449 944 in
1476 916 1555 959 qua
1583 905 1655 946 fuit
1683 903 1749 946 ille

121 986 352 1030 percussus,
389 974 426 1014 in
462 984 542 1030 qua
575 972 626 1015 de
661 971 823 1015 modico
858 973 940 1015 ictu
975 973 1068 1028 quis
1103 971 1307 1015 lethaliter
1339 972 1439 1016 solet
1477 973 1582 1017 laedi
1609 990 1649 1016 )).

238 1043 335 1087 349.
371 1045 717 1101 Irregularitas
740 1057 802 1088 ex
825 1044 1005 1089 delicto
1030 1044 1294 1095 homicidii,
1317 1047 1524 1090 abortus
1547 1050 1632 1091 aut
1649 1061 1751 1092 mu-

118 1117 372 1162 tilationis,
407 1140 459 1144 -—
499 1113 645 1157 «Sunt
679 1113 931 1170 irregulares
969 1126 1017 1156 ex
1059 1113 1210 1156 delicto
1235 1129 1254 1153 »
1300 1113 1527 1161 homicidii,
1566 1130 1637 1159 sen
1681 1131 1748 1172 pe-

120 1188 362 1242 remptionis
398 1187 505 1228 vitae
539 1184 709 1228 alterius
742 1183 941 1228 hominis:
977 1186 1019 1228 4.
1057 1183 1140 1237 Qui
1175 1183 1222 1227 Ι.ο
1246 1185 1601 1236 a)e=ol1mtarimn,
1630 1193 1749 1243 prout

118 1259 340 1314 opponitur
371 1256 525 1300 casuali
562 1256 624 1299 vel
660 1257 907 1311 necessarie,
941 1255 1136 1313 equidem
1172 1258 1334 1311 privata
1368 1260 1626 1312 auctoritate,
1651 1263 1747 1303 tunc

119 1330 227 1371 enim
269 1329 433 1383 proprie
471 1327 624 1370 dicitur
664 1326 705 1383 b)
746 1325 1032 1381 homicidium,
1074 1326 1137 1370 vel
1176 1327 1342 1384 quando
1389 1326 1551 1383 publica
1596 1331 1745 1373 iniuste

120 1401 211 1457 quis
243 1397 427 1442 abutitur
460 1399 717 1452 auctoritate,
753 1396 792 1454 c)
814 1402 1119 1455 perpetrarunt
1141 1398 1300 1441 scilieet
1323 1400 1525 1441 actionem
1553 1404 1751 1454 ponentes

121 1471 264 1513 mortis
296 1473 495 1526 sequutae
529 1480 713 1520 causam,
753 1482 788 1509 v.
823 1482 884 1524 gr.
921 1467 1070 1511 lethale
1123 1467 1271 1511 vulnus
1320 1469 1558 1524 infligendo,
1603 1470 1749 1512 etlicax

123 1553 328 1583 venenum
350 1539 622 1596 propinando,
644 1538 693 1581 ΙΙο
713 1543 787 1581 aut
810 1538 851 1595 a)
874 1537 986 1596 setus
1011 1537 1187 1581 humani
1209 1540 1267 1582 sic
1293 1541 1428 1582 vocati
1453 1539 1504 1582 ol)
1527 1544 1748 1596 sequutum

120 1612 310 1655 eflectum
333 1609 539 1653 humanae
562 1612 842 1666 generationis
868 1609 908 1666 b)
935 1609 1140 1664 abortum,
1173 1623 1245 1653 seu
1280 1611 1523 1653 electionem
1559 1624 1608 1653 ex
1637 1616 1750 1654 utero

123 1684 264 1726 matris
300 1685 609 1738 praematuram
634 1684 810 1737 tempori
841 1694 890 1724 ex
917 1685 1063 1724 natura
1087 1679 1249 1727 debito:
1275 1686 1313 1724 et
1340 1686 1507 1737 propter
1529 1683 1749 1725 seiunctio-

122 1766 215 1796 nem
252 1752 374 1796 huius
407 1754 747 1809 praescriptionis
780 1764 800 1795 a
836 1752 1124 1808 praecedente,
1148 1754 1238 1795 sive
1262 1752 1367 1795 setus
1400 1753 1521 1795 fuerit
1546 1754 1753 1796 animatus

121 1826 211 1868 sive
244 1837 338 1879 non,
374 1822 439 1866 vel
475 1825 635 1866 etiamsi
671 1835 767 1866 casu
802 1825 1107 1879 supervixerit3
1128 1835 1259 1867 canon
1285 1825 1393 1866 enim
1419 1836 1496 1865 non
1522 1823 1752 1879 distinguit,

121 1897 203 1938 imo
235 1893 405 1951 ampliat
442 1893 593 1937 verbo:
628 1893 668 1951 c)
700 1899 1051 1952 procuraveremt,
1096 1894 1205 1952 quod
1251 1895 1337 1937 tieri
1375 1899 1504 1950 potest
1540 1896 1748 1950 potionem

120 1965 355 2010 abortivam
391 1965 662 2022 propinando,
701 1965 762 2008 vel
804 1965 994 2022 ponendo
1018 1964 1253 2008 voluntarie
1276 1967 1479 2008 actionem
1506 1978 1555 2008 ex
1581 1977 1659 2022 qua
1685 1964 1752 2008 ille

119 2040 331 2094 sequatur,
365 2040 489 2093 atque
522 2048 603 2078 non
638 2037 774 2079 minus
796 2038 1002 2084 suasione,
1028 2038 1163 2091 minis,
1189 2038 1380 2085 iussione,
1407 2035 1555 2079 medici
1580 2034 1752 2078 consilio

121 2111 288 2164 propter
321 2106 467 2151 salutis
500 2118 682 2161 causam,
731 2107 801 2150 sed
838 2112 1007 2163 propter
1040 2106 1115 2150 hos
1147 2112 1187 2150 et
1218 2106 1374 2150 similes
1407 2119 1527 2149 casus
1560 2106 1750 2149 additur:

121 2177 165 2235 d)
198 2177 332 2222 aborti
365 2177 451 2235 (vel
476 2176 709 2235 homicidii)
733 2176 880 2235 effectu
902 2183 1090 2235 sequzcto,
1114 2191 1162 2222 ex
1189 2191 1270 2235 quo
1295 2182 1504 2220 momento
1529 2179 1751 2233 enascitur,

120 2249 255 2308 quoad
291 2251 354 2292 ius
386 2250 545 2303 attinet,
581 2248 890 2305 irregularitas3
925 2261 973 2293 ac
1007 2248 1076 2292 ΙΙΙο
1112 2263 1334 2306 omnesque
1357 2253 1627 2306 cooperantes
1650 2247 1749 2291 alte·

123 2322 224 2364 rutri
258 2320 409 2364 delicto
442 2332 566 2376 supra
601 2320 890 2375 determinato,
915 2333 1019 2378 quos
1042 2333 1214 2364 noscere
1248 2323 1409 2376 oportet
1433 2332 1480 2362 ex
1507 2331 1597 2362 can.
1624 2318 1750 2366 2209,

120 2391 348 2434 dummodo
381 2390 421 2434 hi
458 2392 676 2447 positivam
711 2390 810 2434 dent
841 2403 1012 2447 operam
1055 2390 1252 2435 delictum
1304 2389 1515 2433 homicidii
1560 2389 1621 2432 vel
1660 2402 1750 2445 pro-

120 2464 252 2506 curati
287 2461 458 2505 abortus
491 2460 777 2518 principaliter
811 2465 1003 2518 patranti.

238 2532 340 2576 Item
394 2548 414 2573 «
437 2537 532 2576 sunt
582 2532 835 2589 irregulares
882 2546 932 2577 ex
983 2533 1135 2577 delicto
1160 2549 1180 2574 ))
1234 2532 1517 2581 mutilationis,
1568 2531 1616 2575 5⁰
1669 2529 1752 2583 Qui

120 2604 159 2659 a)
191 2603 350 2661 seipsos
373 2602 436 2646 vel
459 2602 582 2654 alios,
619 2605 730 2646 viros
761 2617 834 2647 seu
868 2604 1065 2648 mulieres
1098 2606 1223 2647 etiam
1259 2604 1449 2654 infantes,
1484 2601 1581 2644 nihil
1609 2602 1751 2654 refert,

122 2673 425 2716 meditat-erunt
456 2674 686 2718 secundum
722 2677 934 2732 propriam
970 2674 1086 2719 verbi
1110 2675 1456 2731 significationem
1482 2689 1503 2713 »
1533 2671 1749 2729 (cans18),

121 2749 161 2788 et
193 2757 287 2788 cum
322 2744 425 2788 haec
472 2757 567 2802 pars
600 2744 652 2789 ob
698 2746 955 2803 sequendam
993 2745 1108 2789 verbi
1159 2746 1454 2802 proprietatem
1508 2759 1527 2784 «
1552 2757 1599 2786 ex
1637 2747 1750 2799 parte

121 2819 281 2858 tantum
315 2828 408 2859 cum
445 2817 575 2859 veteri
623 2817 713 2860 iure
759 2821 1008 2873 congruat»
1061 2815 1289 2860 excludens
1335 2819 1628 2869 cooperatores
1675 2812 1753 2856 sub

123 2891 181 2930 n.⁰
206 2886 250 2929 4⁰
275 2886 613 2944 comprehensos,
637 2892 707 2931 aut
731 2893 891 2945 partem
915 2888 1032 2945 digiti
1068 2887 1395 2938 abscindentem,
1423 2886 1484 2929 vel
1510 2886 1752 2928 affectantes
