<?xml version="1.0" encoding="UTF-8"?>
<!DOCTYPE html PUBLIC "-//W3C//DTD XHTML 1.0 Transitional//EN"
    "http://www.w3.org/TR/xhtml1/DTD/xhtml1-transitional.dtd">
<html xmlns="http://www.w3.org/1999/xhtml" xml:lang="en" lang="en">
 <head>
  <title>
</title>
<meta http-equiv="Content-Type" content="text/html;charset=utf-8" />
  <meta name='ocr-system' content='tesseract 3.04.00' />
  <meta name='ocr-capabilities' content='ocr_page ocr_carea ocr_par ocr_line ocrx_word'/>
</head>
<body>
  <div class='ocr_page' id='page_1' title='image "./p1commentariumte03blatuoft_0261.png"; bbox 0 0 1971 3261; ppageno 0'>
   <div class='ocr_carea' id='block_1_1' title="bbox 137 158 1767 199">
    <p class='ocr_par' dir='ltr' id='par_1_1' title="bbox 137 158 1767 199">
     <span class='ocr_line' id='line_1_1' title="bbox 137 158 1767 199; baseline -0.002 0"><span class='ocrx_word' id='word_1_1' title='bbox 137 162 235 199; x_wconf 80' lang='lat' dir='ltr'>Can.</span> <span class='ocrx_word' id='word_1_2' title='bbox 262 160 420 196; x_wconf 75' lang='lat'>888-889</span> <span class='ocrx_word' id='word_1_3' title='bbox 659 160 744 194; x_wconf 68' lang='lat' dir='ltr'>Tm</span> <span class='ocrx_word' id='word_1_4' title='bbox 774 160 840 193; x_wconf 91' lang='lat' dir='ltr'>IV.</span> <span class='ocrx_word' id='word_1_5' title='bbox 875 180 887 186; x_wconf 93' lang='lat'><em>-</em></span> <span class='ocrx_word' id='word_1_6' title='bbox 920 158 974 193; x_wconf 83' lang='lat' dir='ltr'>De</span> <span class='ocrx_word' id='word_1_7' title='bbox 1006 160 1249 195; x_wconf 71' lang='lat' dir='ltr'>Paenitentia</span> <span class='ocrx_word' id='word_1_8' title='bbox 1699 163 1767 197; x_wconf 76' lang='lat'>247</span> 
     </span>
    </p>
   </div>
   <div class='ocr_carea' id='block_1_2' title="bbox 943 223 1044 227">
    <p class='ocr_par' dir='ltr' id='par_1_2' title="bbox 943 223 1044 227">
     <span class='ocr_line' id='line_1_2' title="bbox 943 223 1044 227; baseline 0 0"><span class='ocrx_word' id='word_1_9' title='bbox 943 223 1044 227; x_wconf 95' lang='lat' dir='ltr'> </span> 
     </span>
    </p>
   </div>
   <div class='ocr_carea' id='block_1_3' title="bbox 1123 224 1222 227">
    <p class='ocr_par' dir='ltr' id='par_1_3' title="bbox 1123 224 1222 227">
     <span class='ocr_line' id='line_1_3' title="bbox 1123 224 1222 227; baseline 0 0"><span class='ocrx_word' id='word_1_10' title='bbox 1123 224 1222 227; x_wconf 95' lang='lat' dir='ltr'> </span> 
     </span>
    </p>
   </div>
   <div class='ocr_carea' id='block_1_4' title="bbox 1301 224 1436 227">
    <p class='ocr_par' dir='ltr' id='par_1_4' title="bbox 1301 224 1436 227">
     <span class='ocr_line' id='line_1_4' title="bbox 1301 224 1436 227; baseline 0 0"><span class='ocrx_word' id='word_1_11' title='bbox 1301 224 1436 227; x_wconf 95' lang='lat' dir='ltr'> </span> 
     </span>
    </p>
   </div>
   <div class='ocr_carea' id='block_1_5' title="bbox 132 278 1773 2747">
    <p class='ocr_par' dir='ltr' id='par_1_5' title="bbox 133 278 1763 404">
     <span class='ocr_line' id='line_1_5' title="bbox 133 278 1763 335; baseline -0.001 -10"><span class='ocrx_word' id='word_1_12' title='bbox 133 280 344 325; x_wconf 73' lang='lat' dir='ltr'>curandae</span> <span class='ocrx_word' id='word_1_13' title='bbox 378 278 582 323; x_wconf 70' lang='lat' dir='ltr'>consulat.</span> <span class='ocrx_word' id='word_1_14' title='bbox 618 278 694 321; x_wconf 87' lang='lat' dir='ltr'>Hic</span> <span class='ocrx_word' id='word_1_15' title='bbox 726 279 788 335; x_wconf 52' lang='grc' dir='ltr'>ξω</span> <span class='ocrx_word' id='word_1_16' title='bbox 808 280 966 322; x_wconf 91' lang='lat' dir='ltr'>confert</span> <span class='ocrx_word' id='word_1_17' title='bbox 1001 281 1237 322; x_wconf 84' lang='lat' dir='ltr'>confessarii</span> <span class='ocrx_word' id='word_1_18' title='bbox 1262 282 1399 322; x_wconf 89' lang='lat' dir='ltr'>animo</span> <span class='ocrx_word' id='word_1_19' title='bbox 1435 281 1763 325; x_wconf 76' lang='lat' dir='ltr'><strong>informationem</strong></span> 
     </span>
     <span class='ocr_line' id='line_1_6' title="bbox 136 349 1366 404; baseline -0.002 -10"><span class='ocrx_word' id='word_1_20' title='bbox 136 350 186 395; x_wconf 89' lang='lat' dir='ltr'>ad</span> <span class='ocrx_word' id='word_1_21' title='bbox 222 349 311 402; x_wconf 84' lang='lat' dir='ltr'>boe,</span> <span class='ocrx_word' id='word_1_22' title='bbox 346 354 389 392; x_wconf 87' lang='lat' dir='ltr'>ut</span> <span class='ocrx_word' id='word_1_23' title='bbox 422 352 533 392; x_wconf 90' lang='lat' dir='ltr'>reete</span> <span class='ocrx_word' id='word_1_24' title='bbox 563 360 607 391; x_wconf 87' lang='lat' dir='ltr'>se</span> <span class='ocrx_word' id='word_1_25' title='bbox 640 353 756 404; x_wconf 87' lang='lat' dir='ltr'>gerat</span> <span class='ocrx_word' id='word_1_26' title='bbox 793 350 966 403; x_wconf 74' lang='lat' dir='ltr'>positive</span> <span class='ocrx_word' id='word_1_27' title='bbox 1001 351 1037 390; x_wconf 89' lang='lat' dir='ltr'>in</span> <span class='ocrx_word' id='word_1_28' title='bbox 1076 362 1245 392; x_wconf 88' lang='lat' dir='ltr'>munere</span> <span class='ocrx_word' id='word_1_29' title='bbox 1278 363 1366 393; x_wconf 91' lang='lat' dir='ltr'>suo.</span> 
     </span>
    </p>

    <p class='ocr_par' dir='ltr' id='par_1_6' title="bbox 132 418 1771 1820">
     <span class='ocr_line' id='line_1_7' title="bbox 251 418 1767 473; baseline -0.001 -10"><span class='ocrx_word' id='word_1_30' title='bbox 251 418 367 472; x_wconf 84' lang='lat' dir='ltr'>Quae</span> <span class='ocrx_word' id='word_1_31' title='bbox 401 432 421 462; x_wconf 91' lang='lat' dir='ltr'>a</span> <span class='ocrx_word' id='word_1_32' title='bbox 461 419 717 462; x_wconf 78' lang='lat' dir='ltr'>confessario</span> <span class='ocrx_word' id='word_1_33' title='bbox 746 418 909 461; x_wconf 81' lang='lat' dir='ltr'>vitanda</span> <span class='ocrx_word' id='word_1_34' title='bbox 945 424 1051 470; x_wconf 71' lang='lat' dir='ltr'>suni,</span> <span class='ocrx_word' id='word_1_35' title='bbox 1087 433 1179 462; x_wconf 90' lang='lat' dir='ltr'>eum</span> <span class='ocrx_word' id='word_1_36' title='bbox 1214 420 1359 463; x_wconf 90' lang='lat' dir='ltr'>edocet</span> <span class='ocrx_word' id='word_1_37' title='bbox 1396 425 1539 463; x_wconf 78' lang='lat' dir='ltr'>vetans</span> <span class='ocrx_word' id='word_1_38' title='bbox 1572 420 1655 473; x_wconf 55' lang='lat'>52.</span> <span class='ocrx_word' id='word_1_39' title='bbox 1696 420 1767 463; x_wconf 67' lang='lat' dir='ltr'>(J&#39;a-</span> 
     </span>
     <span class='ocr_line' id='line_1_8' title="bbox 132 488 1768 547; baseline -0.001 -12"><span class='ocrx_word' id='word_1_40' title='bbox 132 496 224 535; x_wconf 75' lang='lat' dir='ltr'>eea!</span> <span class='ocrx_word' id='word_1_41' title='bbox 257 490 424 534; x_wconf 79' lang='lat' dir='ltr'>omnino</span> <span class='ocrx_word' id='word_1_42' title='bbox 458 489 498 546; x_wconf 85' lang='lat' dir='ltr'>a)</span> <span class='ocrx_word' id='word_1_43' title='bbox 534 502 583 530; x_wconf 78' lang='lat' dir='ltr'>ne</span> <span class='ocrx_word' id='word_1_44' title='bbox 616 488 830 546; x_wconf 76' lang='lat' dir='ltr'><em>complicis</em></span> <span class='ocrx_word' id='word_1_45' title='bbox 866 503 1011 531; x_wconf 74' lang='lat' dir='ltr'>nomen</span> <span class='ocrx_word' id='word_1_46' title='bbox 1050 489 1257 546; x_wconf 75' lang='lat' dir='ltr'>inquirat,</span> <span class='ocrx_word' id='word_1_47' title='bbox 1291 493 1531 547; x_wconf 77' lang='lat' dir='ltr'>ceteroquin</span> <span class='ocrx_word' id='word_1_48' title='bbox 1560 491 1679 546; x_wconf 89' lang='lat' dir='ltr'>plane</span> <span class='ocrx_word' id='word_1_49' title='bbox 1715 494 1768 533; x_wconf 92' lang='lat' dir='ltr'>in-</span> 
     </span>
     <span class='ocr_line' id='line_1_9' title="bbox 134 560 1766 617; baseline -0.002 -11"><span class='ocrx_word' id='word_1_50' title='bbox 134 563 367 606; x_wconf 88' lang='lat' dir='ltr'>neeessaria</span> <span class='ocrx_word' id='word_1_51' title='bbox 407 562 631 617; x_wconf 80' lang='lat' dir='ltr'>inquisitio,</span> <span class='ocrx_word' id='word_1_52' title='bbox 664 564 703 602; x_wconf 91' lang='lat' dir='ltr'>et</span> <span class='ocrx_word' id='word_1_53' title='bbox 736 562 854 603; x_wconf 90' lang='lat' dir='ltr'>cuius</span> <span class='ocrx_word' id='word_1_54' title='bbox 889 562 1026 616; x_wconf 80' lang='lat' dir='ltr'>praxis</span> <span class='ocrx_word' id='word_1_55' title='bbox 1064 560 1257 603; x_wconf 87' lang='lat' dir='ltr'>damnata</span> <span class='ocrx_word' id='word_1_56' title='bbox 1291 565 1350 604; x_wconf 80' lang='lat' dir='ltr'>est</span> <span class='ocrx_word' id='word_1_57' title='bbox 1373 574 1394 605; x_wconf 90' lang='lat' dir='ltr'>a</span> <span class='ocrx_word' id='word_1_58' title='bbox 1435 562 1652 605; x_wconf 84' lang='lat' dir='ltr'>Benedicto</span> <span class='ocrx_word' id='word_1_59' title='bbox 1679 561 1766 604; x_wconf 65' lang='grc' dir='ltr'>ΧΙΥ</span> 
     </span>
     <span class='ocr_line' id='line_1_10' title="bbox 134 630 1768 687; baseline 0 -11"><span class='ocrx_word' id='word_1_60' title='bbox 134 635 172 676; x_wconf 88' lang='lat' dir='ltr'>in</span> <span class='ocrx_word' id='word_1_61' title='bbox 207 630 570 676; x_wconf 78' lang='lat' dir='ltr'>constitutionibus</span> <span class='ocrx_word' id='word_1_62' title='bbox 597 631 604 652; x_wconf 90' lang='lat'><strong>¹</strong></span> <span class='ocrx_word' id='word_1_63' title='bbox 627 633 725 685; x_wconf 77' lang='lat' dir='ltr'>suis⁷</span> <span class='ocrx_word' id='word_1_64' title='bbox 745 632 938 687; x_wconf 88' lang='lat' dir='ltr'>quamvis</span> <span class='ocrx_word' id='word_1_65' title='bbox 961 630 1155 686; x_wconf 82' lang='lat' dir='ltr'>explicita</span> <span class='ocrx_word' id='word_1_66' title='bbox 1191 645 1267 674; x_wconf 87' lang='lat' dir='ltr'>non</span> <span class='ocrx_word' id='word_1_67' title='bbox 1289 634 1524 675; x_wconf 76' lang='lat' dir='ltr'>inveniatur</span> <span class='ocrx_word' id='word_1_68' title='bbox 1548 635 1585 675; x_wconf 94' lang='lat' dir='ltr'>in</span> <span class='ocrx_word' id='word_1_69' title='bbox 1605 632 1768 676; x_wconf 83' lang='lat' dir='ltr'>Codicis</span> 
     </span>
     <span class='ocr_line' id='line_1_11' title="bbox 140 699 1767 746; baseline 0 -1"><span class='ocrx_word' id='word_1_70' title='bbox 140 702 244 746; x_wconf 82' lang='lat' dir='ltr'>Lib0.</span> <span class='ocrx_word' id='word_1_71' title='bbox 283 700 313 743; x_wconf 82' lang='lat' dir='ltr'>V</span> <span class='ocrx_word' id='word_1_72' title='bbox 346 702 724 744; x_wconf 83' lang='lat' dir='ltr'>excommunicatio</span> <span class='ocrx_word' id='word_1_73' title='bbox 760 699 860 743; x_wconf 86' lang='lat' dir='ltr'>Rom</span> <span class='ocrx_word' id='word_1_74' title='bbox 910 700 1034 744; x_wconf 74' lang='lat' dir='ltr'>l&#39;ont¹.</span> <span class='ocrx_word' id='word_1_75' title='bbox 1072 707 1281 744; x_wconf 72' lang='lat' dir='ltr'>reservata</span> <span class='ocrx_word' id='word_1_76' title='bbox 1321 707 1460 745; x_wconf 86' lang='lat' dir='ltr'>contra</span> <span class='ocrx_word' id='word_1_77' title='bbox 1500 702 1695 746; x_wconf 76' lang='lat' dir='ltr'>docentes</span> <span class='ocrx_word' id='word_1_78' title='bbox 1728 707 1767 745; x_wconf 93' lang='lat' dir='ltr'>et</span> 
     </span>
     <span class='ocr_line' id='line_1_12' title="bbox 139 770 1767 828; baseline 0 -12"><span class='ocrx_word' id='word_1_79' title='bbox 139 772 411 817; x_wconf 80' lang='lat' dir='ltr'>defendentes</span> <span class='ocrx_word' id='word_1_80' title='bbox 445 776 657 828; x_wconf 89' lang='lat' dir='ltr'>tamquam</span> <span class='ocrx_word' id='word_1_81' title='bbox 695 770 847 814; x_wconf 87' lang='lat' dir='ltr'>licitam</span> <span class='ocrx_word' id='word_1_82' title='bbox 890 772 1111 826; x_wconf 77' lang='lat' dir='ltr'>praefatam</span> <span class='ocrx_word' id='word_1_83' title='bbox 1139 775 1315 827; x_wconf 83' lang='lat' dir='ltr'>praxim,</span> <span class='ocrx_word' id='word_1_84' title='bbox 1342 778 1459 828; x_wconf 89' lang='lat' dir='ltr'>prout</span> <span class='ocrx_word' id='word_1_85' title='bbox 1495 774 1646 816; x_wconf 82' lang='lat' dir='ltr'>inflicta</span> <span class='ocrx_word' id='word_1_86' title='bbox 1680 778 1767 816; x_wconf 84' lang='lat' dir='ltr'>erat</span> 
     </span>
     <span class='ocr_line' id='line_1_13' title="bbox 133 840 1767 899; baseline -0.001 -12"><span class='ocrx_word' id='word_1_87' title='bbox 133 842 211 887; x_wconf 89' lang='lat' dir='ltr'>sub</span> <span class='ocrx_word' id='word_1_88' title='bbox 245 856 282 886; x_wconf 93' lang='lat' dir='ltr'>n.</span> <span class='ocrx_word' id='word_1_89' title='bbox 318 842 331 885; x_wconf 93' lang='lat'><em>1</em></span> <span class='ocrx_word' id='word_1_90' title='bbox 365 844 403 885; x_wconf 91' lang='lat' dir='ltr'>in</span> <span class='ocrx_word' id='word_1_91' title='bbox 439 846 567 885; x_wconf 89' lang='lat' dir='ltr'>const.</span> <span class='ocrx_word' id='word_1_92' title='bbox 611 857 630 882; x_wconf 84' lang='lat'>&lt;‹</span> <span class='ocrx_word' id='word_1_93' title='bbox 656 840 918 898; x_wconf 89' lang='lat' dir='ltr'>Apostolicae</span> <span class='ocrx_word' id='word_1_94' title='bbox 942 842 1102 885; x_wconf 84' lang='lat' dir='ltr'>Sedis»</span> <span class='ocrx_word' id='word_1_95' title='bbox 1148 842 1202 885; x_wconf 80' lang='lat' dir='ltr'>l’ii</span> <span class='ocrx_word' id='word_1_96' title='bbox 1231 841 1296 885; x_wconf 80' lang='lat' dir='ltr'>lX.</span> <span class='ocrx_word' id='word_1_97' title='bbox 1323 868 1374 873; x_wconf 83' lang='lat'><strong>—</strong></span> <span class='ocrx_word' id='word_1_98' title='bbox 1410 845 1604 899; x_wconf 74' lang='lat' dir='ltr'>Sequitur</span> <span class='ocrx_word' id='word_1_99' title='bbox 1629 846 1666 886; x_wconf 85' lang='lat' dir='ltr'>in</span> <span class='ocrx_word' id='word_1_100' title='bbox 1701 856 1767 886; x_wconf 88' lang='lat' dir='ltr'>ca-</span> 
     </span>
     <span class='ocr_line' id='line_1_14' title="bbox 138 911 1769 970; baseline -0.001 -12"><span class='ocrx_word' id='word_1_101' title='bbox 138 927 244 958; x_wconf 87' lang='lat' dir='ltr'>none</span> <span class='ocrx_word' id='word_1_102' title='bbox 276 917 557 970; x_wconf 84' lang='lat' dir='ltr'>congruenter</span> <span class='ocrx_word' id='word_1_103' title='bbox 588 912 666 956; x_wconf 83' lang='lat' dir='ltr'>Rit.</span> <span class='ocrx_word' id='word_1_104' title='bbox 715 911 833 956; x_wconf 89' lang='lat' dir='ltr'>Rom.</span> <span class='ocrx_word' id='word_1_105' title='bbox 855 911 892 953; x_wconf 80' lang='lat'>2:</span> <span class='ocrx_word' id='word_1_106' title='bbox 930 911 972 965; x_wconf 89' lang='lat' dir='ltr'>b)</span> <span class='ocrx_word' id='word_1_107' title='bbox 1006 926 1058 955; x_wconf 68' lang='lat' dir='ltr'>oze</span> <span class='ocrx_word' id='word_1_108' title='bbox 1089 913 1268 956; x_wconf 57' lang='lat' dir='ltr'>cmw&#39;esis</span> <span class='ocrx_word' id='word_1_109' title='bbox 1301 913 1352 957; x_wconf 87' lang='lat' dir='ltr'>ob</span> <span class='ocrx_word' id='word_1_110' title='bbox 1401 916 1655 957; x_wconf 82' lang='lat' dir='ltr'>necessitatis</span> <span class='ocrx_word' id='word_1_111' title='bbox 1702 915 1769 957; x_wconf 91' lang='lat' dir='ltr'>de-</span> 
     </span>
     <span class='ocr_line' id='line_1_15' title="bbox 135 982 1769 1040; baseline -0.004 -11"><span class='ocrx_word' id='word_1_112' title='bbox 135 987 286 1029; x_wconf 86' lang='lat' dir='ltr'>fectum</span> <span class='ocrx_word' id='word_1_113' title='bbox 321 989 395 1027; x_wconf 74' lang='lat' dir='ltr'>aul</span> <span class='ocrx_word' id='word_1_114' title='bbox 447 983 671 1027; x_wconf 72' lang='lat' dir='ltr'>inutilibus</span> <span class='ocrx_word' id='word_1_115' title='bbox 703 982 1019 1040; x_wconf 72' lang='lat' dir='ltr'>quaestionibus</span> <span class='ocrx_word' id='word_1_116' title='bbox 1062 983 1101 1027; x_wconf 92' lang='lat' dir='ltr'>id</span> <span class='ocrx_word' id='word_1_117' title='bbox 1135 988 1217 1027; x_wconf 87' lang='lat' dir='ltr'>est:</span> <span class='ocrx_word' id='word_1_118' title='bbox 1258 1000 1279 1025; x_wconf 84' lang='lat'>(‹</span> <span class='ocrx_word' id='word_1_119' title='bbox 1312 983 1704 1040; x_wconf 79' lang='lat' dir='ltr'>interrogationibus</span> <span class='ocrx_word' id='word_1_120' title='bbox 1727 1000 1769 1038; x_wconf 64' lang='grc' dir='ltr'>υ,</span> 
     </span>
     <span class='ocr_line' id='line_1_16' title="bbox 134 1053 1767 1112; baseline -0.001 -13"><span class='ocrx_word' id='word_1_121' title='bbox 134 1056 319 1099; x_wconf 57' lang='lat' dir='ltr'>memma?</span> <span class='ocrx_word' id='word_1_122' title='bbox 353 1059 520 1112; x_wconf 90' lang='lat' dir='ltr'>propter</span> <span class='ocrx_word' id='word_1_123' title='bbox 552 1054 701 1098; x_wconf 89' lang='lat' dir='ltr'>obiecti</span> <span class='ocrx_word' id='word_1_124' title='bbox 737 1053 979 1097; x_wconf 80' lang='lat' dir='ltr'>labilitatem</span> <span class='ocrx_word' id='word_1_125' title='bbox 1015 1059 1052 1097; x_wconf 88' lang='lat' dir='ltr'>et</span> <span class='ocrx_word' id='word_1_126' title='bbox 1076 1057 1323 1097; x_wconf 86' lang='lat' dir='ltr'>sacramenti</span> <span class='ocrx_word' id='word_1_127' title='bbox 1363 1058 1620 1098; x_wconf 88' lang='lat' dir='ltr'>sanctitatem</span> <span class='ocrx_word' id='word_1_128' title='bbox 1656 1055 1767 1097; x_wconf 69' lang='lat' dir='ltr'>eirea</span> 
     </span>
     <span class='ocr_line' id='line_1_17' title="bbox 134 1125 1769 1183; baseline -0.002 -13"><span class='ocrx_word' id='word_1_129' title='bbox 134 1132 301 1170; x_wconf 55' lang='lat' dir='ltr'>sestam</span> <span class='ocrx_word' id='word_1_130' title='bbox 325 1125 822 1183; x_wconf 69' lang='lat' dir='ltr'>Decaloyipraeceptum,</span> <span class='ocrx_word' id='word_1_131' title='bbox 849 1127 886 1167; x_wconf 90' lang='lat' dir='ltr'>in</span> <span class='ocrx_word' id='word_1_132' title='bbox 911 1138 992 1182; x_wconf 91' lang='lat' dir='ltr'>quo</span> <span class='ocrx_word' id='word_1_133' title='bbox 1018 1125 1195 1181; x_wconf 81' lang='lat' dir='ltr'>theologi</span> <span class='ocrx_word' id='word_1_134' title='bbox 1223 1131 1331 1169; x_wconf 88' lang='lat' dir='ltr'>recte</span> <span class='ocrx_word' id='word_1_135' title='bbox 1358 1130 1598 1182; x_wconf 81' lang='lat' dir='ltr'>permittunt</span> <span class='ocrx_word' id='word_1_136' title='bbox 1624 1126 1769 1169; x_wconf 85' lang='lat' dir='ltr'>melius</span> 
     </span>
     <span class='ocr_line' id='line_1_18' title="bbox 137 1196 1771 1254; baseline -0.001 -14"><span class='ocrx_word' id='word_1_137' title='bbox 137 1199 364 1254; x_wconf 85' lang='lat' dir='ltr'>integritati</span> <span class='ocrx_word' id='word_1_138' title='bbox 398 1196 554 1254; x_wconf 90' lang='lat' dir='ltr'>aliquid</span> <span class='ocrx_word' id='word_1_139' title='bbox 603 1196 863 1250; x_wconf 82' lang='lat' dir='ltr'>defuturum,</span> <span class='ocrx_word' id='word_1_140' title='bbox 897 1208 1019 1252; x_wconf 88' lang='lat' dir='ltr'>quam</span> <span class='ocrx_word' id='word_1_141' title='bbox 1057 1197 1399 1252; x_wconf 85' lang='lat' dir='ltr'>interrogationes</span> <span class='ocrx_word' id='word_1_142' title='bbox 1432 1209 1510 1238; x_wconf 79' lang='lat' dir='ltr'>non</span> <span class='ocrx_word' id='word_1_143' title='bbox 1559 1200 1671 1239; x_wconf 91' lang='lat' dir='ltr'>certo</span> <span class='ocrx_word' id='word_1_144' title='bbox 1705 1209 1771 1238; x_wconf 88' lang='lat' dir='ltr'>ne—</span> 
     </span>
     <span class='ocr_line' id='line_1_19' title="bbox 134 1266 1771 1325; baseline -0.002 -13"><span class='ocrx_word' id='word_1_145' title='bbox 134 1270 337 1313; x_wconf 85' lang='lat' dir='ltr'>cessarias</span> <span class='ocrx_word' id='word_1_146' title='bbox 361 1272 540 1323; x_wconf 85' lang='lat' dir='ltr'>nectere,</span> <span class='ocrx_word' id='word_1_147' title='bbox 567 1280 815 1325; x_wconf 76' lang='lat' dir='ltr'>quemquam</span> <span class='ocrx_word' id='word_1_148' title='bbox 844 1266 1031 1309; x_wconf 71' lang='lat' dir='ltr'>detineat</span> <span class='ocrx_word' id='word_1_149' title='bbox 1069 1269 1345 1310; x_wconf 87' lang='lat' dir='ltr'>accusationis</span> <span class='ocrx_word' id='word_1_150' title='bbox 1368 1271 1568 1323; x_wconf 78' lang='lat' dir='ltr'>tempore,</span> <span class='ocrx_word' id='word_1_151' title='bbox 1593 1272 1630 1309; x_wconf 80' lang='lat' dir='ltr'>et</span> <span class='ocrx_word' id='word_1_152' title='bbox 1651 1280 1771 1324; x_wconf 75' lang='lat' dir='ltr'>prae-</span> 
     </span>
     <span class='ocr_line' id='line_1_20' title="bbox 136 1337 1771 1396; baseline -0.002 -14"><span class='ocrx_word' id='word_1_153' title='bbox 136 1339 298 1390; x_wconf 72' lang='lat' dir='ltr'>sertim,</span> <span class='ocrx_word' id='word_1_154' title='bbox 331 1341 428 1396; x_wconf 88' lang='lat' dir='ltr'>quia</span> <span class='ocrx_word' id='word_1_155' title='bbox 463 1341 500 1381; x_wconf 89' lang='lat' dir='ltr'>in</span> <span class='ocrx_word' id='word_1_156' title='bbox 535 1337 805 1396; x_wconf 87' lang='lat' dir='ltr'>sequentibus</span> <span class='ocrx_word' id='word_1_157' title='bbox 839 1337 998 1381; x_wconf 78' lang='lat' dir='ltr'>facilius</span> <span class='ocrx_word' id='word_1_158' title='bbox 1030 1339 1233 1393; x_wconf 87' lang='lat' dir='ltr'>contingit</span> <span class='ocrx_word' id='word_1_159' title='bbox 1267 1340 1510 1394; x_wconf 76' lang='lat' dir='ltr'>ignorantia,</span> <span class='ocrx_word' id='word_1_160' title='bbox 1546 1339 1582 1392; x_wconf 91' lang='lat' dir='ltr'>c)</span> <span class='ocrx_word' id='word_1_161' title='bbox 1615 1351 1665 1380; x_wconf 76' lang='lat' dir='ltr'>ne</span> <span class='ocrx_word' id='word_1_162' title='bbox 1714 1338 1771 1379; x_wconf 68' lang='lat' dir='ltr'>izz-</span> 
     </span>
     <span class='ocr_line' id='line_1_21' title="bbox 138 1408 1768 1467; baseline -0.002 -14"><span class='ocrx_word' id='word_1_163' title='bbox 138 1410 280 1453; x_wconf 78' lang='lat' dir='ltr'>m&#39;ores</span> <span class='ocrx_word' id='word_1_164' title='bbox 319 1429 333 1449; x_wconf 88' lang='lat'>«</span> <span class='ocrx_word' id='word_1_165' title='bbox 361 1411 579 1467; x_wconf 89' lang='lat' dir='ltr'>utriusque</span> <span class='ocrx_word' id='word_1_166' title='bbox 617 1422 780 1452; x_wconf 85' lang='lat' dir='ltr'>sexus»</span> <span class='ocrx_word' id='word_1_167' title='bbox 819 1408 870 1451; x_wconf 81' lang='lat' dir='ltr'>cle</span> <span class='ocrx_word' id='word_1_168' title='bbox 903 1408 957 1451; x_wconf 70' lang='lat' dir='ltr'>iis</span> <span class='ocrx_word' id='word_1_169' title='bbox 986 1422 1093 1466; x_wconf 80' lang='lat' dir='ltr'>quae</span> <span class='ocrx_word' id='word_1_170' title='bbox 1142 1408 1342 1465; x_wconf 59' lang='lat' dir='ltr'>{querant</span> <span class='ocrx_word' id='word_1_171' title='bbox 1374 1422 1470 1452; x_wconf 91' lang='lat' dir='ltr'>cum</span> <span class='ocrx_word' id='word_1_172' title='bbox 1503 1422 1644 1452; x_wconf 91' lang='lat' dir='ltr'>eorum</span> <span class='ocrx_word' id='word_1_173' title='bbox 1684 1411 1768 1451; x_wconf 91' lang='lat' dir='ltr'>ani-</span> 
     </span>
     <span class='ocr_line' id='line_1_22' title="bbox 139 1479 1768 1538; baseline -0.002 -13"><span class='ocrx_word' id='word_1_174' title='bbox 139 1494 300 1525; x_wconf 90' lang='lat' dir='ltr'>marum</span> <span class='ocrx_word' id='word_1_175' title='bbox 334 1481 509 1525; x_wconf 88' lang='lat' dir='ltr'>utilitate</span> <span class='ocrx_word' id='word_1_176' title='bbox 533 1479 825 1538; x_wconf 72' lang='lat' dir='ltr'>imprudenter</span> <span class='ocrx_word' id='word_1_177' title='bbox 848 1479 1106 1537; x_wconf 68' lang='lat' dir='ltr'>iizterroyet;</span> <span class='ocrx_word' id='word_1_178' title='bbox 1133 1495 1154 1520; x_wconf 87' lang='grc'>((</span> <span class='ocrx_word' id='word_1_179' title='bbox 1178 1493 1240 1534; x_wconf 86' lang='lat' dir='ltr'>ne,</span> <span class='ocrx_word' id='word_1_180' title='bbox 1269 1485 1309 1522; x_wconf 90' lang='lat' dir='ltr'>ut</span> <span class='ocrx_word' id='word_1_181' title='bbox 1333 1482 1388 1523; x_wconf 88' lang='lat' dir='ltr'>ait</span> <span class='ocrx_word' id='word_1_182' title='bbox 1411 1479 1490 1524; x_wconf 92' lang='lat' dir='ltr'>Rit.</span> <span class='ocrx_word' id='word_1_183' title='bbox 1528 1479 1643 1523; x_wconf 85' lang='lat' dir='ltr'>Rom.</span> <span class='ocrx_word' id='word_1_184' title='bbox 1678 1479 1768 1531; x_wconf 83' lang='lat' dir='ltr'>(loc.</span> 
     </span>
     <span class='ocr_line' id='line_1_23' title="bbox 134 1550 1769 1610; baseline -0.002 -13"><span class='ocrx_word' id='word_1_185' title='bbox 134 1552 237 1610; x_wconf 66' lang='lat' dir='ltr'>cit),</span> <span class='ocrx_word' id='word_1_186' title='bbox 262 1551 504 1596; x_wconf 87' lang='lat' dir='ltr'>scandalum</span> <span class='ocrx_word' id='word_1_187' title='bbox 531 1554 752 1608; x_wconf 70' lang='lat' dir='ltr'>patiantur,</span> <span class='ocrx_word' id='word_1_188' title='bbox 777 1551 956 1608; x_wconf 86' lang='lat' dir='ltr'>indeque</span> <span class='ocrx_word' id='word_1_189' title='bbox 996 1563 1168 1607; x_wconf 87' lang='lat' dir='ltr'>peccare</span> <span class='ocrx_word' id='word_1_190' title='bbox 1202 1550 1425 1604; x_wconf 76' lang='lat' dir='ltr'>discant»,</span> <span class='ocrx_word' id='word_1_191' title='bbox 1464 1551 1572 1608; x_wconf 90' lang='lat' dir='ltr'>quod</span> <span class='ocrx_word' id='word_1_192' title='bbox 1608 1563 1769 1593; x_wconf 87' lang='lat' dir='ltr'>summe</span> 
     </span>
     <span class='ocr_line' id='line_1_24' title="bbox 136 1619 1771 1674; baseline -0.003 -6"><span class='ocrx_word' id='word_1_193' title='bbox 136 1624 373 1668; x_wconf 85' lang='lat' dir='ltr'>cavendum</span> <span class='ocrx_word' id='word_1_194' title='bbox 407 1622 635 1667; x_wconf 82' lang='lat' dir='ltr'>Salvatoris</span> <span class='ocrx_word' id='word_1_195' title='bbox 660 1622 812 1667; x_wconf 87' lang='lat' dir='ltr'>clamat</span> <span class='ocrx_word' id='word_1_196' title='bbox 844 1624 1070 1665; x_wconf 88' lang='lat' dir='ltr'>sententia:</span> <span class='ocrx_word' id='word_1_197' title='bbox 1097 1619 1219 1674; x_wconf 82' lang='lat' dir='ltr'>«Qui</span> <span class='ocrx_word' id='word_1_198' title='bbox 1254 1626 1391 1665; x_wconf 89' lang='lat' dir='ltr'>autem</span> <span class='ocrx_word' id='word_1_199' title='bbox 1428 1621 1771 1665; x_wconf 69' lang='lat' dir='ltr'>scandalizaverit</span> 
     </span>
     <span class='ocr_line' id='line_1_25' title="bbox 138 1692 1770 1751; baseline -0.003 -13"><span class='ocrx_word' id='word_1_200' title='bbox 138 1708 264 1738; x_wconf 91' lang='lat' dir='ltr'>unum</span> <span class='ocrx_word' id='word_1_201' title='bbox 298 1694 349 1738; x_wconf 91' lang='lat' dir='ltr'>de</span> <span class='ocrx_word' id='word_1_202' title='bbox 383 1693 542 1751; x_wconf 86' lang='lat' dir='ltr'>pusillis</span> <span class='ocrx_word' id='word_1_203' title='bbox 566 1695 665 1748; x_wconf 76' lang='lat' dir='ltr'>istis,</span> <span class='ocrx_word' id='word_1_204' title='bbox 700 1695 770 1751; x_wconf 89' lang='lat' dir='ltr'>qui</span> <span class='ocrx_word' id='word_1_205' title='bbox 795 1695 834 1736; x_wconf 88' lang='lat' dir='ltr'>in</span> <span class='ocrx_word' id='word_1_206' title='bbox 863 1707 925 1736; x_wconf 90' lang='lat' dir='ltr'>me</span> <span class='ocrx_word' id='word_1_207' title='bbox 949 1693 1137 1746; x_wconf 76' lang='lat' dir='ltr'>credunt,</span> <span class='ocrx_word' id='word_1_208' title='bbox 1163 1693 1329 1749; x_wconf 84' lang='lat' dir='ltr'>expedit</span> <span class='ocrx_word' id='word_1_209' title='bbox 1353 1695 1388 1736; x_wconf 90' lang='lat' dir='ltr'>ei</span> <span class='ocrx_word' id='word_1_210' title='bbox 1416 1697 1455 1735; x_wconf 92' lang='lat' dir='ltr'>ut</span> <span class='ocrx_word' id='word_1_211' title='bbox 1495 1692 1770 1748; x_wconf 90' lang='lat' dir='ltr'>suspendatur</span> 
     </span>
     <span class='ocr_line' id='line_1_26' title="bbox 139 1763 1770 1820; baseline -0.002 -11"><span class='ocrx_word' id='word_1_212' title='bbox 139 1765 245 1809; x_wconf 86' lang='lat' dir='ltr'>mola</span> <span class='ocrx_word' id='word_1_213' title='bbox 268 1767 448 1809; x_wconf 89' lang='lat' dir='ltr'>asinaria</span> <span class='ocrx_word' id='word_1_214' title='bbox 473 1767 512 1808; x_wconf 89' lang='lat' dir='ltr'>in</span> <span class='ocrx_word' id='word_1_215' title='bbox 550 1764 657 1808; x_wconf 88' lang='lat' dir='ltr'>collo</span> <span class='ocrx_word' id='word_1_216' title='bbox 681 1767 782 1817; x_wconf 81' lang='lat' dir='ltr'>eius,</span> <span class='ocrx_word' id='word_1_217' title='bbox 806 1770 845 1807; x_wconf 87' lang='lat' dir='ltr'>et</span> <span class='ocrx_word' id='word_1_218' title='bbox 883 1764 1152 1820; x_wconf 87' lang='lat' dir='ltr'>demergatur</span> <span class='ocrx_word' id='word_1_219' title='bbox 1191 1766 1228 1806; x_wconf 89' lang='lat' dir='ltr'>in</span> <span class='ocrx_word' id='word_1_220' title='bbox 1256 1763 1507 1820; x_wconf 89' lang='lat' dir='ltr'>profundum</span> <span class='ocrx_word' id='word_1_221' title='bbox 1543 1765 1668 1805; x_wconf 86' lang='lat' dir='ltr'>maris</span> <span class='ocrx_word' id='word_1_222' title='bbox 1692 1779 1710 1803; x_wconf 82' lang='grc'>))</span> <span class='ocrx_word' id='word_1_223' title='bbox 1741 1763 1770 1805; x_wconf 71' lang='lat'>³.</span> 
     </span>
    </p>

    <p class='ocr_par' dir='ltr' id='par_1_7' title="bbox 136 1833 1773 2747">
     <span class='ocr_line' id='line_1_27' title="bbox 257 1833 1770 1894; baseline -0.003 -15"><span class='ocrx_word' id='word_1_224' title='bbox 257 1837 355 1880; x_wconf 69' lang='lat'>21⁶2.</span> <span class='ocrx_word' id='word_1_225' title='bbox 392 1838 466 1883; x_wconf 91' lang='lat' dir='ltr'>De</span> <span class='ocrx_word' id='word_1_226' title='bbox 500 1838 664 1894; x_wconf 87' lang='lat' dir='ltr'>sigillo</span> <span class='ocrx_word' id='word_1_227' title='bbox 688 1837 1051 1883; x_wconf 83' lang='lat' dir='ltr'>sacramentali.</span> <span class='ocrx_word' id='word_1_228' title='bbox 1076 1859 1130 1866; x_wconf 93' lang='lat'>—</span> <span class='ocrx_word' id='word_1_229' title='bbox 1154 1833 1440 1891; x_wconf 87' lang='lat' dir='ltr'>Obligationes</span> <span class='ocrx_word' id='word_1_230' title='bbox 1463 1848 1482 1878; x_wconf 86' lang='lat' dir='ltr'>a</span> <span class='ocrx_word' id='word_1_231' title='bbox 1522 1835 1770 1877; x_wconf 86' lang='lat' dir='ltr'>confessario</span> 
     </span>
     <span class='ocr_line' id='line_1_28' title="bbox 136 1905 1772 1965; baseline -0.003 -13"><span class='ocrx_word' id='word_1_232' title='bbox 136 1908 367 1952; x_wconf 87' lang='lat' dir='ltr'>servandas</span> <span class='ocrx_word' id='word_1_233' title='bbox 390 1912 480 1965; x_wconf 88' lang='lat' dir='ltr'>post</span> <span class='ocrx_word' id='word_1_234' title='bbox 515 1912 734 1964; x_wconf 84' lang='lat' dir='ltr'>exceptam</span> <span class='ocrx_word' id='word_1_235' title='bbox 759 1908 1060 1951; x_wconf 87' lang='lat' dir='ltr'>confessionem</span> <span class='ocrx_word' id='word_1_236' title='bbox 1086 1908 1301 1949; x_wconf 88' lang='lat' dir='ltr'>enuntiant</span> <span class='ocrx_word' id='word_1_237' title='bbox 1339 1905 1419 1948; x_wconf 93' lang='lat' dir='ltr'>duo</span> <span class='ocrx_word' id='word_1_238' title='bbox 1455 1909 1676 1962; x_wconf 85' lang='lat' dir='ltr'>sequentes</span> <span class='ocrx_word' id='word_1_239' title='bbox 1708 1917 1772 1947; x_wconf 84' lang='lat' dir='ltr'>ca-</span> 
     </span>
     <span class='ocr_line' id='line_1_29' title="bbox 139 1976 1771 2037; baseline -0.003 -15"><span class='ocrx_word' id='word_1_240' title='bbox 139 1992 280 2023; x_wconf 88' lang='lat' dir='ltr'>nones.</span> <span class='ocrx_word' id='word_1_241' title='bbox 304 1978 402 2023; x_wconf 74' lang='lat' dir='ltr'>Can.</span> <span class='ocrx_word' id='word_1_242' title='bbox 423 1981 532 2024; x_wconf 84' lang='grc'><em>889.</em></span> <span class='ocrx_word' id='word_1_243' title='bbox 550 1979 578 2037; x_wconf 62' lang='grc' dir='ltr'>ξ</span> <span class='ocrx_word' id='word_1_244' title='bbox 599 1979 634 2021; x_wconf 95' lang='grc'>1.</span> <span class='ocrx_word' id='word_1_245' title='bbox 661 1977 982 2022; x_wconf 71' lang='lat' dir='ltr'>Saeranzentale</span> <span class='ocrx_word' id='word_1_246' title='bbox 1006 1976 1193 2034; x_wconf 69' lang='lat' dir='ltr'>siqz‘llum</span> <span class='ocrx_word' id='word_1_247' title='bbox 1218 1979 1275 2019; x_wconf 88' lang='lat' dir='ltr'>sic</span> <span class='ocrx_word' id='word_1_248' title='bbox 1300 1976 1470 2025; x_wconf 75' lang='lat' dir='ltr'>dictum,</span> <span class='ocrx_word' id='word_1_249' title='bbox 1495 1978 1584 2018; x_wconf 86' lang='lat' dir='ltr'>sive</span> <span class='ocrx_word' id='word_1_250' title='bbox 1604 1980 1771 2031; x_wconf 90' lang='lat' dir='ltr'>propter</span> 
     </span>
     <span class='ocr_line' id='line_1_30' title="bbox 136 2046 1770 2107; baseline -0.004 -14"><span class='ocrx_word' id='word_1_251' title='bbox 136 2052 226 2094; x_wconf 90' lang='lat' dir='ltr'>eius</span> <span class='ocrx_word' id='word_1_252' title='bbox 259 2053 478 2107; x_wconf 79' lang='lat' dir='ltr'>originem,</span> <span class='ocrx_word' id='word_1_253' title='bbox 519 2052 654 2107; x_wconf 80' lang='lat' dir='ltr'>«quia</span> <span class='ocrx_word' id='word_1_254' title='bbox 678 2049 730 2093; x_wconf 83' lang='lat' dir='ltr'>de</span> <span class='ocrx_word' id='word_1_255' title='bbox 753 2051 999 2093; x_wconf 87' lang='lat' dir='ltr'>necessitate</span> <span class='ocrx_word' id='word_1_256' title='bbox 1017 2049 1264 2091; x_wconf 87' lang='lat' dir='ltr'>sacramenti</span> <span class='ocrx_word' id='word_1_257' title='bbox 1289 2046 1485 2102; x_wconf 68' lang='lat' dir='ltr'>(scilicetz</span> <span class='ocrx_word' id='word_1_258' title='bbox 1512 2046 1606 2089; x_wconf 85' lang='lat' dir='ltr'>huic</span> <span class='ocrx_word' id='word_1_259' title='bbox 1631 2058 1770 2088; x_wconf 87' lang='lat' dir='ltr'>neces-</span> 
     </span>
     <span class='ocr_line' id='line_1_31' title="bbox 137 2117 1769 2178; baseline -0.004 -13"><span class='ocrx_word' id='word_1_260' title='bbox 137 2124 246 2165; x_wconf 90' lang='lat' dir='ltr'>sario</span> <span class='ocrx_word' id='word_1_261' title='bbox 271 2124 359 2165; x_wconf 90' lang='lat' dir='ltr'>iure</span> <span class='ocrx_word' id='word_1_262' title='bbox 382 2120 659 2178; x_wconf 87' lang='lat' dir='ltr'>consequens)</span> <span class='ocrx_word' id='word_1_263' title='bbox 699 2125 757 2164; x_wconf 90' lang='lat' dir='ltr'>est</span> <span class='ocrx_word' id='word_1_264' title='bbox 782 2120 891 2178; x_wconf 91' lang='lat' dir='ltr'>quod</span> <span class='ocrx_word' id='word_1_265' title='bbox 916 2120 1217 2163; x_wconf 88' lang='lat' dir='ltr'>confessionem</span> <span class='ocrx_word' id='word_1_266' title='bbox 1242 2117 1346 2161; x_wconf 88' lang='lat' dir='ltr'>celet</span> <span class='ocrx_word' id='word_1_267' title='bbox 1369 2133 1389 2159; x_wconf 83' lang='lat'>»</span> <span class='ocrx_word' id='word_1_268' title='bbox 1430 2117 1537 2160; x_wconf 91' lang='lat' dir='ltr'>illius</span> <span class='ocrx_word' id='word_1_269' title='bbox 1572 2119 1769 2169; x_wconf 85' lang='lat' dir='ltr'>minister,</span> 
     </span>
     <span class='ocr_line' id='line_1_32' title="bbox 139 2190 1769 2246; baseline -0.004 -10"><span class='ocrx_word' id='word_1_270' title='bbox 139 2205 235 2236; x_wconf 88' lang='lat' dir='ltr'>nam</span> <span class='ocrx_word' id='word_1_271' title='bbox 274 2192 513 2236; x_wconf 84' lang='lat' dir='ltr'>«sacerdos</span> <span class='ocrx_word' id='word_1_272' title='bbox 552 2191 676 2236; x_wconf 88' lang='lat' dir='ltr'>debet</span> <span class='ocrx_word' id='word_1_273' title='bbox 699 2192 798 2246; x_wconf 81' lang='lat' dir='ltr'>Deo,</span> <span class='ocrx_word' id='word_1_274' title='bbox 822 2194 941 2235; x_wconf 91' lang='lat' dir='ltr'>cuius</span> <span class='ocrx_word' id='word_1_275' title='bbox 976 2192 1161 2233; x_wconf 86' lang='lat' dir='ltr'>minister</span> <span class='ocrx_word' id='word_1_276' title='bbox 1194 2194 1267 2241; x_wconf 85' lang='lat' dir='ltr'>est,</span> <span class='ocrx_word' id='word_1_277' title='bbox 1301 2190 1566 2242; x_wconf 82' lang='lat' dir='ltr'>conformari,</span> <span class='ocrx_word' id='word_1_278' title='bbox 1592 2192 1630 2231; x_wconf 89' lang='lat' dir='ltr'>et</span> <span class='ocrx_word' id='word_1_279' title='bbox 1670 2192 1769 2230; x_wconf 90' lang='lat' dir='ltr'>tam-</span> 
     </span>
     <span class='ocr_line' id='line_1_33' title="bbox 139 2257 1770 2322; baseline -0.004 -15"><span class='ocrx_word' id='word_1_280' title='bbox 139 2276 264 2322; x_wconf 87' lang='lat' dir='ltr'>quam</span> <span class='ocrx_word' id='word_1_281' title='bbox 302 2263 476 2307; x_wconf 88' lang='lat' dir='ltr'>violator</span> <span class='ocrx_word' id='word_1_282' title='bbox 498 2265 747 2307; x_wconf 86' lang='lat' dir='ltr'>sacramenti</span> <span class='ocrx_word' id='word_1_283' title='bbox 775 2266 917 2319; x_wconf 89' lang='lat' dir='ltr'>peccat</span> <span class='ocrx_word' id='word_1_284' title='bbox 936 2264 1003 2318; x_wconf 92' lang='lat' dir='ltr'>qui</span> <span class='ocrx_word' id='word_1_285' title='bbox 1028 2261 1331 2303; x_wconf 87' lang='lat' dir='ltr'>confessionem</span> <span class='ocrx_word' id='word_1_286' title='bbox 1357 2258 1514 2302; x_wconf 81' lang='lat' dir='ltr'>revelat</span> <span class='ocrx_word' id='word_1_287' title='bbox 1536 2274 1576 2313; x_wconf 70' lang='lat'>&gt;›,</span> <span class='ocrx_word' id='word_1_288' title='bbox 1602 2262 1644 2301; x_wconf 92' lang='lat' dir='ltr'>ut</span> <span class='ocrx_word' id='word_1_289' title='bbox 1669 2257 1770 2301; x_wconf 88' lang='lat' dir='ltr'>bene</span> 
     </span>
     <span class='ocr_line' id='line_1_34' title="bbox 140 2328 1771 2387; baseline -0.004 -10"><span class='ocrx_word' id='word_1_290' title='bbox 140 2336 410 2378; x_wconf 88' lang='lat' dir='ltr'>ratiocinatur</span> <span class='ocrx_word' id='word_1_291' title='bbox 442 2333 488 2377; x_wconf 93' lang='lat' dir='ltr'>D.</span> <span class='ocrx_word' id='word_1_292' title='bbox 524 2333 597 2378; x_wconf 90' lang='lat' dir='ltr'>Th.</span> <span class='ocrx_word' id='word_1_293' title='bbox 631 2347 725 2377; x_wconf 89' lang='lat' dir='ltr'>cum</span> <span class='ocrx_word' id='word_1_294' title='bbox 761 2332 953 2376; x_wconf 90' lang='lat' dir='ltr'>omnibus</span> <span class='ocrx_word' id='word_1_295' title='bbox 987 2330 1189 2387; x_wconf 86' lang='lat' dir='ltr'>theologis</span> <span class='ocrx_word' id='word_1_296' title='bbox 1212 2330 1240 2381; x_wconf 68' lang='lat'>4,</span> <span class='ocrx_word' id='word_1_297' title='bbox 1264 2332 1354 2373; x_wconf 83' lang='lat' dir='ltr'>sive</span> <span class='ocrx_word' id='word_1_298' title='bbox 1388 2335 1556 2386; x_wconf 88' lang='lat' dir='ltr'>propter</span> <span class='ocrx_word' id='word_1_299' title='bbox 1588 2331 1676 2371; x_wconf 91' lang='lat' dir='ltr'>eius</span> <span class='ocrx_word' id='word_1_300' title='bbox 1699 2328 1771 2371; x_wconf 88' lang='lat' dir='ltr'>ob-</span> 
     </span>
     <span class='ocr_line' id='line_1_35' title="bbox 140 2399 1768 2462; baseline -0.004 -14"><span class='ocrx_word' id='word_1_301' title='bbox 140 2407 307 2460; x_wconf 77' lang='lat' dir='ltr'>iectum,</span> <span class='ocrx_word' id='word_1_302' title='bbox 341 2417 437 2449; x_wconf 80' lang='lat' dir='ltr'>uam</span> <span class='ocrx_word' id='word_1_303' title='bbox 476 2404 703 2462; x_wconf 73' lang='lat' dir='ltr'>«sigillum</span> <span class='ocrx_word' id='word_1_304' title='bbox 727 2404 996 2448; x_wconf 88' lang='lat' dir='ltr'>confessionis</span> <span class='ocrx_word' id='word_1_305' title='bbox 1028 2402 1185 2445; x_wconf 85' lang='lat' dir='ltr'>directe</span> <span class='ocrx_word' id='word_1_306' title='bbox 1210 2414 1288 2443; x_wconf 91' lang='lat' dir='ltr'>non</span> <span class='ocrx_word' id='word_1_307' title='bbox 1324 2414 1366 2444; x_wconf 91' lang='lat' dir='ltr'>se</span> <span class='ocrx_word' id='word_1_308' title='bbox 1401 2400 1586 2444; x_wconf 90' lang='lat' dir='ltr'>extendit</span> <span class='ocrx_word' id='word_1_309' title='bbox 1609 2401 1684 2441; x_wconf 86' lang='lat' dir='ltr'>nisi</span> <span class='ocrx_word' id='word_1_310' title='bbox 1720 2399 1768 2441; x_wconf 89' lang='lat' dir='ltr'>ad</span> 
     </span>
     <span class='ocr_line' id='line_1_36' title="bbox 141 2470 1769 2534; baseline -0.005 -15"><span class='ocrx_word' id='word_1_311' title='bbox 141 2475 209 2520; x_wconf 92' lang='lat' dir='ltr'>illa</span> <span class='ocrx_word' id='word_1_312' title='bbox 257 2476 308 2519; x_wconf 89' lang='lat' dir='ltr'>de</span> <span class='ocrx_word' id='word_1_313' title='bbox 355 2475 507 2534; x_wconf 90' lang='lat' dir='ltr'>quibus</span> <span class='ocrx_word' id='word_1_314' title='bbox 540 2481 601 2519; x_wconf 88' lang='lat' dir='ltr'>est</span> <span class='ocrx_word' id='word_1_315' title='bbox 633 2473 948 2520; x_wconf 81' lang='lat' dir='ltr'>sacramentalis</span> <span class='ocrx_word' id='word_1_316' title='bbox 996 2473 1268 2525; x_wconf 81' lang='lat' dir='ltr'>confessio»,</span> <span class='ocrx_word' id='word_1_317' title='bbox 1306 2471 1522 2515; x_wconf 72' lang='lat' dir='ltr'>videlieet:</span> <span class='ocrx_word' id='word_1_318' title='bbox 1567 2470 1769 2514; x_wconf 89' lang='lat' dir='ltr'>sacerdoti</span> 
     </span>
     <span class='ocr_line' id='line_1_37' title="bbox 140 2540 1773 2598; baseline -0.004 -8"><span class='ocrx_word' id='word_1_319' title='bbox 140 2547 245 2591; x_wconf 88' lang='lat' dir='ltr'>faeta</span> <span class='ocrx_word' id='word_1_320' title='bbox 279 2549 318 2590; x_wconf 93' lang='lat' dir='ltr'>in</span> <span class='ocrx_word' id='word_1_321' title='bbox 351 2547 496 2590; x_wconf 89' lang='lat' dir='ltr'>ordine</span> <span class='ocrx_word' id='word_1_322' title='bbox 529 2546 580 2590; x_wconf 87' lang='lat' dir='ltr'>ad</span> <span class='ocrx_word' id='word_1_323' title='bbox 615 2545 931 2598; x_wconf 79' lang='lat' dir='ltr'>absolutionem,</span> <span class='ocrx_word' id='word_1_324' title='bbox 964 2546 1053 2587; x_wconf 73' lang='lat' dir='ltr'>sive</span> <span class='ocrx_word' id='word_1_325' title='bbox 1078 2542 1268 2586; x_wconf 86' lang='lat' dir='ltr'>inchoata</span> <span class='ocrx_word' id='word_1_326' title='bbox 1305 2545 1355 2585; x_wconf 91' lang='lat' dir='ltr'>sit</span> <span class='ocrx_word' id='word_1_327' title='bbox 1388 2542 1536 2596; x_wconf 80' lang='lat' dir='ltr'>solum,</span> <span class='ocrx_word' id='word_1_328' title='bbox 1580 2540 1640 2584; x_wconf 74' lang='lat' dir='ltr'>vel</span> <span class='ocrx_word' id='word_1_329' title='bbox 1666 2553 1773 2584; x_wconf 84' lang='lat' dir='ltr'>com—</span> 
     </span>
     <span class='ocr_line' id='line_1_38' title="bbox 142 2613 1770 2675; baseline -0.005 -14"><span class='ocrx_word' id='word_1_330' title='bbox 142 2618 264 2675; x_wconf 78' lang='lat' dir='ltr'>pleta,</span> <span class='ocrx_word' id='word_1_331' title='bbox 299 2618 435 2662; x_wconf 91' lang='lat' dir='ltr'>valida</span> <span class='ocrx_word' id='word_1_332' title='bbox 472 2618 535 2662; x_wconf 88' lang='lat' dir='ltr'>vel</span> <span class='ocrx_word' id='word_1_333' title='bbox 569 2617 773 2674; x_wconf 88' lang='lat' dir='ltr'>sacrilega</span> <span class='ocrx_word' id='word_1_334' title='bbox 810 2630 846 2659; x_wconf 78' lang='lat' dir='ltr'>v.</span> <span class='ocrx_word' id='word_1_335' title='bbox 882 2630 942 2672; x_wconf 89' lang='lat' dir='ltr'>gr.</span> <span class='ocrx_word' id='word_1_336' title='bbox 978 2614 1030 2658; x_wconf 93' lang='lat' dir='ltr'>ob</span> <span class='ocrx_word' id='word_1_337' title='bbox 1064 2616 1232 2657; x_wconf 87' lang='lat' dir='ltr'>tacitum</span> <span class='ocrx_word' id='word_1_338' title='bbox 1277 2613 1510 2656; x_wconf 75' lang='lat' dir='ltr'>voluntarie</span> <span class='ocrx_word' id='word_1_339' title='bbox 1540 2617 1770 2669; x_wconf 82' lang='lat' dir='ltr'>peccatum,</span> 
     </span>
     <span class='ocr_line' id='line_1_39' title="bbox 139 2683 1770 2747; baseline -0.004 -16"><span class='ocrx_word' id='word_1_340' title='bbox 139 2691 230 2733; x_wconf 81' lang='lat' dir='ltr'>sive</span> <span class='ocrx_word' id='word_1_341' title='bbox 261 2692 327 2733; x_wconf 87' lang='lat' dir='ltr'>cui</span> <span class='ocrx_word' id='word_1_342' title='bbox 360 2694 558 2747; x_wconf 89' lang='lat' dir='ltr'>sequatur</span> <span class='ocrx_word' id='word_1_343' title='bbox 591 2688 797 2733; x_wconf 88' lang='lat' dir='ltr'>absolutio</span> <span class='ocrx_word' id='word_1_344' title='bbox 835 2687 895 2731; x_wconf 91' lang='lat' dir='ltr'>vel</span> <span class='ocrx_word' id='word_1_345' title='bbox 932 2686 1033 2730; x_wconf 88' lang='lat' dir='ltr'>haec</span> <span class='ocrx_word' id='word_1_346' title='bbox 1067 2686 1318 2740; x_wconf 81' lang='lat' dir='ltr'>denegetur:</span> <span class='ocrx_word' id='word_1_347' title='bbox 1359 2701 1380 2726; x_wconf 87' lang='lat'>«</span> <span class='ocrx_word' id='word_1_348' title='bbox 1402 2685 1473 2728; x_wconf 90' lang='lat' dir='ltr'>sed</span> <span class='ocrx_word' id='word_1_349' title='bbox 1500 2684 1698 2727; x_wconf 85' lang='lat' dir='ltr'>indirecte</span> <span class='ocrx_word' id='word_1_350' title='bbox 1734 2683 1770 2725; x_wconf 91' lang='lat' dir='ltr'>id</span> 
     </span>
    </p>
   </div>
   <div class='ocr_carea' id='block_1_6' title="bbox 143 2811 1774 2958">
    <p class='ocr_par' dir='ltr' id='par_1_8' title="bbox 143 2811 1774 2958">
     <span class='ocr_line' id='line_1_40' title="bbox 261 2811 1774 2864; baseline -0.005 -11"><span class='ocrx_word' id='word_1_351' title='bbox 261 2819 271 2841; x_wconf 81' lang='lat'><strong>1</strong></span> <span class='ocrx_word' id='word_1_352' title='bbox 306 2833 320 2849; x_wconf 69' lang='grc' dir='ltr'>ι</span> <span class='ocrx_word' id='word_1_353' title='bbox 341 2819 531 2863; x_wconf 81' lang='lat' dir='ltr'>Suprema</span> <span class='ocrx_word' id='word_1_354' title='bbox 554 2834 568 2848; x_wconf 85' lang='lat'><strong><em>»</em></strong></span> <span class='ocrx_word' id='word_1_355' title='bbox 593 2818 721 2864; x_wconf 63' lang='lat' dir='ltr'>‘ZIulii</span> <span class='ocrx_word' id='word_1_356' title='bbox 744 2818 846 2855; x_wconf 69' lang='lat'>1745,</span> <span class='ocrx_word' id='word_1_357' title='bbox 873 2840 911 2844; x_wconf 77' lang='lat'>--</span> <span class='ocrx_word' id='word_1_358' title='bbox 949 2831 961 2846; x_wconf 65' lang='lat' dir='ltr'>e</span> <span class='ocrx_word' id='word_1_359' title='bbox 982 2815 1061 2851; x_wconf 86' lang='lat' dir='ltr'>Ubi</span> <span class='ocrx_word' id='word_1_360' title='bbox 1080 2815 1250 2859; x_wconf 85' lang='lat' dir='ltr'>primum</span> <span class='ocrx_word' id='word_1_361' title='bbox 1272 2831 1285 2845; x_wconf 66' lang='grc' dir='ltr'>ι»</span> <span class='ocrx_word' id='word_1_362' title='bbox 1318 2816 1340 2848; x_wconf 78' lang='lat'>‘2</span> <span class='ocrx_word' id='word_1_363' title='bbox 1359 2814 1465 2849; x_wconf 80' lang='lat' dir='ltr'>Iunii</span> <span class='ocrx_word' id='word_1_364' title='bbox 1488 2814 1591 2854; x_wconf 69' lang='lat'>1746,</span> <span class='ocrx_word' id='word_1_365' title='bbox 1616 2833 1657 2837; x_wconf 87' lang='lat'><em>-</em></span> <span class='ocrx_word' id='word_1_366' title='bbox 1686 2827 1697 2840; x_wconf 85' lang='lat'><strong>«</strong></span> <span class='ocrx_word' id='word_1_367' title='bbox 1715 2811 1774 2845; x_wconf 86' lang='lat' dir='ltr'>Ad</span> 
     </span>
     <span class='ocr_line' id='line_1_41' title="bbox 143 2858 1771 2910; baseline -0.005 -10"><span class='ocrx_word' id='word_1_368' title='bbox 143 2864 454 2900; x_wconf 79' lang='lat' dir='ltr'>eradicandum»</span> <span class='ocrx_word' id='word_1_369' title='bbox 490 2866 537 2900; x_wconf 82' lang='lat'>28</span> <span class='ocrx_word' id='word_1_370' title='bbox 563 2865 805 2910; x_wconf 83' lang='lat' dir='ltr'>Septembris</span> <span class='ocrx_word' id='word_1_371' title='bbox 837 2864 941 2898; x_wconf 72' lang='lat'>1746.</span> <span class='ocrx_word' id='word_1_372' title='bbox 974 2883 1018 2888; x_wconf 93' lang='lat'>—-</span> <span class='ocrx_word' id='word_1_373' title='bbox 1046 2862 1167 2896; x_wconf 72' lang='lat' dir='ltr'>²Loc.</span> <span class='ocrx_word' id='word_1_374' title='bbox 1210 2863 1279 2897; x_wconf 78' lang='lat' dir='ltr'>cit.</span> <span class='ocrx_word' id='word_1_375' title='bbox 1318 2874 1357 2896; x_wconf 92' lang='lat' dir='ltr'>n.</span> <span class='ocrx_word' id='word_1_376' title='bbox 1399 2864 1454 2895; x_wconf 70' lang='lat'>16.</span> <span class='ocrx_word' id='word_1_377' title='bbox 1496 2881 1539 2886; x_wconf 89' lang='lat'><em>-</em></span> <span class='ocrx_word' id='word_1_378' title='bbox 1578 2861 1591 2882; x_wconf 78' lang='lat'>³</span> <span class='ocrx_word' id='word_1_379' title='bbox 1630 2858 1771 2893; x_wconf 78' lang='lat' dir='ltr'>Matth.</span> 
     </span>
     <span class='ocr_line' id='line_1_42' title="bbox 145 2909 1374 2958; baseline -0.003 -11"><span class='ocrx_word' id='word_1_380' title='bbox 145 2912 294 2957; x_wconf 89' lang='lat' dir='ltr'>XVIII,</span> <span class='ocrx_word' id='word_1_381' title='bbox 322 2913 356 2947; x_wconf 89' lang='grc'>6.</span> <span class='ocrx_word' id='word_1_382' title='bbox 386 2933 428 2939; x_wconf 83' lang='grc'>-</span> <span class='ocrx_word' id='word_1_383' title='bbox 455 2913 469 2935; x_wconf 79' lang='lat'>4</span> <span class='ocrx_word' id='word_1_384' title='bbox 497 2913 630 2958; x_wconf 89' lang='lat' dir='ltr'>Suppl.</span> <span class='ocrx_word' id='word_1_385' title='bbox 658 2925 695 2957; x_wconf 86' lang='lat' dir='ltr'>q.</span> <span class='ocrx_word' id='word_1_386' title='bbox 723 2912 794 2955; x_wconf 80' lang='lat' dir='ltr'>XI,</span> <span class='ocrx_word' id='word_1_387' title='bbox 823 2923 854 2946; x_wconf 82' lang='lat' dir='ltr'>a.</span> <span class='ocrx_word' id='word_1_388' title='bbox 884 2913 915 2945; x_wconf 83' lang='lat'>1.</span> <span class='ocrx_word' id='word_1_389' title='bbox 947 2909 1020 2944; x_wconf 83' lang='lat' dir='ltr'>Sed</span> <span class='ocrx_word' id='word_1_390' title='bbox 1047 2915 1184 2944; x_wconf 81' lang='lat' dir='ltr'>contra</span> <span class='ocrx_word' id='word_1_391' title='bbox 1211 2914 1250 2944; x_wconf 78' lang='lat' dir='ltr'>et</span> <span class='ocrx_word' id='word_1_392' title='bbox 1272 2921 1374 2953; x_wconf 85' lang='lat' dir='ltr'>corp.</span> 
     </span>
    </p>
   </div>
  </div>
 </body>
</html>
