1971 3261
165 138 258 174 Can.
285 137 487 173 1151-1152
608 137 692 172 Trr.
721 137 829 172 VIII.
859 158 871 163 -
899 138 955 173 De
981 138 1340 173 sacramentalibus
1721 137 1793 172 713

167 256 210 299 1⁰
239 256 448 300 declarato
482 255 735 299 concedatur
769 256 1067 304 tantummodo,
1101 270 1200 313 ergo
1226 256 1469 312 prohibetur
1492 269 1580 299 eam
1617 257 1704 300 dari
1732 259 1789 300 in-

165 326 384 371 terioribus
416 325 592 381 clericis,
626 326 667 382 a)
701 327 913 370 sacerdoti
947 326 990 384 b)
1018 327 1180 385 pietate
1218 330 1255 369 in
1293 326 1437 379 Deum,
1471 327 1512 383 c)
1542 327 1791 385 prudentia,

163 410 270 456 quae
307 397 425 440 valde
460 400 691 440 necessaria
726 403 799 442 est.
835 411 883 441 ne
917 399 1149 454 decipiatur
1181 411 1201 441 a
1242 398 1514 442 daemonibus
1549 401 1584 441 iu
1623 402 1791 455 proprio

166 470 406 521 ministeri0,
441 468 484 524 d)
519 482 568 510 ae
612 468 721 510 ritae
764 469 1024 526 i'nleqrilale,
1060 474 1099 513 ut
1134 471 1297 513 strictas
1344 472 1573 512 sanctitatis
1614 470 1792 526 regulas,

162 552 265 597 quas
298 539 421 582 tradit
454 538 548 582 Rite.
585 539 730 583 nomm.
767 543 804 582 in
842 543 1000 595 praxim
1036 554 1182 583 secure
1207 542 1291 596 ipse
1324 540 1532 594 ‹leducat;
1567 546 1689 598 atque
1711 541 1790 596 ple-

163 624 254 654 nam
291 610 508 667 prudentia
545 613 812 654 monitionem
848 611 941 655 litu.
982 611 1111 654 Rom³.
1148 617 1401 654 memoratur
1433 624 1563 654 canon
1602 613 1788 656 addens:

161 681 233 739 qui
257 683 443 724 minister
465 694 588 738 supra
614 682 847 738 descriptus
870 696 917 725 ex
948 687 1160 738 potestate,
1196 682 1358 725 licentia
1383 688 1421 725 et
1445 683 1714 737 qualitatibus
1733 682 1788 726 acl

161 753 415 796 emoreae'sznos
449 753 707 809 peragendos
740 767 790 795 ite
819 753 1036 811 procedat,
1073 756 1244 796 vetitum
1287 767 1525 809 supponens
1560 754 1657 797 illud
1694 754 1786 797 tur.

160 824 291 868 Rom‘.
327 824 422 881 (loc.
457 826 523 867 cit.
549 838 588 866 n.
613 823 680 880 3):
721 840 740 865 «
766 824 805 866 ln
842 826 998 880 primis,
1023 838 1072 867 ne
1097 824 1216 867 t'acile
1249 825 1404 876 credat,
1438 824 1617 881 aliquem
1643 837 1663 867 a
1689 826 1787 868 ‹lae-

162 898 298 938 monio
332 894 543 938 obsessum
579 909 668 938 esse
691 895 766 938 sedr
794 900 888 939 nota
924 895 1070 939 habeat
1094 908 1140 938 ea
1174 897 1305 951 signa,
1330 895 1481 953 quilius
1513 895 1706 939 obsessus
1728 897 1787 939 di-

159 968 373 1023 gnoscitur
405 966 456 1010 ab
501 968 562 1021 iis,
597 969 668 1024 qui
709 966 770 1010 vel
805 971 893 1010 atra
939 966 1034 1020 bile,
1071 966 1133 1009 vel
1177 966 1329 1009 vmorbo
1362 966 1501 1024 aliquo
1537 966 1788 1019 laborant»,

161 1037 455 1093 propterquod
477 1050 608 1080 canon
628 1041 895 1095 prosequitur
912 1051 1108 1094 expressa
1130 1049 1273 1081 norma
1296 1054 1304 1081 :
1324 1037 1410 1080 uisi
1429 1043 1650 1095 postquam
1671 1038 1714 1095 a)
1731 1038 1790 1081 (ti-

159 1107 310 1165 liqenti'
328 1114 496 1164 propter
513 1113 713 1151 attentum
735 1121 910 1152 examen
932 1107 974 1166 b)
991 1108 1275 1166 prudentique
1299 1113 1467 1165 propter
1490 1108 1782 1152 discretionem

159 1178 483 1235 iuvesti'yati'oue
505 1179 769 1236 compererit,
788 1179 896 1236 quod
934 1179 1107 1222 verbum
1152 1179 1352 1222 moralem
1390 1179 1543 1222 indicat
1576 1180 1787 1222 certitudi-

158 1262 249 1292 nem
284 1254 323 1292 et
357 1263 429 1306 pro
462 1262 543 1307 qua
577 1250 800 1293 obtinenda
826 1253 1063 1294 exorcizare
1097 1250 1273 1304 differat,
1302 1252 1421 1293 cuius
1453 1249 1661 1293 obiectum
1696 1256 1788 1294 est:

156 1319 480 1363 eoeorcizaudum
515 1334 604 1363 esse
634 1335 782 1363 revera
816 1335 841 1363 α
873 1320 1076 1364 daemone
1108 1320 1332 1365 obsessum.

279 1407 297 1431 (ι
323 1392 447 1448 Signa
481 1397 618 1435 autem
654 1393 882 1436 obsidentis
914 1393 1130 1436 daemonis
1152 1398 1273 1436 sunt:
1300 1392 1312 1414 ¹
1339 1395 1475 1448 ignota
1502 1391 1640 1449 lingua
1677 1392 1787 1450 loqui

158 1462 345 1520 pluribus
371 1462 523 1518 verbis,
561 1463 623 1506 vel
658 1463 895 1520 loquentem
932 1463 1193 1520 intelligere,
1228 1464 1421 1506 distantia
1455 1468 1495 1506 et
1527 1463 1689 1507 occulta
1716 1476 1784 1520 pa-

155 1535 361 1588 tefacere3
396 1539 435 1577 et
469 1534 506 1577 id
552 1548 684 1591 genus
716 1534 809 1590 alia,
846 1547 952 1592 quae
985 1548 1079 1578 cum
1125 1534 1302 1592 plurima
1336 1539 1606 1588 concurrunt,
1631 1537 1784 1578 maiora

154 1610 249 1649 sunt
282 1605 496 1649 indicia».
531 1607 734 1662 Supponit
764 1611 902 1649 autem
938 1605 1101 1650 Rituale
1133 1605 1280 1650 Romm.
1317 1605 1382 1649 illa
1417 1606 1506 1649 fieri
1541 1618 1562 1649 a
1598 1619 1789 1662 persona,

154 1688 262 1734 quae
294 1675 436 1720 orbata
476 1679 527 1719 sit
566 1689 715 1733 magna
749 1679 980 1731 sanctitate,
1003 1679 1092 1720 sine
1125 1689 1248 1721 causa
1281 1677 1512 1720 sufficiente
1537 1676 1603 1719 illa
1630 1680 1787 1734 peragi,

155 1759 203 1791 ac
235 1748 501 1805 trequentei·;
537 1761 629 1792 nem
665 1750 789 1791 etiam
822 1748 959 1792 Sancti
996 1748 1091 1792 talia
1134 1751 1250 1805 signa
1287 1753 1570 1805 patraverunt,
1597 1754 1637 1792 et
1659 1748 1786 1805 aliqui

155 1831 297 1861 eorum
336 1818 449 1861 velut
489 1818 784 1873 habitualiter3
821 1820 891 1863 sed
938 1824 981 1862 ut
1013 1819 1272 1876 Augustinus
1310 1820 1437 1863 dicit:
1464 1818 1479 1841 ²
1508 1820 1652 1863 «Cum
1689 1820 1784 1863 talia

155 1889 311 1932 faciunt
346 1891 470 1946 magi,
504 1889 640 1946 qualia
685 1892 831 1944 sancti,
864 1890 1032 1933 diverso
1068 1891 1147 1933 tine
1179 1895 1217 1933 et
1249 1890 1419 1934 diverso
1452 1892 1540 1934 iure
1574 1891 1690 1934 tiunt.
1725 1890 1786 1933 llli

154 1962 263 2002 enim
298 1957 461 2003 faciunt'
486 1965 734 2018 quaerentes
757 1961 932 2017 gloriam
967 1974 1099 2016 suam,
1125 1963 1188 2004 isti
1213 1965 1462 2018 quaerentes
1489 1961 1663 2017 gloriam
1693 1961 1785 2016 Der.

154 2035 193 2074 et
227 2030 282 2072 illi
319 2031 475 2074 faciunt
499 2045 572 2088 per
602 2032 808 2089 quaedam
845 2034 1004 2087 privata
1044 2034 1311 2086 commercia,
1346 2034 1412 2075 isti
1445 2037 1582 2076 autem
1620 2031 1784 2088 publica

153 2101 527 2156 administratione,
571 2107 610 2145 et
658 2105 769 2146 iussu
813 2102 899 2157 Dei,
933 2105 998 2146 cui
1047 2107 1195 2147 (uincta
1240 2102 1425 2146 subiecta
1470 2108 1627 2146 sunt».
1665 2129 1717 2134 —
1752 2103 1785 2146 E

152 2185 356 2216 converso
381 2186 489 2216 nunc
513 2176 712 2230 temporis
734 2173 871 2217 adhuc
890 2174 1230 2229 examinandum,
1255 2176 1287 2217 si
1314 2186 1487 2230 persona
1506 2174 1582 2218 sub
1600 2174 1782 2217 medium

153 2244 312 2287 influxu
348 2257 420 2300 per
455 2244 765 2301 liypnotismum
801 2247 931 2301 posita
964 2247 1030 2297 sit,
1062 2247 1256 2301 quamvis
1288 2258 1339 2288 ex
1375 2244 1515 2288 illicita
1551 2246 1780 2302 frequentia

153 2313 262 2358 illius
297 2320 434 2371 posset
457 2314 641 2359 obsessio
664 2316 880 2359 daemonis
904 2317 942 2358 in
969 2317 1222 2372 punitionem
1254 2318 1402 2359 iustam
1428 2328 1450 2359 a
1476 2315 1559 2359 Deo
1584 2318 1780 2372 permitti.

270 2384 372 2430 Cum
407 2391 587 2443 potestas
621 2389 659 2429 in
695 2387 920 2430 daemones
942 2389 994 2429 sit
1027 2385 1237 2430 Ecclesiae
1272 2386 1413 2430 relicta
1449 2400 1527 2430 non
1564 2392 1721 2430 tantum
1743 2389 1781 2430 in

152 2455 415 2500 obsessorum
449 2457 706 2514 spiritualem
742 2471 790 2501 ac
814 2457 1082 2514 temporalem
1120 2457 1353 2512 utilitatem,
1375 2458 1445 2501 sed
1484 2460 1706 2514 praecipue
1730 2458 1780 2501 ad

152 2526 351 2571 honorem
385 2527 550 2582 Christi,
584 2531 756 2586 eiusque
788 2528 1106 2572 collaudandam
1136 2528 1409 2573 humilitatem
1444 2529 1783 2584 summannobe-

153 2599 436 2656 dientiamque
460 2613 590 2657 usque
614 2600 663 2643 ad
699 2604 889 2653 mortem,
918 2615 939 2640 «
964 2605 1131 2656 propter
1163 2600 1272 2658 quod
1300 2600 1408 2644 Deus
1440 2600 1640 2644 exaltavit
1665 2600 1781 2645 illum

152 2674 191 2713 et
214 2670 383 2713 donavit
403 2670 456 2712 illi
484 2683 632 2713 nomen
658 2671 766 2727 quod
792 2675 853 2713 est
874 2684 1000 2726 super
1022 2684 1144 2714 omne
1184 2684 1349 2725 nomen,
1374 2676 1414 2714 ut
1441 2673 1477 2714 in
1499 2674 1665 2714 nomine
1692 2671 1779 2715 lesu

152 2753 274 2784 omne
305 2753 412 2797 genu
447 2741 681 2785 flectatur...
716 2743 884 2784 etiam...
922 2743 1178 2785 infernorum
1203 2757 1223 2783 )>
1250 2747 1276 2796 ³,
1301 2744 1490 2800 sequitur
1522 2756 1614 2785 ean.
1651 2744 1778 2785 1152.

270 2847 280 2868 1
308 2846 390 2880 Rit.
420 2847 531 2886 Rom,
573 2847 645 2881 loe.
685 2847 753 2881 cit.
784 2868 824 2871 —
852 2847 865 2869 2
892 2847 1027 2889 Quest.
1066 2847 1132 2882 lib.
1160 2847 1385 2889 LXXXIII,
1420 2860 1455 2893 q.
1485 2848 1530 2883 79
1557 2860 1578 2882 a
1604 2848 1704 2882 med.
1736 2869 1777 2872 ——

150 2895 164 2916 ³
190 2893 236 2927 D.
266 2893 415 2928 Paulus
440 2894 488 2928 ad
513 2894 684 2939 Philipp.
713 2894 765 2937 II,
794 2895 827 2929 9.
861 2895 916 2928 10.
