1971 3261
119 143 210 180 Can.
242 143 398 179 996-997
700 146 784 180 Tim.
815 147 879 181 VI.
910 168 921 173 -
942 148 998 182 De
1029 149 1172 184 Ordine
1685 152 1754 185 4⁴33

117 264 319 306 structi».
354 262 645 322 Unusquisque
680 268 787 307 euim
823 278 1038 309 assumens
1072 268 1237 325 aliquod
1273 270 1454 313 officium
1491 270 1611 315 debet
1646 274 1755 315 scire

118 345 224 390 quae
257 335 415 377 ratione
464 336 592 390 ipsius
625 335 856 392 adimplere
891 337 1026 391 debet,
1064 353 1113 381 ne
1159 342 1388 395 ignorantia
1424 344 1458 384 ei
1503 342 1552 384 ad
1588 343 1752 399 culpam

118 405 358 459 imputetur.

234 472 351 518 Circa
381 477 640 532 cognitiones
673 476 776 520 alias
809 479 848 522 S.
883 478 1033 522 Concffl.
1061 480 1199 524 Trium.
1227 485 1441 526 miniinuni
1479 484 1686 539 exigebat,
1713 490 1753 528 ut

115 543 216 587 alias
248 544 404 588 dictum
430 551 503 601 est,
529 560 604 590 nec
640 547 702 591 lex
729 547 865 605 aliqua
900 551 1107 605 generalis
1142 553 1363 607 prodierat,
1403 556 1453 596 ita
1490 560 1531 597 ut
1564 558 1753 599 severius

114 627 290 658 examen
317 617 530 660 videretur
555 620 730 673 positum
769 621 806 661 in
834 616 1153 663 Ordinariornm
1180 622 1351 666 arbitrio
1379 626 1545 667 forsitan
1584 628 1620 668 in
1646 626 1749 669 (Jon-

113 685 208 729 cilio
240 686 584 731 coadunatorum.
621 689 714 732 Pius
738 688 774 732 X
799 703 964 733 normas
997 691 1111 734 dedit
1147 692 1220 735 lia<⁸
1256 696 1293 736 in
1321 709 1362 737 re
1399 709 1470 751 pro
1500 696 1623 748 Urbe,
1648 710 1752 753 (pias

113 759 275 813 excepit
310 770 403 800 cum
441 759 725 804 moderamine
757 760 785 818 ξ
820 761 856 804 ⁶2.
886 760 1160 805 Pronior-emti
1186 778 1277 806 rero
1308 764 1362 807 ad
1396 780 1539 809 meros
1565 767 1749 817 ordine&

111 840 205 872 cum
242 841 377 884 praec.
411 829 473 887 ξω
505 830 741 886 generalior
783 837 904 885 esset,
942 832 983 874 in
1028 833 1129 876 aliis
1173 848 1332 892 quoque
1367 842 1529 892 praeter
1561 838 1669 881 dicta
1710 841 1747 881 in

109 897 155 956 §⁰
193 899 209 941 l
247 898 298 942 cle
324 913 448 943 saera
483 899 694 958 tlteoloqz'a
730 902 1070 953 tractationibus
1097 909 1181 947 tum
1218 906 1451 961 dogmatica
1490 912 1747 963 praesertim,¹

81 1007 85 1009 .
109 974 196 1012 tum
230 970 392 1022 morali,
415 972 646 1015 secuudum
682 972 780 1016 illud
816 974 855 1017 S.
880 974 1035 1030 Synodi
1061 974 1327 1019 'l'ridentinae
1348 978 1384 1019 ¹:
1425 994 1445 1017 «
1465 976 1542 1030 Qui
1569 980 1616 1021 ad
1655 994 1745 1035 pre-

108 1039 346 1097 sbyteratus
378 1042 566 1085 ordinem
611 1048 925 1087 assumuntur...
969 1044 1009 1087 hi
1053 1047 1146 1097 sint,
1180 1049 1249 1104 qui
1285 1050 1407 1091 etiam
1453 1049 1501 1091 ad
1550 1050 1744 1105 populum

109 1111 343 1155 docendum
377 1125 437 1167 ea,
473 1126 580 1170 quae
612 1116 719 1157 scire
753 1115 946 1158 omnibus
980 1119 1260 1160 necessarium
1296 1123 1353 1161 est
1389 1119 1437 1161 ad
1474 1119 1664 1167 salutem
1701 1134 1747 1164 ac

107 1181 436 1226 administranda
484 1188 758 1239 sacramenta,
794 1184 981 1241 diligenti
1031 1189 1223 1230 examine
1274 1190 1561 1244 praecedente,
1609 1191 1746 1233 idonci

107 1251 493 1308 comprobentur»,
524 1254 762 1312 perieulum
794 1254 961 1313 faciant
994 1256 1046 1300 ob
1079 1257 1202 1301 huius
1225 1262 1394 1302 canonis
1429 1263 1745 1317 praescriptum.

226 1322 437 1367 Ecclesiae
461 1324 691 1369 catholicae
721 1330 910 1370 naturam
937 1330 1118 1384 respexit
1153 1329 1335 1385 prudens
1361 1329 1571 1386 legislator
1596 1333 1632 1373 in
1660 1334 1683 1385 ,ξ
1708 1331 1744 1375 3.

105 1391 427 1452 Episcopormn,
461 1409 638 1453 quorum
674 1399 840 1440 nomine
869 1413 888 1438 (ι
912 1401 1023 1442 venit
1047 1398 1187 1443 Abbas
1214 1399 1276 1443 vel
1313 1400 1525 1444 Praelatus
1549 1401 1741 1445 nullius»

106 1463 214 1521 (can.
252 1465 349 1510 215.
383 1465 411 1523 ἓ
445 1466 488 1524 2)
520 1472 643 1525 atque
677 1468 726 1511 ad
782 1481 969 1512 normam
1004 1482 1094 1514 can.
1133 1471 1230 1526 298,
1263 1471 1291 1527 ξ
1326 1472 1343 1513 1
1383 1473 1745 1528 compreliemlun-

104 1539 171 1578 tur
204 1548 369 1594 quoque
397 1535 545 1581 Vicarii
571 1543 610 1581 et
646 1538 845 1582 Praefecti
870 1540 1111 1595 Apostolici.
1146 1540 1300 1585 Eorum
1335 1542 1593 1598 singulorum
1622 1545 1746 1599 igitur

104 1611 165 1649 est
212 1612 401 1650 statuere
433 1607 473 1665 a)
508 1622 591 1666 qua
639 1609 846 1661 methodo,
890 1616 1045 1668 quanto
1095 1616 1294 1669 tempore,
1331 1626 1412 1670 quo
1461 1614 1744 1670 interrogandi

104 1677 227 1720 modo
252 1677 315 1721 vel
340 1681 603 1735 quaestiones
637 1681 944 1736 proponendae,
971 1695 1068 1725 num
1106 1681 1345 1734 theoretice,
1372 1697 1467 1727 num
1493 1684 1542 1727 ad
1574 1685 1742 1727 modum

102 1760 222 1792 casus
254 1749 459 1805 solvendi,
495 1750 688 1794 omnibus
722 1753 1013 1796 examinandis
1047 1754 1213 1797 insimul
1248 1757 1513 1811 congregatis
1551 1755 1612 1798 vel
1649 1769 1743 1810 non,

102 1817 146 1876 b)
179 1833 320 1862 coram
354 1819 502 1878 quibus
525 1822 901 1872 eoeominaloribus,
927 1829 1133 1881 quatenus
1170 1827 1418 1882 «integrum
1444 1831 1502 1868 est
1538 1825 1743 1883 Episcopo

104 1889 167 1933 vel
200 1893 533 1935 examinatorum
568 1893 833 1949 synodalium
872 1893 940 1950 (de
974 1895 1126 1952 quibus
1159 1908 1340 1939 canones
1389 1899 1660 1940 inveniuntur
1703 1899 1741 1940 in

101 1965 174 2003 art.
211 1960 275 2016 ΙΙΙ,
312 1974 400 2019 cap.
436 1961 501 2016 lv,
536 1962 613 2006 Tit.
645 1962 745 2019 vill,
778 1963 865 2008 Lib.
900 1964 952 2022 ll)
999 1965 1062 2009 vet
1109 1965 1283 2010 aliorum
1335 1980 1457 2024 opera
1495 1969 1609 2023 uti»,
1645 1970 1741 2011 item

99 2043 182 2088 quo
215 2045 404 2087 numero,
428 2038 467 2076 et
502 2036 539 2076 in
576 2033 654 2078 hoc
677 2034 850 2078 arbitrio
884 2036 1104 2092 dirigendo
1129 2041 1240 2081 recte
1275 2042 1414 2081 utetur
1449 2051 1591 2082 norma
1616 2038 1740 2083 Cone.

98 2101 209 2146 Trid.
244 2116 295 2146 ex
331 2106 420 2147 iure
454 2117 591 2160 praec.
627 2104 704 2149 hoc
739 2108 777 2148 iu
812 2119 970 2150 canone
1005 2107 1220 2164 implicita,
1254 2108 1423 2152 demum
1458 2108 1498 2165 c)
1523 2114 1561 2151 ef
1591 2108 1740 2166 quihus

100 2172 143 2215 in
179 2174 506 2218 fractafiom'bvs
529 2189 679 2218 sacrae
714 2175 964 2234 llieoloqiae,
991 2180 1159 2222 forsitan
1185 2179 1347 2223 duabus
1382 2193 1454 2236 pro
1478 2179 1652 2236 singulis
1676 2194 1739 2223 or-

98 2243 264 2288 dinibus
297 2247 439 2300 sacris,
473 2259 722 2304 semperque
755 2248 975 2299 distinctis⁷
998 2254 1036 2291 et
1061 2262 1287 2307 numquam
1315 2252 1463 2293 omissa
1495 2253 1740 2294 tractatione

98 2313 149 2357 de
174 2317 323 2358 missae
341 2317 548 2360 sacrificio
572 2322 611 2360 et
645 2317 696 2360 de
729 2318 853 2362 SSma
888 2318 1163 2374 Eucharistia,
1190 2325 1233 2363 ut
1265 2320 1430 2364 solitum
1464 2327 1523 2364 est
1558 2323 1595 2363 in
1630 2320 1738 2364 alma

96 2384 219 2440 Urbe,
251 2386 525 2443 promovendi
554 2387 793 2445 periculum
827 2392 865 2432 in
901 2392 925 2443 ,ξ
950 2390 972 2432 2
1002 2393 1305 2447 praescriptum
1329 2392 1471 2449 facere
1495 2391 1669 2434 debeant
1700 2394 1737 2433 in

97 2454 206 2498 illius
239 2456 626 2514 adimplementum.

216 2526 315 2571 376.
348 2529 493 2585 Apud
528 2543 793 2587 quamnam
828 2533 1012 2577 curiam
1047 2535 1122 2578 est
1153 2533 1271 2578 illud
1306 2547 1514 2579 examen
1554 2534 1738 2579 facien-

94 2599 226 2642 dum.
252 2623 306 2628 —
330 2596 431 2642 Cum
468 2599 697 2657 Episcopus
726 2601 924 2645 ordinans
947 2607 1071 2659 queat
1095 2615 1184 2646 esso
1218 2606 1410 2660 proprius
1446 2604 1734 2660 promovendi,

99 2667 161 2711 vel
194 2681 329 2722 secus,
360 2669 554 2713 conditur
586 2670 636 2714 ad
673 2678 824 2728 praec⁵.
860 2672 1213 2729 complementum
1247 2688 1338 2717 eon.
1373 2676 1479 2719 997.
1514 2675 1613 2728 gl.
1649 2673 1733 2716 Ilm*

94 2751 267 2781 eoeamen
303 2739 454 2796 duplex
490 2741 748 2786 declaratum
774 2745 815 2799 a)
839 2742 925 2786 sive
955 2757 1034 2801 pro
1064 2743 1230 2787 clericis
1264 2744 1554 2787 soecularibus
1578 2744 1621 2802 b)
1646 2745 1732 2787 sire

204 2892 215 2914 1
235 2891 328 2937 Cap.
358 2893 415 2936 14,
443 2904 536 2928 sess.
562 2894 696 2930 XXIII
724 2894 770 2930 de
799 2895 885 2930 Ref.
