1971 3261
114 130 206 166 can.
233 129 304 165 840
493 130 577 164 TJT.
606 129 679 164 ΙΙΙ.
704 150 714 154 -
736 129 791 163 De
816 132 1068 165 sanctissima
1096 131 1350 166 Eucharistz‘a
1673 133 1741 165 163>

107 248 242 292 num0.
279 251 316 292 9.
366 248 451 291 nisi
499 253 574 291 aul
621 248 662 303 a)
710 246 874 290 oblator
922 249 1221 304 stipendiorum
1272 262 1467 306 expresse
1511 249 1732 307 permittat

106 318 272 377 aliquid
304 332 448 363 eorum
483 318 682 373 relinere,
708 317 749 375 b)
774 323 846 360 aa!
872 324 982 360 cerlo
1007 325 1163 362 constet
1187 334 1396 363 excessum
1421 334 1551 377 supra
1594 326 1736 363 [asam

106 390 412 437 dioecesanam,
452 392 521 447 qui
556 394 663 433 esset
697 392 819 433 etiam
857 391 1211 445 transinittemlus,
1245 390 1387 434 (latam
1422 390 1556 449 faisse
1580 392 1739 435 i'nlm'lze

104 474 312 519 personae
346 462 583 517 recipientis
625 462 773 516 stipem
817 473 838 502 a
890 459 1082 503 fidelibus
1134 462 1381 505 manualem.
1428 462 1515 505 Huc
1562 465 1736 519 pertinet

111 545 223 589 prop.
258 532 310 576 ab
344 531 461 576 Alex.
501 530 564 574 Vll
600 531 792 574 damnata
830 531 841 552 ¹
882 546 901 571 ((
928 533 966 572 a.
1019 531 1107 574 l'ost
1143 532 1354 575 decretum
1401 532 1553 577 L'rbani
1606 538 1737 590 potest

107 603 317 656 sacerdos,
348 605 413 646 cni
450 602 595 646 Missae
629 601 903 645 celebrandae
939 602 1172 653 traduntur„
1208 617 1279 659 per
1312 604 1436 647 alium
1483 607 1739 656 satisfacere,

108 674 256 719 collato
288 674 343 717 illi
379 676 526 716 minori
560 673 781 730 stipendio,
813 672 893 716 alia
929 678 1046 729 parte
1078 674 1270 729 stipendii
1306 675 1380 718 sibi
1419 681 1573 719 retenta
1600 692 1639 719 2).

225 779 328 826 Sequi
359 784 469 826 potest
494 779 652 815 doctrina
679 790 767 825 quae
793 779 916 815 asserit
942 779 1083 815 retineri
1113 791 1212 825 posse
1240 781 1451 825 stipendium
1482 782 1530 815 wi
1571 781 1735 826 stipendii

108 851 187 887 pars
217 851 255 876 ex
287 846 468 886 spontanea
503 839 706 874 remissione
740 838 963 885 suscipientis
1001 838 1246 884 obligationem
1279 840 1489 885 applicandi.
1521 840 1617 875 Tunc
1643 841 1738 876 enim

105 899 316 946 aequipollet
342 899 519 934 traditioni
551 900 662 933 iussae
689 898 724 932 in
752 909 896 939 canone,
923 898 976 933 cui
1005 898 1274 944 subsequeretur
1300 899 1439 933 donatio
1466 900 1506 933 de
1524 900 1659 946 proprio
1675 911 1737 935 nec

108 969 168 1005 per
193 969 363 994 canonem
392 968 456 993 nec
481 957 568 993 alias
596 957 782 1003 prohibita.
815 956 887 992 Dixi
916 963 1119 1003 spontane&
1145 961 1181 992 ut
1219 957 1421 992 excludatur
1463 959 1550 1003 qnod
1593 959 1735 994 vetitum

108 1022 225 1053 manet
252 1028 291 1053 ex
319 1021 428 1052 const.
460 1014 633 1060 «Quanta
658 1027 772 1052 cura»
805 1016 932 1051 Bened.
975 1015 1049 1051 XIV
1078 1017 1092 1038 ²²
1117 1016 1159 1051 de
1196 1017 1389 1052 retentione
1430 1018 1534 1062 partis
1573 1018 1735 1063 stipendii

113 1075 209 1113 «etsi
233 1077 344 1112 eidem
374 1074 548 1111 Sacerdoti
578 1075 720 1110 Missam
749 1075 939 1111 celebranti
970 1080 1001 1111 et
1029 1075 1275 1111 consentienti.
1305 1087 1340 1111 se
1368 1077 1507 1111 maioris
1548 1077 1643 1122 pretii
1684 1077 1739 1111 sti-

110 1136 380 1183 pendium‚‘seu
406 1135 665 1181 eleemosynam
692 1135 866 1181 accepisse
894 1135 1130 1170 indicasset».
1161 1156 1205 1160 —
1233 1134 1319 1170 Cum
1348 1135 1451 1170 etiam
1479 1136 1520 1169 sit
1541 1136 1684 1171 omnino
1698 1148 1736 1172 ex

108 1195 281 1240 aequitate
307 1194 424 1229 debita
450 1194 574 1229 solutio
600 1194 642 1229 de
668 1205 737 1240 qua
764 1194 915 1239 loquitur
943 1193 962 1228 7
992 1193 1144 1229 Dubium
1184 1205 1345 1240 sequens,
1384 1206 1461 1229 rum
1503 1195 1562 1229 boc
1602 1206 1738 1231 canone

109 1254 223 1299 vigere
250 1258 361 1300 potest
387 1253 461 1288 eius
487 1253 685 1298 responsio:
717 1267 731 1285 α
752 1254 805 1288 An
848 1253 1121 1298 permittendum
1160 1253 1204 1287 sit
1239 1253 1591 1288 Administratoribus
1631 1254 1738 1290 Eccle-

107 1313 249 1354 siarum,
278 1317 313 1348 ut
341 1313 515 1348 retineant
552 1312 706 1358 aliquam
739 1312 1042 1359 eleemosynarum
1072 1312 1278 1358 portionem,
1322 1324 1380 1358 pro
1414 1314 1582 1358 expressis
1618 1325 1737 1349 manu-

106 1372 273 1409 tentionis
301 1371 482 1411 Ecclesiae,
512 1371 699 1411 Altarium,
728 1371 1007 1411 inservientium,
1036 1376 1336 1418 paramentorum,
1381 1372 1608 1407 luminosum.
1650 1373 1736 1415 vini,

107 1431 240 1467 hostiae
264 1435 297 1466 et
323 1430 526 1465 similium?
555 1430 745 1476 Respondit
772 1429 807 1466 S.
834 1430 874 1466 C.
904 1429 943 1466 C.
972 1431 1176 1466 auctoritate
1204 1430 1273 1466 Urb
1335 1430 1419 1466 Ylll.
1463 1431 1735 1467 Permittendum

106 1502 176 1527 non
204 1501 279 1526 esse
306 1490 373 1524 nisi
402 1500 482 1524 oum
511 1489 682 1525 Ecclesiae
708 1489 793 1525 alios
821 1501 890 1525 nou
920 1490 1073 1525 habeant
1099 1490 1231 1525 reditus
1252 1490 1284 1524 in
1307 1490 1502 1525 huiusmodi
1526 1502 1627 1525 usum
1648 1490 1738 1526 licite

107 1549 321 1595 erogandos;
350 1553 383 1584 et
409 1553 493 1584 tunc
519 1549 712 1595 portionem
741 1560 846 1594 quam
873 1549 1089 1585 retinebunt.
1117 1549 1319 1585 nullatenus
1346 1550 1468 1585 debere
1494 1550 1655 1585 excedere
1681 1561 1738 1585 va-

106 1609 213 1645 lorem
240 1619 472 1655 expensarum
501 1619 561 1654 pro
589 1609 736 1654 ipsomet
762 1613 898 1644 tantum
915 1607 1040 1644 Missae
1055 1607 1232 1644 Sacrificio
1252 1609 1734 1650 necessariosubeundarum,

105 1672 137 1704 et
156 1668 390 1703 nibilominus
408 1667 602 1703 curandum
619 1679 706 1704 esse.
724 1672 761 1703 ut
775 1673 823 1704 tot
839 1667 964 1703 Missae
979 1668 1198 1704 celebrentur
1213 1673 1296 1714 quot
1313 1668 1439 1703 fuerint
1455 1668 1686 1714 praescriptae
1702 1682 1735 1702 ».

106 1727 205 1764 Nunc
233 1738 311 1763 vero
335 1727 370 1762 in
399 1726 524 1763 Codice
551 1727 772 1763 inveniemus
799 1727 833 1762 in
862 1739 940 1763 can.
974 1726 1062 1762 1303
1090 1728 1314 1773 quandonam
1354 1732 1490 1772 ‹potest
1519 1728 1550 1762 id
1591 1732 1622 1762 et
1661 1727 1734 1773 qui-

106 1798 188 1823 nam
218 1785 428 1823 Ordinarius
457 1786 709 1833 permittere».

226 1883 335 1927 lden]
370 1883 626 1927 declaratum
662 1889 721 1927 est
758 1886 794 1926 in
833 1883 1056 1927 Hildesien.
1091 1884 1104 1906 ³
1140 1884 1190 1927 de
1229 1883 1418 1940 «legatis
1453 1886 1669 1926 missarum
1697 1885 1734 1925 in

106 1955 243 2013 aliqua
277 1954 450 1998 ecclesia
486 1955 731 2004 fundatis»,
767 1964 886 2011 prout
921 1956 1045 1998 refert
1078 1961 1202 2012 atque
1235 1956 1450 1997 contii-mat
1499 1953 1592 1998 Dec.
1622 1970 1641 1994 ((
1686 1953 1735 1998 Ut

105 2025 287 2070 debita»
325 2026 402 2069 sub
437 2040 472 2069 n.
512 2026 577 2079 15,
611 2029 680 2084 qui
716 2031 1001 2083 transumptus
1034 2031 1093 2069 est
1127 2040 1219 2069 cuni
1255 2025 1486 2068 adnotanda
1516 2026 1618 2068 infra
1646 2038 1732 2067 inu-

106 2099 258 2141 tatione
292 2099 330 2139 in
367 2099 594 2152 praesentis
627 2099 797 2140 canonis
830 2096 857 2153 ξ
891 2097 927 2140 2.
966 2095 1009 2139 ln
1046 2096 1190 2139 Missis
1225 2095 1279 2138 ad
1314 2096 1450 2138 instar
1475 2095 1734 2138 manualium

105 2168 213 2225 (can.
250 2168 347 2221 8⁶26,
381 2170 405 2222 g
440 2167 498 2224 ⁶2),
531 2181 603 2211 seu
632 2168 875 2225 «stipendia
904 2171 1118 2211 Missaruni
1146 2167 1453 2210 luinlatarnni...
1478 2167 1528 2209 de
1555 2169 1642 2210 inre
1665 2171 1735 2209 aut

105 2239 279 2283 Sanctae
311 2239 429 2283 Sedis
463 2238 621 2282 indulto
655 2238 746 2282 aliis
778 2229 1073 2283 Sacerdotibus
1108 2238 1321 2291 tradenda,
1357 2243 1398 2280 ut
1434 2238 1577 2280 iisdem
1622 2239 1735 2280 satis-

106 2311 176 2353 tiat
199 2325 237 2365 ›>,
271 2309 356 2353 nisi
388 2309 517 2353 obstet
551 2324 664 2352 inens
696 2309 944 2368 fundatoris
991 2323 1040 2353 ex
1092 2309 1341 2352 tnndationis
1391 2308 1540 2351 tabulis
1588 2323 1736 2364 cogno-

103 2381 268 2434 scenda,
307 2394 343 2422 v.
379 2394 439 2436 gr.
474 2380 524 2424 de
558 2381 671 2424 totali
706 2381 914 2438 stipendio
951 2381 1058 2437 qnod
1093 2379 1316 2423 celebranti
1343 2379 1641 2422 conterendum
1668 2381 1732 2429 sit,

104 2451 290 2509 leyitime
321 2451 503 2496 scilicet:
537 2452 768 2495 secundum
803 2466 855 2496 ss.
891 2464 1070 2495 canones
1104 2450 1312 2493 retinetur
1344 2464 1536 2493 efres-sus
1565 2465 1584 2490 «
1608 2462 1731 2506 supra

105 2528 242 2566 taxam
276 2523 565 2566 dioecesanam
590 2538 610 2564 »
652 2522 698 2580 (ξ
718 2522 776 2579 1),
810 2528 848 2565 el
882 2522 989 2564 salis
1014 2527 1074 2563 es!
1099 2535 1170 2577 pro
1197 2526 1370 2578 atrociae
1395 2523 1479 2563 loro
1506 2520 1732 2573 remittere,

103 2593 307 2637 sacerdoti
341 2596 406 2637 cui
442 2594 662 2637 traduntur
697 2596 845 2636 missae
879 2594 928 2636 ad
968 2595 1094 2635 instar
1115 2591 1382 2645 manualium,
1408 2591 1539 2634 solam
1566 2590 1734 2632 eleemo-

103 2679 251 2723 synam
285 2663 524 2707 manualem
557 2665 606 2707 ad
644 2677 828 2707 normani
865 2677 954 2707 can.
991 2663 1068 2705 831
1108 2662 1159 2706 de
1194 2668 1285 2706 taxa
1306 2662 1493 2719 sinodali
1519 2661 1733 2714 dioecesis,

104 2748 183 2779 non
222 2735 344 2779 «loci
382 2738 418 2778 in
453 2749 535 2793 quo
571 2735 820 2779 beneticium
855 2740 913 2777 est
949 2738 1132 2777 erectum
1160 2749 1199 2787 ³),
1221 2738 1261 2776 ut
1288 2735 1608 2789 praescripserat
1635 2730 1730 2774 Dec.

219 2888 230 2909 1
257 2887 303 2920 24
330 2887 436 2932 Sept.
468 2887 570 2921 1665.
601 2907 633 2912 —
671 2887 684 2909 ‘2
710 2886 756 2921 30
782 2869 869 2920 Iun.
902 2886 1000 2919 1741.
1033 2905 1075 2909 ·—
1101 2885 1114 2906 3
1141 2886 1182 2918 ’21
1213 2885 1294 2918 Ian.
1329 2884 1428 2918 1893.
