1971 3261
107 138 202 175 eant
227 137 298 173 924
636 138 720 192 T¹'.¹'·
747 138 811 172 IV.
839 159 850 163 -
879 139 933 173 De
960 140 1201 174 Poenitente‘ci
1666 141 1732 174 321

106 247 334 315 elargiendi
363 256 584 313 velpotius
607 255 779 300 obiectis
815 259 890 312 piis
918 258 1163 301 adnot-tendi
1189 258 1468 302 obtinuerunt.
1507 259 1734 304 Facultates

106 331 215 373 enim
251 327 344 371 illae
376 332 469 371 sunt
503 329 676 383 gratiae,
707 339 813 383 quae
846 328 1128 372 diversimode
1162 343 1233 385 pro
1266 329 1436 374 arbitrio
1469 331 1734 374 concedentis

107 400 336 443 limitantur
367 411 414 441 ac
450 397 615 440 modum
654 399 870 453 recipiunt.

226 469 282 513 Ex
318 469 441 512 dictis
477 472 585 524 patet
618 479 697 524 qua
732 467 783 510 (le
817 480 939 511 causa
974 483 1152 512 canones
1188 470 1308 513 liuius
1339 477 1377 513 et
1401 478 1513 528 seqm.
1539 472 1730 515 articulo-

106 555 196 584 rum
232 544 465 597 supponant
500 539 718 582 evidenter
752 538 818 582 illa
852 542 988 583 omnia
1023 541 1209 584 ordinata
1236 555 1415 584 manere.
1452 542 1635 599 benique
1668 558 1730 586 so-

107 611 319 656 lummodo
354 610 540 663 neci-eia,
572 622 678 666 quae
714 611 935 666 respiciant
968 611 1198 654 ordinarias
1247 613 1459 655 tarultates
1494 627 1564 669 pro
1600 614 1731 656 indul-

104 685 255 740 gentiis
288 681 583 732 concedendis,
622 682 764 723 stricto
798 693 919 724 sensu
955 680 1150 724 videntur
1187 683 1367 725 vocanda
1395 683 1516 739 leges,
1552 699 1598 727 ac
1634 687 1732 727 istae

107 755 145 796 in
182 751 528 809 praecedentibus
559 756 653 794 sunt
700 750 930 794 canonibus
976 756 1192 794 contentae
1231 753 1461 808 «explicite
1496 760 1562 796 aut
1599 754 1730 809 impli-

104 826 186 868 cite
208 839 244 872 »,
279 824 380 866 alias
417 824 542 864 «vim
577 834 740 865 omnem
786 823 993 864 amississe
1041 822 1242 865 dicendae
1276 829 1366 865 sunt
1388 840 1406 863 ›>
1447 827 1554 879 (can.
1591 827 1628 877 ii,
1655 826 1730 879 (5⁰).

226 894 323 938 ⁶262.
374 895 678 939 Numismata
725 893 1071 949 scapularibus
1119 896 1473 939 substituenda.
1515 921 1565 924 —
1618 895 1729 938 luxta

103 965 423 1022 explicationem
459 969 610 1020 praec³.
645 969 748 1006 cans.
786 962 940 1006 utiliter
973 962 1036 1006 bic
1075 963 1359 1006 subnectimus
1406 978 1498 1007 cum
1549 966 1730 1008 dei-lara-

105 1035 288 1079 tionibus
322 1035 446 1078 bec-¹2.
485 1032 626 1077 «Cum
660 1046 817 1077 sacra»
854 1032 897 1078 C.
931 1034 969 1076 S.
1004 1030 1133 1077 01121.

223 1106 441 1150 Concessio
475 1110 557 1148 est:
597 1102 843 1149 «Omnibus
883 1104 1089 1157 fidelibus,
1124 1110 1203 1147 tam
1258 1108 1323 1147 uni
1374 1118 1495 1162 quam
1548 1106 1733 1162 pluribus

108 1179 192 1220 veri
228 1178 406 1219 nominis
438 1181 561 1233 atque
593 1188 614 1219 a
646 1176 686 1221 S.
719 1175 825 1219 Sede
860 1174 1042 1231 probatis
1074 1175 1360 1231 scapularibus
1394 1176 1595 1232 (exceptis
1629 1190 1733 1234 quae

104 1247 338 1290 Tertiorum
374 1244 579 1291 Ordinum
614 1251 706 1289 sunt
743 1245 942 1303 propria),
976 1259 1050 1302 per
1085 1246 1331 1302 regularem,
1369 1251 1408 1289 ui
1448 1249 1574 1298 aiunt,
1610 1250 1734 1304 impo-

103 1320 296 1361 sitionem
331 1320 409 1362 iam
446 1317 666 1373 adscriptis
689 1321 759 1360 aut
792 1319 830 1360 iu
858 1322 1066 1374 posterum
1092 1316 1390 1371 adscribendis,
1418 1317 1540 1361 licere
1567 1318 1732 1374 posthac

108 1402 180 1444 pro
215 1390 327 1444 ipsis,
360 1391 450 1431 sive
485 1400 564 1430 uno
597 1389 686 1430 sive
735 1386 935 1443 pluribus,
969 1386 1258 1442 scapularibus
1295 1400 1342 1430 ex
1385 1400 1531 1443 panno,
1566 1390 1732 1431 unicum

105 1461 310 1502 numisma
344 1473 392 1502 ex
430 1458 596 1501 metallo
645 1471 714 1501 seu
764 1459 812 1501 ad
864 1458 1031 1509 collum,
1065 1472 1135 1501 seu
1186 1458 1318 1501 aliter.
1353 1459 1548 1501 decenter
1598 1464 1732 1503 tamen

103 1544 228 1587 super
261 1533 470 1587 propriam
508 1542 723 1585 personam
759 1529 937 1577 deferre,
971 1542 1053 1586 quo
1099 1531 1276 1572 serratis
1326 1532 1501 1585 propriis
1534 1532 1733 1587 cuiusque

102 1615 247 1645 eorum
285 1600 458 1658 legibus,
493 1603 658 1644 favores
706 1613 851 1643 omnes
882 1600 1118 1656 spirituales
1151 1599 1400 1655 (sabbatino,
1436 1601 1543 1657 quod
1578 1602 1732 1652 dicuni,

103 1671 334 1729 scapularis
367 1671 410 1715 B.
445 1671 494 1714 M.
526 1670 566 1714 V.
603 1672 654 1715 de
688 1670 823 1714 Monte
856 1670 1046 1715 Carmelo
1067 1670 1292 1728 pri'ci'leyi'o
1316 1684 1393 1713 non
1430 1672 1623 1728 excepto)
1648 1686 1732 1714 om-

105 1755 259 1800 nesque
294 1742 572 1798 indulgentias
603 1741 778 1798 singulis
810 1741 994 1785 adnexas
1028 1743 1277 1797 participare
1309 1754 1355 1785 ac
1390 1742 1539 1785 lucrari
1582 1745 1732 1798 possint

103 1819 143 1857 et
179 1813 398 1857 valeant».
434 1813 651 1860 Substituit
700 1826 799 1869 ergo
836 1812 1072 1856 huiusmodi
1108 1812 1360 1856 metallicum
1413 1816 1616 1856 numisma
1650 1828 1733 1856 sca-

106 1883 319 1940 pularibus
352 1883 401 1926 ad
436 1884 606 1927 eftectus
639 1883 785 1927 horum
811 1883 1068 1940 spirituales:
1104 1896 1183 1926 non
1210 1888 1346 1926 autem
1372 1883 1576 1939 scapulari
1602 1887 1733 1927 cuius-

104 1967 185 2012 que
219 1957 326 1998 tertii
361 1954 533 1998 ordinis.

222 2023 487 2069 Conditiones
537 2027 798 2068 numismatis
845 2029 963 2068 sunt:
1006 2026 1046 2065 la
1080 2024 1326 2072 materialis;
1368 2024 1546 2068 «Huius
1580 2027 1731 2067 numis-

107 2097 227 2138 matis
262 2100 417 2151 partem
470 2100 640 2149 rectam,
673 2096 777 2139 Ssffii
817 2095 860 2138 D.
896 2095 941 2138 N.
978 2095 1004 2138 l.
1039 2094 1080 2139 C.
1117 2109 1235 2138 suum
1286 2098 1611 2138 sacratissimum
1655 2096 1733 2138 tior

104 2167 371 2220 ostendentis,
405 2179 609 2215 aversam,
647 2167 768 2210 Bitiae
804 2165 848 2210 V.
883 2166 934 2211 M.
968 2167 1146 2223 effigiem
1198 2168 1350 2210 reterre
1399 2166 1550 2210 debere
1573 2183 1617 2217 »ς
1654 2180 1730 2208 non

104 2239 274 2280 interest
321 2237 398 2280 sub
446 2250 524 2294 qua
574 2238 862 2281 advocatione.
899 2263 950 2267 —
987 2237 1031 2279 ⁶2³
1064 2237 1246 2280 conditio
1294 2237 1540 2293 spiritualis:
1582 2237 1729 2279 «idem

104 2307 365 2352 benedictum
386 2321 475 2352 esse
497 2313 688 2365 oportere
712 2313 766 2351 tot
791 2308 994 2352 distinctis
1019 2307 1376 2351 benedictionibus
1408 2313 1506 2365 quot
1530 2312 1620 2351 sunt
1646 2320 1731 2350 sca-

105 2378 261 2436 pularia
279 2379 525 2436 regulariter
545 2382 746 2436 imposita,
767 2382 898 2437 queis,
919 2394 990 2436 pro
1011 2378 1141 2422 lubitu
1162 2381 1402 2435 petentium.
1424 2380 1554 2422 suilici
1580 2378 1673 2421 tetii
1694 2395 1731 2422 ».

224 2449 410 2508 Denique
442 2451 493 2494 de
529 2451 650 2494 modo
685 2451 972 2503 benedicendi,
1006 2455 1043 2493 et
1078 2450 1128 2493 de
1163 2449 1225 2492 his
1258 2452 1328 2507 qui
1359 2450 1462 2493 banc
1498 2449 1729 2493 facultatem

102 2520 281 2565 habeant
327 2524 487 2578 agitur3
543 2521 759 2565 videlicet:
802 2522 1032 2577 «Singulas
1082 2520 1165 2575 bas,
1201 2521 1385 2573 demum,
1426 2520 1732 2563 benedictiones

105 2594 306 2649 impertiri
358 2606 474 2649 posse
524 2593 645 2636 um'co
694 2593 830 2635 crucis
873 2593 1018 2649 siquo:
1055 2592 1113 2648 1⁰)
1152 2591 1214 2635 vel
1252 2594 1288 2633 in
1324 2594 1410 2647 ipso
1443 2592 1732 2646 adscriptionis

103 2667 211 2717 actu,
240 2665 376 2706 statim
414 2669 503 2720 post
535 2662 765 2707 absolutam
801 2663 1033 2720 regularem
1068 2662 1298 2719 scapularis
1323 2664 1641 2718 impositionem,
1669 2661 1728 2703 rel

103 2736 226 2777 etiam
261 2739 405 2789 serius,
442 2748 514 2791 pro
549 2737 776 2791 petentium
813 2736 1133 2791 opportunitate,
1169 2732 1232 2789 2⁰)
1264 2726 1346 2776 'non
1371 2735 1538 2775 interest
1572 2744 1620 2774 an
1646 2744 1729 2774 ser-

222 2887 233 2908 1
262 2886 305 2920 16
324 2886 416 2920 Dec.
439 2886 542 2927 1910,
561 2886 637 2921 CO.
658 2886 731 2926 ΙΙΙ,
752 2886 811 2920 23.

185 2964 284 2992 BLA'r
305 2978 324 2985 -
350 2962 473 2991 Comm.
501 2963 587 2992 Tea-t.
616 2963 692 2991 Cod.
717 2963 790 2991 [nr.
817 2962 898 2990 Can.
1611 2960 1646 2987 21
