1971 3261
125 103 191 137 196
524 100 608 134 [ΛΒ.
638 99 711 133 111.
742 119 754 124 -
783 99 892 132 PARS
917 98 936 132 I
981 118 990 124 -
1020 99 1074 133 De
1100 98 1364 133 Sacramenti's
1561 97 1655 134 ean.
1682 97 1754 132 859

124 221 491 277 adimplementum
527 218 600 275 fiat
636 221 739 261 intra
773 220 951 274 spatium
993 219 1191 273 temporis
1223 231 1248 259 a
1272 215 1484 260 dominica
1512 215 1752 259 Palmaram

125 292 180 335 ad
212 291 462 334 dominicam
498 290 541 332 in
575 288 696 343 albis,
732 293 854 345 prout
885 288 1116 332 declaravit
1148 287 1251 344 Eug.
1287 288 1338 330 ΙΨ
1373 290 1410 330 in
1445 292 1574 330 const.
1615 286 1753 330 «Fide

126 364 248 419 digna
270 378 287 401 »
314 362 350 403 ²:
390 360 704 416 «intelligimus
738 360 864 415 igitur
896 361 1052 415 optimo
1086 361 1174 401 iure
1196 359 1453 401 satisfactum
1471 371 1560 401 esse
1582 356 1751 409 Canoni,

124 436 154 477 si
191 436 230 476 in
265 431 535 475 Hebdomada
570 434 770 484 sancta»,
799 442 905 487 quae
938 442 1032 473 cum
1067 429 1275 472 dominica
1312 430 1466 485 incipit,
1506 428 1611 471 «vel
1647 429 1754 470 infra

125 509 313 548 octavam
352 501 530 545 Paschae
574 500 962 555 Resurrectionis»,
1007 512 1113 556 quae
1146 512 1239 542 cum
1284 499 1494 543 dominica
1530 501 1567 542 in
1603 503 1751 542 octava

126 574 302 619 Paschae
326 573 546 627 clauditur,
586 587 608 613 «
628 571 858 615 secundum
884 571 1099 614 meliorem
1122 572 1400 614 conscientiae
1424 570 1754 626 dispositionem,

124 651 163 689 et
181 648 380 702 aptiorem
405 645 552 686 mentis
569 643 833 686 devotionem
861 641 1020 685 Fideles
1040 643 1355 698 praeparatione
1379 640 1514 684 debita
1535 641 1573 684 S.
1598 640 1756 684 Eucha-

126 719 263 761 ristiae
289 719 437 772 pignus
459 716 681 771 accipiant,
705 718 748 757 ut
771 727 864 757 cum
888 713 1060 757 Domino
1081 712 1231 770 pascha
1256 712 1466 756 celebrent
1488 713 1537 756 ad
1563 711 1752 761 salutem,

123 793 163 831 et
197 787 292 830 huic
325 788 554 830 sententiae
588 798 731 828 omues
766 785 958 828 volumus
1002 786 1328 841 acquiescere».
1363 809 1415 813 —
1451 782 1531 826 Sed
1569 782 1754 826 locorum

130 856 377 902 Ordinaiiis
409 857 479 914 sas
512 860 584 903 est,
622 860 761 912 utpote
795 858 905 898 circa
942 857 1041 898 iuris
1074 854 1205 897 divini
1240 854 1644 906 determinationem,
1678 852 1754 896 sul)

123 929 360 973 conditione
397 927 622 984 prudenter
670 926 950 969 aestimanda:
1000 925 1038 968 si
1071 925 1133 968 ita
1163 938 1442 983 personarum
1486 938 1535 966 ac
1567 923 1753 966 locorum

124 999 328 1044 adiuncta
360 999 547 1055 emmam,
573 997 647 1041 lice
682 1002 840 1055 tempas
866 1011 938 1054 pro
962 997 1100 1054 aliqua
1126 996 1335 1053 parochia,
1364 995 1426 1039 vel
1453 1009 1525 1052 pro
1552 994 1752 1051 pluribus,

122 1073 219 1129 quia
252 1070 404 1114 dicitur
427 1069 555 1112 etiam
576 1082 655 1127 pro
679 1068 868 1112 omnibus
897 1067 986 1111 sais
1002 1067 1202 1124 fidelibus
1227 1069 1339 1110 iuxta
1365 1080 1451 1123 reg.
1477 1067 1578 1109 iuris
1600 1064 1754 1108 XXXV

126 1145 164 1185 in
200 1141 266 1185 6⁰:
308 1157 327 1182 «
356 1141 447 1184 Plus
479 1154 645 1197 semper
679 1143 717 1183 in
751 1153 794 1183 se
828 1141 1011 1183 continet
1033 1139 1141 1196 quod
1177 1143 1237 1182 est
1273 1139 1465 1186 minus»,
1501 1136 1755 1194 anticipare,

125 1227 221 1257 cum
256 1213 523 1256 limitatione:
558 1225 639 1254 non
676 1216 813 1254 tamen
848 1215 946 1253 ante
980 1215 1176 1267 quartam
1209 1208 1318 1252 diem
1351 1207 1606 1251 dominicam
1643 1205 1757 1260 Qua-

123 1283 402 1342 draqesimae,
451 1282 555 1326 bene
611 1295 708 1326 vero
742 1295 872 1339 usque
906 1282 955 1325 ad
992 1281 1103 1324 illam
1153 1280 1370 1335 inclusive,
1414 1278 1477 1322 vel
1507 1291 1757 1337 proroyare,

124 1369 208 1399 non
243 1360 380 1398 tamen
415 1353 544 1404 altra,
578 1353 648 1397 sed
685 1366 815 1410 usque
846 1353 897 1396 ad
931 1352 1085 1409 sestam
1119 1350 1413 1394 sanctissimae
1443 1349 1664 1392 Trinitatis
1699 1350 1756 1391 in·

123 1426 309 1469 clusive:
343 1438 390 1468 ac
424 1426 498 1468 etsi
533 1424 786 1467 disiunctive
829 1436 1071 1466 concessum
1107 1424 1170 1472 sit,
1206 1435 1283 1464 non
1328 1421 1492 1464 videtur
1525 1420 1756 1476 intelligen-

126 1498 225 1540 dum
260 1496 489 1550 exclusive,
523 1495 594 1539 sed
630 1497 755 1538 etiam
790 1493 1046 1538 cumulative
1077 1506 1191 1549 posse
1225 1493 1461 1536 facultatem
1494 1494 1696 1534 exerceri.

242 1565 449 1620 Quamvis
485 1566 769 1610 Lateranensis
811 1578 941 1608 canon
977 1565 1027 1607 de
1071 1565 1160 1607 loco
1195 1562 1448 1619 adimplendi
1486 1567 1755 1618 praeceptum

126 1652 205 1682 non
241 1638 447 1695 loquatur,
482 1637 561 1681 Rit.
586 1637 704 1681 Rom.
743 1651 763 1677 <c
786 1636 843 1679 De
867 1637 1159 1679 communione
1186 1633 1365 1690 paschali
1385 1649 1407 1674 n
1447 1635 1580 1675 innuit
1615 1631 1759 1675 fideles

124 1710 176 1753 de
212 1722 335 1753 manu
371 1708 538 1765 parochi
575 1709 729 1765 proprii
767 1707 831 1750 vel
868 1709 906 1749 in
945 1708 1108 1763 propria
1144 1705 1337 1762 parochia
1373 1704 1482 1747 illam
1520 1707 1759 1759 recepturos

123 1794 237 1833 esse3
273 1780 342 1823 sed
378 1793 472 1822 cum
508 1781 546 1822 in
578 1777 730 1823 Codice
783 1791 861 1821 non
894 1780 947 1821 sit
979 1776 1056 1820 hoc
1090 1779 1151 1820 ius
1197 1775 1388 1832 parochis
1437 1773 1682 1818 attributum
1719 1775 1756 1815 in

124 1865 213 1895 can.
247 1851 330 1894 46⁶3
377 1853 414 1893 in
450 1863 532 1908 quo
585 1850 862 1893 «functiones
897 1848 1076 1905 parocho
1111 1851 1391 1891 reservatae»
1446 1850 1757 1897 enumerantur,

123 1923 251 1967 edicit
274 1925 298 1974 ξ
323 1923 359 1965 3.
391 1920 667 1966 Saactendam
700 1919 889 1977 fidelibus
926 1919 1051 1963 veluti
1084 1932 1163 1962 non
1199 1918 1404 1974 obligatis,
1430 1922 1474 1959 ut
1508 1915 1604 1958 liiiio
1635 1929 1757 1973 prae-

123 1999 241 2052 cepto
274 1994 325 2037 de
361 2007 440 2050 quo
476 1995 513 2035 in
549 2005 708 2036 canone
741 1990 1017 2049 satisfaciant
1050 1990 1092 2033 in
1127 2003 1218 2044 «sica,
1265 1991 1423 2032 ratione
1457 1986 1657 2031 domicilii
1691 1992 1761 2030 aut

120 2066 242 2122 quasi
278 2064 492 2117 domicilii,
527 2067 598 2106 aut
633 2062 807 2106 actualis
839 2063 1177 2105 commorationis
1201 2060 1335 2117 quoad
1374 2071 1501 2115 vagos
1535 2058 1642 2115 (can.
1671 2055 1760 2113 94),

126 2149 301 2193 quisque
344 2134 573 2192 paroeeia‚·
621 2136 809 2191 sequitur
844 2135 1169 2190 praescriptum:
1218 2131 1361 2188 etqui
1410 2131 1453 2172 in.
1498 2128 1641 2172 aliena
1690 2141 1762 2185 pa-

123 2220 269 2249 roecm
301 2204 606 2263 satisfecerint,
641 2205 749 2248 unde
773 2206 830 2247 sic
855 2208 1011 2260 queunt
1034 2203 1284 2248 satisfacere.
1312 2207 1408 2244 tunc
1440 2200 1595 2244 dicitur
1633 2197 1762 2241 verbo

130 2279 419 2333 praeceptivo:
456 2280 601 2317 carent
627 2275 747 2318 modo
774 2277 832 2317 eis
860 2273 1056 2318 beneviso
1078 2273 1299 2330 propriam
1320 2269 1553 2330 paroeliam
1576 2270 1625 2313 ad
1665 2282 1759 2312 nor-

133 2360 239 2391 mam
275 2360 365 2391 can.
402 2347 454 2389 94
489 2345 539 2389 (te
571 2345 799 2403 adimpleto
830 2350 1053 2403 praecepto
1088 2344 1308 2387 certiorem
1340 2341 1494 2401 faeere,
1533 2355 1568 2384 v,
1603 2354 1663 2397 gr.
1690 2353 1762 2396 per

129 2418 372 2462 schedulam
411 2423 633 2473 receptam,
672 2417 733 2459 vel
768 2417 848 2459 alio
884 2416 1005 2459 modo
1039 2417 1107 2472 qui
1143 2414 1436 2458 certitudinem
1473 2415 1616 2469 pariat.

250 2490 420 2545 Propter
453 2488 682 2531 clausulam
717 2490 740 2541 ξ
780 2489 795 2530 l
837 2503 856 2527 ((
877 2486 999 2530 dehet
1031 2485 1158 2529 semel
1195 2488 1232 2528 in
1266 2498 1413 2528 anno»
1456 2487 1564 2526 recte
1614 2482 1759 2525 adiun-

126 2562 240 2617 gitur
276 2573 447 2602 mouens
479 2559 507 2617 ἓ
541 2559 578 2603 4.
611 2558 879 2616 Praeceptum
900 2556 1119 2615 paschalis
1143 2555 1460 2609 communionis,
1484 2556 1543 2597 sic
1568 2557 1759 2596 vocatum

127 2634 225 2687 quia
266 2630 451 2673 «saltem
487 2632 523 2671 in
567 2629 802 2672 Paschate»
856 2628 1187 2684 adimplendum,
1236 2625 1372 2669 calliae
1421 2629 1555 2682 urget,
1589 2623 1626 2666 si
1668 2623 1761 2680 qais

130 2701 239 2744 titud
270 2700 536 2759 praescripto
588 2705 771 2757 tempore
803 2700 852 2743 ad
901 2699 1127 2756 urgendam
1179 2697 1488 2753 obligationem,
1522 2694 1669 2752 quavis
1711 2693 1762 2736 de

255 2855 265 2875 1
292 2854 314 2887 8
341 2853 416 2887 Iul.
450 2853 552 2886 1440.
