1971 3261
94 73 164 106 346
497 69 582 103 Lm.
610 69 682 102 III.
712 88 724 94 -
750 68 861 102 PARS
887 68 916 102 Ι.
948 88 959 93 -
985 68 1042 103 De
1067 69 1331 104 Sacramentz's
1440 68 1534 104 Gan.
1559 67 1720 103 942-944

95 192 256 245 denter,
292 196 387 234 tuuc
434 203 482 232 eo
529 188 638 246 quod
679 189 748 230 «st
784 189 822 230 in
858 189 1038 244 peccatis
1070 190 1133 241 sit,
1158 188 1419 231 dimittentur
1441 191 1517 232 ei»
1547 188 1645 246 (lac.
1674 188 1717 232 V.

99 262 183 319 15),
209 262 466 319 eonscralm‘,
500 259 570 302 sed
605 257 677 301 sub
701 257 961 301 conditione:
988 273 1008 299 «
1027 260 1059 301 si
1084 272 1162 301 non
1188 272 1230 301 es
1255 261 1527 315 impoenitens
1551 262 1590 303 in
1617 273 1720 303 mor-

37 318 44 327 ’
98 333 225 381 tali»,
262 336 428 388 propter
460 331 708 373 sacramenti
745 331 1036 372 reverentiam.

217 404 313 447 287.
341 404 413 448 De
435 402 759 447 ministranda
782 404 1005 446 extrema
1027 402 1256 446 unctione
1278 403 1506 447 sensibus
1529 402 1607 447 vel
1630 416 1720 448 usu

96 477 301 521 rationis
334 474 593 518 destitutis.
630 496 683 501 —-
717 470 822 525 Quia
859 473 895 513 in
930 483 1088 514 canone
1122 483 1258 526 praec.
1292 470 1369 514 sub
1401 471 1556 527 duplici
1593 470 1721 528 hypo-

97 546 199 589 thesi
234 544 642 587 circumstantiarum
679 541 857 585 subiecti
903 546 1102 585 statutum
1137 542 1209 584 l'uit
1262 557 1283 582 «
1307 554 1385 584 non
1420 542 1721 585 conferendum

99 617 174 659 hoc
208 608 578 663 sacramentum»,
612 617 736 669 atque
769 617 812 655 ut
852 613 1129 655 «conferatur
1170 611 1246 655 sub
1294 612 1593 666 conditione»,
1630 626 1720 668 pro-

97 691 295 744 sequente
332 683 564 740 legislatore
599 686 636 726 in
671 683 845 726 aliarum
881 682 1066 726 eiusdem
1101 685 1507 726 circumstantiarum
1533 683 1721 726 conside·

100 761 269 812 ratione,
305 770 397 800 cum
435 755 584 798 debeat
615 768 735 797 secus
766 767 814 797 ac
848 756 886 796 in
922 767 1058 810 praec.
1093 758 1287 808 statuere,
1328 767 1421 796 cum
1456 754 1721 797 adversativa

98 828 297 887 particula
334 829 486 883 incepit
520 840 610 868 can.
645 827 752 869 943.
787 824 971 881 Infirmis
1005 830 1144 867 (tactem
1183 840 1202 865 c(
1229 827 1266 867 in
1304 827 1486 881 periculo
1530 827 1718 868 mortis»

101 898 361 944 versantibus
394 903 432 941 et
465 897 513 940 ad
551 909 736 939 normam
773 908 862 939 can.
897 896 996 950 940,
1030 895 1113 953 qui,
1148 909 1238 937 cum
1283 908 1385 938 suae
1425 895 1575 938 mentis
1618 909 1722 938 com-

92 977 213 1030 potes
246 975 395 1023 essem,
430 968 608 1011 scilicet:
644 972 737 1010 ante
771 968 1053 1010 infirmitatem
1091 966 1154 1009 vel
1202 969 1238 1009 in
1284 979 1330 1009 ea
1375 969 1508 1022 positi,
1553 966 1724 1022 proinde

98 1044 216 1100 queis
264 1045 489 1084 «extrema
535 1041 673 1082 unctio
719 1037 906 1095 praeberi
956 1043 1125 1094 potest»
1172 1051 1220 1080 ex
1267 1040 1334 1082 cit.
1370 1050 1476 1089 can„
1512 1050 1559 1080 ac
1594 1039 1725 1093 magis

100 1115 263 1171 proprie
297 1124 435 1169 quam,
473 1116 514 1153 ut
547 1112 603 1153 ait
636 1110 713 1153 Rit.
748 1109 899 1153 Rom.1
939 1109 1083 1152 «dum
1116 1121 1214 1152 sana
1265 1114 1415 1161 mente,
1464 1114 1503 1151 et
1553 1110 1725 1165 integris

97 1182 287 1228 sensibus
331 1186 529 1234 essent»,
573 1179 682 1223 illud
724 1183 1033 1223 sacramentum
1076 1178 1115 1235 a)
1157 1178 1306 1221 saltem
1340 1177 1544 1235 implicite
1576 1177 1724 1235 (verba

99 1268 204 1313 quae
237 1266 414 1311 sequeus
446 1252 539 1296 Ric.
573 1251 704 1295 Romi.
739 1250 970 1306 declarant)
1002 1249 1217 1303 petierint,
1257 1263 1293 1290 v.
1327 1263 1388 1305 gr.
1429 1248 1566 1292 verbis
1592 1254 1727 1305 postu·
1782 1286 1787 1291 .

101 1326 245 1379 lantes,
280 1329 321 1367 ut
349 1327 568 1367 vocaretur
592 1322 809 1379 parochus,
829 1323 947 1377 gravi
966 1334 1110 1364 eorum
1130 1322 1370 1363 iutirmitate
1388 1322 1725 1375 superveniente,

103 1397 143 1453 b)
178 1402 252 1439 aut
285 1394 575 1438 verist'tm'liter
604 1393 825 1451 petiissent
863 1406 898 1433 v.
932 1406 992 1448 gr.
1018 1394 1112 1450 quia
1152 1394 1276 1434 vitam
1303 1391 1571 1434 christianam
1597 1391 1725 1434 duxe-

101 1473 209 1522 runt,
236 1467 297 1510 vel
324 1480 371 1509 eo
394 1466 503 1523 quod
529 1465 730 1508 dixissent
752 1477 795 1507 se
828 1466 867 1505 in
902 1463 1042 1506 osculo
1079 1462 1238 1505 Domini
1275 1476 1321 1505 ac
1356 1465 1461 1504 intra
1494 1461 1724 1504 Ecclesiam

106 1539 209 1582 velle
231 1540 347 1593 mori,
368 1539 527 1580 etiamsi
548 1549 626 1579 non
648 1541 730 1580 tam
752 1535 897 1579 bonam
923 1537 1049 1577 vitam
1072 1535 1214 1577 sectati
1242 1535 1417 1583 fucrint;
1440 1533 1501 1575 his
1524 1546 1623 1589 ergo
1646 1534 1727 1575 sin-

100 1610 221 1667 gulis,
247 1609 475 1652 accedente
508 1607 766 1650 conditione:
801 1605 970 1648 etiamsi
992 1594 1143 1648 deinde
1169 1604 1383 1647 videlicet:
1410 1608 1497 1659 post
1520 1603 1629 1646 dicta
1652 1602 1728 1646 sub

104 1682 249 1725 litteris
283 1679 323 1737 a)
357 1685 397 1723 et
431 1678 472 1736 h)
497 1692 643 1721 sensus
667 1678 966 1731 tantummodo,
992 1679 1045 1720 ita
1080 1681 1123 1720 ut
1156 1677 1467 1719 communicare
1501 1688 1593 1717 cum
1623 1676 1730 1716 vivis

104 1756 324 1809 nequeant,
359 1750 420 1793 cel
454 1764 573 1792 usum
606 1748 790 1792 rationis
813 1747 865 1792 ob
889 1748 1132 1804 deliquium,
1157 1749 1399 1799 amentiam,
1423 1751 1514 1799 etc„
1541 1758 1621 1789 non
1648 1747 1726 1788 iam

103 1837 247 1867 sensus
281 1822 518 1876 amiserim,
553 1833 631 1863 non
667 1820 855 1863 obstante
888 1819 997 1876 quod
1038 1818 1155 1861 «hoc
1188 1821 1496 1861 sacramentum
1535 1821 1594 1859 est
1633 1815 1732 1859 dan-

104 1895 204 1938 dum
239 1892 434 1950 (ratione)
470 1891 862 1948 recognoscentibus
896 1893 1071 1946 ipsum»
1095 1888 1123 1941 ²,
1160 1894 1201 1932 ut
1236 1888 1411 1932 habetur
1433 1901 1483 1930 ex
1508 1900 1597 1930 can.
1622 1900 1729 1944 seq.;

104 1978 177 2008 seu
212 1969 255 2007 ut
288 1966 343 2007 ait
376 1976 464 2006 can.
502 1975 713 2019 praesens:
747 1960 1024 2004 nihilominus
1070 1959 1258 2003 absolute
1302 1957 1570 2016 praebeatur,
1620 1957 1729 2015 quod

108 2035 282 2080 verbum
317 2039 431 2078 sonat
470 2036 786 2089 praescriptum,
811 2034 907 2090 quia
945 2031 1133 2074 voluntas
1157 2032 1389 2073 necessaria
1414 2031 1474 2072 eis
1497 2042 1576 2071 non
1601 2028 1731 2077 deest,

108 2121 182 2151 nec
217 2108 350 2149 fructu
384 2107 633 2148 sacramenti
667 2103 742 2147 sub
775 2103 925 2146 talibus
957 2103 1280 2145 circumstantiis
1311 2105 1406 2144 sunt
1442 2099 1613 2155 indigni.

226 2178 321 2221 288.
349 2178 423 2222 De
441 2177 748 2233 obligatione
765 2177 992 2231 respectu
1010 2174 1339 2230 susceptionis
1357 2175 1406 2217 et
1422 2172 1731 2216 administra-

106 2251 256 2295 tionis
289 2250 431 2293 huius
464 2247 772 2292 sacramenti.
809 2271 861 2275 —-
896 2243 980 2288 Sub
1014 2246 1146 2300 primo
1180 2247 1370 2298 respectu
1403 2243 1459 2284 ait
1497 2254 1590 2285 ean.
1624 2241 1731 2282 944.

114 2318 313 2372 Qucwnvis
348 2317 421 2361 lioc
453 2322 763 2360 saercwnemum
792 2329 870 2374 per
901 2329 955 2369 se,
991 2317 1085 2372 quia
1119 2315 1313 2371 supponit
1356 2312 1508 2354 infirmi
1552 2313 1733 2354 animam

107 2392 241 2446 gratia
278 2392 434 2440 vivere,
469 2393 591 2445 atque
631 2389 800 2443 «gratia
836 2386 907 2430 Dei
942 2385 1186 2443 (obtinetur)
1222 2386 1303 2426 vita
1346 2387 1553 2426 aeterna»
1577 2380 1606 2433 ³,
1650 2394 1733 2423 non

111 2461 167 2503 sit
199 2459 249 2502 de
282 2459 530 2503 ‘necessitate
560 2457 689 2501 medii
721 2457 776 2500 ad
807 2457 1001 2511 salutem,
1023 2457 1217 2513 quamvis
1243 2456 1365 2497 fuerit
1388 2452 1638 2511 quandoque
1664 2464 1735 2507 per

111 2530 319 2585 accidens,
356 2542 524 2585 nempe:
558 2529 658 2572 dum
692 2529 881 2571 intirmus
917 2526 1075 2570 mortali
1122 2530 1290 2582 peccato
1334 2527 1533 2580 gravatus
1570 2522 1621 2565 de
1653 2534 1735 2578 quo

110 2602 257 2656 doluit,
282 2614 354 2644 nec
389 2601 574 2644 contiteri
611 2603 756 2656 potest,
780 2598 904 2642 aliam
931 2599 1039 2641 viam
1064 2595 1367 2642 conscendendi
1394 2597 1433 2636 in
1456 2592 1633 2645 coelum,
1658 2593 1735 2634 nisi

111 2674 216 2717 hanc
250 2685 329 2715 non
363 2671 525 2726 habeat,
560 2669 717 2712 nemini
749 2675 903 2723 tannen,
925 2671 1047 2712 etiam
1073 2667 1141 2710 illo
1164 2669 1423 2710 sacramento
1448 2676 1525 2706 non
1550 2662 1736 2706 absolute

231 2778 242 2799 1
269 2777 359 2811 Loc.
387 2777 456 2810 cit.
484 2787 520 2809 n.
547 2775 580 2809 6.
623 2795 656 2799 ——
687 2775 701 2796 ‘2
738 2775 785 2808 D.
826 2774 915 2817 Th.‚
944 2773 1079 2818 Suppl.
1109 2785 1143 2817 q.
1173 2771 1344 2806 XXXII.
1373 2782 1405 2804 a.
1431 2769 1465 2812 3,
1494 2767 1562 2802 sed
1587 2769 1735 2801 contra.

113 2846 153 2850 ---
183 2826 196 2846 3
226 2825 284 2858 At
312 2824 434 2865 Rom,
461 2823 527 2864 VI,
556 2822 614 2856 23.
