1971 3261
207 115 276 151 276
601 115 688 149 LIB.
716 114 787 148 III.
816 135 829 139 -
856 114 966 148 PARS
992 113 1023 147 Ι.
1052 134 1065 139 -
1090 114 1147 149 De
1171 114 1436 150 Sacramentz‘s
1642 114 1736 150 Gan.
1761 115 1832 150 904

206 249 321 293 gens,
364 235 635 290 sacerdotem,
690 250 710 275 ((
744 239 826 277 tam
860 234 1115 277 saecularem
1156 247 1279 292 quam
1326 234 1560 291 regularem
1605 234 1831 291 quomodo-

208 306 305 351 libet
337 311 563 363 exemptos,
599 319 645 349 ac
679 305 775 349 Sedi
808 304 976 361 Aplcae.
1013 305 1252 348 immediate
1285 304 1506 359 subiectos,
1535 317 1830 362 quorumcum-

205 390 286 435 que
333 375 553 422 Ordinum.
607 377 905 431 lustitutorum,
953 378 1223 432 Societatum,
1271 381 1310 419 et
1356 369 1748 433 Congregationutfl,
1792 380 1831 419 et

204 451 504 505 cuiuscumque
539 448 765 504 dignitatis,
799 453 839 491 et
872 450 1234 504 praeeminentiae,
1260 452 1329 490 aut
1352 449 1502 505 quovis
1533 446 1767 503 privilegio,
1791 451 1831 489 et

206 519 363 562 indulto
398 521 577 561 munitos
599 534 666 561 >)...
708 534 727 559 1<
751 521 911 561 etiamsi
936 519 1131 562 sacerdos
1153 521 1203 561 sit
1226 520 1295 575 qui
1331 518 1615 561 iurisdictione
1637 517 1689 560 ad
1712 516 1828 560 abso-

205 590 401 632 lutionem
449 589 585 632 valide
630 590 949 645 impertiendam
982 594 1164 633 careat»
1208 602 1315 632 nunc
1357 588 1421 631 vel
1456 592 1641 644 tempore
1681 589 1827 643 patrati

205 660 343 703 delicti
378 660 476 714 (non
511 662 638 703 alium
672 660 872 703 clericum
910 660 973 703 vel
1008 660 1171 715 laicum,
1196 662 1266 717 qui
1305 675 1327 700 «
1348 659 1397 702 ad
1423 659 1612 702 ordinem
1635 657 1827 701 sacerdo-

205 731 327 774 talem
377 744 454 773 non
490 736 745 787 promotus»
790 731 1085 775 declarandum
1121 733 1277 774 crimen
1326 732 1582 774 commiserit
1618 742 1745 786 agens
1776 730 1828 771 si-

205 802 288 845 mul
337 802 540 845 adversus
573 815 662 845 can.
699 802 825 857 2322,
864 803 925 853 10)
957 815 1073 845 reum
1108 800 1265 855 «relicti,
1306 814 1455 857 nempe
1470 816 1484 843 ι,
1518 805 1757 843 «externae
1790 804 1830 843 et

205 873 416 916 moraliter
450 873 703 929 imputabilis
738 873 838 928 legis
872 872 1031 929 (liuius)
1058 872 1291 916 violationis
1323 874 1388 915 cui
1414 871 1553 914 addita
1591 877 1651 914 est
1672 873 1828 914 sanctio

202 946 399 987 canonica
432 959 454 983 »
494 947 530 986 in
566 956 655 987 can.
690 944 817 999 2368,
847 944 875 1002 g
903 944 938 995 l,
973 944 1228 1000 proindeque
1261 956 1355 986 cum
1390 945 1507 998 gravi
1542 941 1678 997 culpa,
1711 940 1827 984 solli—

203 1014 420 1057 citationis
454 1028 531 1057 non
567 1016 615 1057 ad
668 1028 958 1073 quaecumque
1007 1019 1189 1071 peccata,
1238 1014 1309 1057 sed
1345 1027 1440 1056 eum
1474 1015 1542 1070 qui
1581 1028 1604 1053 ((
1626 1012 1675 1055 ad
1710 1011 1827 1054 inho-

202 1091 317 1129 nesta
350 1090 390 1129 et
422 1089 559 1141 turpia
592 1085 828 1134 sollicitare,
867 1085 929 1129 vel
967 1098 1208 1142 provocare,
1242 1087 1332 1127 sive
1370 1083 1521 1137 verbis,
1566 1086 1655 1126 sive
1686 1084 1827 1138 signis,

201 1160 290 1200 sive
324 1157 505 1213 nutibus,
553 1160 639 1201 sive
672 1163 797 1213 tactu,
831 1160 920 1200 sive
955 1171 1027 1213 per
1074 1159 1337 1212 scripturam,
1372 1160 1443 1198 aut
1492 1160 1589 1198 tunc
1637 1158 1706 1197 aut
1740 1158 1828 1209 post

203 1228 435 1284 legendam,
473 1231 757 1283 tentaverit»,
791 1227 934 1286 (atque
968 1227 1047 1271 huc
1083 1229 1259 1284 pertinet
1293 1240 1407 1283 prop.
1445 1227 1467 1268 6
1506 1225 1582 1269 sub
1606 1224 1722 1268 Alex.
1761 1222 1828 1266 Vll

201 1299 395 1342 damnata
429 1301 479 1343 de
512 1301 776 1354 confessario,
824 1316 846 1340 <t
879 1301 948 1356 qui
984 1302 1021 1341 iu
1058 1297 1347 1342 sacramentali
1392 1298 1652 1340 confessione
1686 1294 1827 1338 tribuit

200 1373 423 1426 poenitenti
459 1371 644 1414 chartam
681 1376 819 1427 postea
854 1370 1071 1427 legendam
1098 1368 1155 1426 ›>),
1186 1375 1224 1412 et
1262 1368 1630 1425 comprehenditur
1662 1378 1826 1424 quoque

201 1441 276 1485 sub
312 1442 378 1485 illo
411 1442 562 1486 delicto
595 1445 626 1485 si
666 1459 687 1483 α
720 1456 813 1485 cum
850 1444 908 1485 eis
941 1440 1283 1498 (poenitentibus)
1308 1440 1484 1489 illicitos,
1509 1443 1547 1481 et
1591 1437 1827 1480 inhonestos

199 1526 426 1567 sermones,
463 1514 524 1556 vel
560 1518 758 1557 tractatus
805 1515 1026 1556 temerario
1059 1525 1161 1555 ausu
1206 1511 1397 1555 habuerit
1420 1527 1460 1563 n,
1504 1509 1730 1553 dummodo
1763 1521 1827 1551 eo-

201 1597 292 1626 rum
325 1584 479 1642 aliquid
530 1587 718 1628 evenerit
750 1584 794 1627 in
828 1584 1099 1641 consessione,
1150 1596 1228 1625 non
1272 1585 1311 1625 in
1359 1582 1530 1625 alterius
1576 1580 1824 1623 sacramenti

199 1654 569 1711 administratione,
608 1655 821 1699 videlicet:
856 1654 898 1711 a)
953 1670 974 1695 <‹
1011 1654 1073 1698 vel
1109 1656 1147 1696 in
1181 1659 1275 1696 actu
1308 1652 1621 1696 sacramentalis
1668 1650 1823 1693 confes-

199 1728 324 1770 sionis
358 1743 378 1768 »
417 1729 618 1783 inceptae,
656 1727 750 1771 licet
783 1727 885 1770 haec
919 1739 998 1769 non
1026 1726 1207 1782 perfecta
1242 1726 1377 1770 fuerit.
1412 1723 1451 1780 b)
1491 1722 1731 1769 «velante,
1760 1720 1822 1763 vel

199 1797 437 1840 immediate
473 1803 561 1852 post
593 1798 956 1850 confessionem»,
1008 1798 1060 1839 ita
1096 1800 1138 1838 ut
1171 1797 1277 1838 inter
1311 1793 1643 1837 sollicitationem
1694 1795 1733 1834 et
1765 1802 1824 1834 sa-

198 1867 493 1911 cramentalem
529 1869 827 1911 confessionem
864 1867 1020 1910 nullum
1058 1865 1322 1909 intervallum
1358 1864 1525 1907 nullave
1558 1865 1664 1906 actio
1698 1864 1822 1904 inter-

198 1938 331 1987 cedat,
366 1942 400 1993 e)
440 1953 460 1979 (<
487 1938 549 1981 vel
583 1941 800 1982 occasione
824 1939 1091 1981 confessionis
1113 1952 1134 1977 »
1158 1950 1205 1979 ex
1241 1948 1322 1993 qua
1349 1948 1444 1978 vere
1470 1936 1607 1990 petita,
1633 1937 1703 1976 aut
1727 1945 1823 1975 vere

199 2009 302 2051 facta
323 2009 517 2053 sacerdos
541 2022 682 2052 ansam
706 2011 829 2052 sumit
855 2009 904 2052 ad
929 2007 1251 2062 sollicitandum,
1275 2006 1319 2063 d)
1351 2022 1370 2047 «
1395 2011 1464 2049 aut
1488 2008 1701 2062 praetextu
1726 2015 1822 2046 con·

199 2081 383 2123 fessionis
405 2095 427 2120 »
465 2093 512 2123 eo
538 2081 673 2124 forsan
698 2083 820 2123 unico
844 2080 925 2123 tine
952 2081 1183 2135 propositae
1207 2078 1256 2121 ad
1282 2077 1605 2130 sollicitandum,
1642 2074 1704 2118 vel
1729 2075 1822 2118 ficte

198 2163 248 2192 ex
282 2150 361 2193 alio
395 2164 560 2209 quoque
595 2153 763 2203 motivo,
798 2150 836 2206 e)
866 2166 886 2191 ((
912 2149 975 2193 vel
995 2152 1118 2193 etiam
1154 2153 1270 2192 extra
1305 2149 1565 2191 occasionem
1599 2146 1821 2189 confessio-

198 2224 260 2264 nis
282 2237 323 2277 »,
347 2223 416 2266 sed
443 2225 628 2279 praecise
653 2227 820 2279 propter
844 2222 980 2265 locum
1005 2223 1073 2278 qui
1098 2221 1396 2264 confessionem
1418 2219 1622 2274 designet,
1641 2217 1819 2261 scilicet:

197 2292 240 2349 α)
280 2309 301 2333 α
325 2296 363 2336 in
397 2293 682 2337 confessionali
707 2309 728 2333 ))
777 2306 827 2336 ex
864 2293 993 2335 forma
1027 2293 1116 2334 eius
1148 2291 1199 2334 ad
1233 2289 1503 2341 excipiendas
1545 2288 1822 2332 confessiones

196 2363 459 2406 deserviente
492 2376 540 2407 ac
573 2366 650 2407 sito
673 2363 722 2407 ad
758 2363 868 2406 hunc
901 2375 1086 2418 scopum,
1121 2360 1161 2417 b)
1185 2362 1317 2403 «sive
1351 2361 1389 2402 in
1427 2359 1507 2402 alio
1532 2359 1664 2402 loco»
1708 2358 1822 2400 forsi-

197 2438 263 2477 tan
298 2434 453 2491 absque
488 2437 651 2491 propria
686 2433 999 2478 confessionalis
1032 2434 1178 2485 forma,
1210 2431 1280 2474 sed
1311 2431 1406 2473 «ad
1441 2430 1717 2473 consessiones
1754 2440 1822 2471 au·

197 2505 369 2548 diendas
401 2505 605 2548 destinato
628 2521 667 2560 »,
687 2518 786 2561 ergo
820 2503 1097 2555 habitualiter‚
1126 2516 1162 2544 v.
1186 2516 1247 2559 gr.
1282 2501 1518 2555 surdorum,
1543 2499 1819 2558 quarumdam

198 2588 481 2632 personarum,
517 2575 553 2632 e)
594 2591 613 2616 «
637 2580 706 2619 aut
738 2575 869 2618 electo
892 2590 912 2616 ))
941 2574 991 2617 ad
1027 2586 1182 2626 casum,
1214 2585 1295 2615 non
1330 2571 1594 2615 deserviente
1611 2569 1820 2612 ordinarie

196 2646 247 2690 ad
281 2646 391 2690 hunc
426 2660 557 2701 usum,
587 2660 622 2687 v.
657 2660 716 2702 gr.
743 2648 782 2688 in
815 2645 918 2689 cella
953 2644 1148 2701 religiosi,
1181 2642 1257 2686 sub
1291 2643 1479 2699 sequenti
1512 2645 1648 2684 tamen
1683 2638 1819 2682 condi-

196 2720 306 2760 tione
340 2731 412 2774 pro
446 2717 641 2761 clausulis
688 2716 764 2760 sub
803 2717 935 2759 littera
970 2715 1007 2772 e)
1058 2716 1220 2771 positis:
1260 2730 1282 2754 «
1314 2726 1407 2756 cum
1458 2711 1720 2755 simulatione
1752 2722 1819 2753 au·
1884 2763 1886 2765 v

1957 2774 1961 2793 l

195 2788 335 2832 diendi
370 2788 522 2832 ibidem
557 2789 859 2832 confessionem
893 2802 933 2841 »,
966 2799 1073 2844 quae
1106 2798 1254 2841 nempe
1289 2796 1493 2841 apparens
1525 2781 1681 2826 auditio
1714 2785 1820 2824 cete-
