1971 3261
138 127 204 161 156
529 127 613 161 LIB.
643 127 715 161 III.
744 147 757 152 -
784 127 894 161 PARS
919 127 951 161 I.
981 148 993 153 -
1018 129 1075 163 De
1101 129 1367 165 Sacramentis
1487 129 1580 166 Gan.
1607 130 1765 166 824-825

136 261 245 300 secu,
292 247 362 290 sed
401 249 523 289 vetita
564 248 726 289 «etiam
775 257 1038 304 quacumque
1087 249 1362 292 insinuatione
1412 253 1454 292 ut
1501 249 1763 306 eleemosyna

137 320 267 361 maior
299 318 508 361 ordinaria
543 330 564 359 a
598 316 790 359 fidelibus
823 317 1021 360 offeratur
1043 333 1081 360 )).

259 390 318 434 Vl.
353 388 496 442 Quoad
533 391 694 432 tertiam
732 389 897 431 missam
931 389 1158 432 sacerdotis
1206 403 1284 433 non
1321 390 1522 447 regularis
1555 393 1593 434 in
1635 405 1763 448 regno

138 463 384 520 Aragoniae,
417 466 456 504 et
489 459 621 517 quoad
657 459 758 502 alias
790 459 893 502 duas
927 461 1071 503 missas
1105 462 1142 502 in
1169 460 1267 504 locis
1289 461 1365 505 sub
1390 475 1428 507 n.
1453 461 1517 514 lv,
1541 463 1764 519 applicatio

137 535 389 591 praescripta
424 537 482 575 est
518 544 590 587 pro
624 529 842 573 animabus
872 532 1057 573 omnium
1092 531 1276 574 fidelium
1306 532 1611 589 defunctorum,
1638 536 1763 578 vetita

138 606 401 663 perceptione
434 607 518 645 tum
554 601 746 657 stipendii
781 604 1082 658 cuiuscumque
1115 605 1237 645 etiam
1272 603 1458 647 ultronee
1501 603 1626 659 allati,
1675 609 1764 648 tum

138 674 418 719 retributionis
451 687 500 716 ex
538 671 654 715 titulo
701 674 934 716 extrinseco
967 673 1017 716 ad
1069 685 1256 716 normam
1291 679 1432 717 const&
1489 673 1651 728 «Quod
1692 689 1762 719 ex-

137 749 312 803 pensis»
352 744 500 788 Bened.
539 742 641 786 xiv.

258 816 336 859 Vll.
362 815 480 870 Quod
506 815 607 858 alias
630 815 732 857 duas
759 817 901 857 missas
924 827 972 857 ex
993 819 1122 858 const.
1152 830 1172 854 <c
1192 814 1454 858 lncruentum
1476 831 1496 857 »
1523 816 1670 861 Bened.
1694 816 1763 859 XV

138 890 388 945 praescripta
424 891 484 930 est
515 885 749 942 applicatio,
785 887 906 928 unius
939 899 1010 941 pro
1033 884 1252 929 animabus
1274 888 1458 929 omnium
1487 886 1670 930 tidelium
1695 887 1767 930 de-

139 962 375 1003 tunctorum
410 963 448 1001 et
481 957 643 1000 illarum
678 956 887 1000 secundae
920 956 969 998 ad
1006 958 1273 1000 intentionem
1299 956 1483 1000 eiusdem
1511 957 1625 1000 Rom.
1654 958 1766 1000 Pont.

138 1032 204 1075 sel.
239 1044 321 1074 rec.
341 1032 378 1073 in
413 1033 557 1072 eonste.
583 1040 836 1084 expressam.
867 1025 1043 1070 Vetitnm
1069 1031 1128 1070 est
1151 1027 1404 1083 stipendium
1429 1029 1551 1071 etiam
1576 1041 1596 1071 a
1621 1034 1767 1084 sponte

137 1101 332 1146 dantibus
366 1103 566 1156 recipere,
599 1104 723 1156 atque
758 1097 1070 1142 retributionem
1105 1111 1155 1141 ex
1190 1097 1307 1141 titulo
1340 1100 1588 1142 extrinseco.

259 1173 353 1216 139.
390 1173 462 1217 De
504 1172 672 1217 illicita
710 1171 940 1226 stipendii
974 1171 1271 1226 receptione.
1312 1195 1370 1199 —
1412 1169 1600 1224 Quatuor
1647 1182 1767 1214 casus

113 1233 117 1237 ’
138 1245 305 1289 illicitae
324 1244 572 1299 receptionis
589 1241 781 1298 stipendii
803 1244 1071 1284 recensentur
1090 1242 1127 1283 in
1148 1254 1238 1282 ean.
1258 1242 1365 1283 825.
1395 1239 1619 1298 Nunquam
1642 1240 1767 1284 lieet:

140 1317 181 1360 10
219 1314 392 1359 Missam
428 1313 646 1371 applicare
677 1317 770 1356 actu
805 1311 1054 1356 celebratam
1090 1311 1131 1368 a)
1164 1310 1219 1354 ad
1253 1311 1525 1354 intentionem
1553 1311 1672 1355 illias
1696 1311 1768 1369 qai

139 1387 183 1444 b)
215 1385 556 1444 applicationem,
594 1388 631 1437 c)
664 1383 805 1427 oblata
837 1382 1113 1441 eleemosyna,
1144 1382 1357 1440 petiturus
1391 1388 1465 1438 est,
1500 1385 1581 1426 imo
1612 1388 1674 1427 est
1707 1385 1765 1426 in-

139 1458 277 1502 valida
310 1457 548 1500 huiusmodi
582 1454 803 1512 applicatio
836 1456 1018 1510 praevia,
1053 1466 1101 1497 eo
1144 1454 1252 1511 quod
1296 1454 1437 1497 delicit
1475 1454 1768 1498 determinatio

139 1531 375 1573 intentionis
408 1527 588 1571 humano
623 1526 759 1580 modo,
793 1525 885 1568 talis
916 1527 1025 1568 enim
1059 1525 1351 1568 determinatio
1399 1530 1537 1582 utpote
1586 1526 1637 1568 de
1670 1539 1766 1569 con-

139 1603 322 1657 tingente
356 1600 493 1642 suturo
526 1597 655 1641 libero
690 1599 727 1639 in
762 1599 898 1640 causis
929 1596 1124 1639 secundis
1156 1609 1234 1638 non
1269 1601 1395 1648 certo,
1438 1599 1545 1640 sicut
1587 1602 1647 1639 est
1680 1599 1766 1653 ipsa

141 1673 295 1729 petitio,
330 1671 473 1726 effugit
505 1669 732 1712 humanum
777 1667 926 1723 agendi
962 1667 1145 1723 modum,
1179 1668 1287 1725 quod
1334 1667 1521 1724 designat
1556 1667 1763 1711 clausula:

140 1743 184 1797 d)
217 1741 289 1784 sed
322 1740 504 1784 nondam
534 1740 660 1797 petiit
691 1738 834 1782 saltem
871 1738 1086 1795 implicite,
1121 1752 1156 1781 ν.
1192 1752 1252 1794 gr.
1289 1751 1359 1794 per
1382 1737 1672 1781 celebrationis
1698 1752 1764 1794 pe-

139 1815 340 1863 titionem,
375 1812 484 1855 unde
517 1810 712 1854 sacerdos
755 1812 953 1852 invitatus
985 1810 1033 1853 ad
1069 1808 1364 1853 celebrandum
1410 1809 1517 1865 apud
1555 1809 1764 1863 religiosa-

141 1897 231 1927 rum
257 1883 475 1927 ecclesiam
503 1882 564 1925 rel
585 1883 826 1935 oratorium,
846 1893 893 1924 ac
911 1880 1105 1924 dubitans
1122 1893 1172 1922 ne
1190 1879 1506 1936 applicationem
1531 1880 1672 1933 velint,
1689 1879 1766 1924 hac

140 1954 216 1998 sub
239 1954 474 1997 conditione
497 1952 710 2009 applicans
736 1953 901 1995 missam
935 1951 1045 1994 licite
1073 1955 1228 2007 ageret,
1261 1950 1598 2008 stipendiumque
1623 1957 1762 2007 postea

141 2026 335 2069 traditum
373 2027 477 2067 iuste
510 2025 741 2079 accipere13
778 2036 827 2065 ne
863 2035 960 2065 vero
993 2021 1213 2078 applicatio
1247 2024 1285 2063 in
1320 2021 1568 2065 conditionis
1601 2022 1764 2066 delectu

145 2108 247 2138 vana
282 2095 445 2143 eradat,
469 2094 695 2137 secundam
722 2095 988 2136 intentionem
1016 2094 1169 2148 pariter
1191 2092 1513 2135 conditionatam
1540 2093 1767 2149 prudenter

142 2166 324 2210 haberet.
358 2166 550 2208 Attamen
587 2164 774 2208 illiceitas
792 2169 933 2207 contra
958 2165 1153 2206 iustitiam
1179 2162 1366 2219 obligans
1389 2163 1438 2206 ad
1465 2166 1764 2207 restitutionem

141 2240 217 2280 sita
241 2242 298 2280 est
325 2239 362 2279 in
388 2236 465 2279 hoc
488 2235 597 2293 quod
623 2241 661 2277 et
684 2234 989 2291 eleemosjeflzam
1019 2239 1164 2291 postea
1189 2233 1332 2276 (latam
1361 2234 1457 2277 velit
1482 2233 1664 2276 retinere
1686 2248 1764 2291 pro

142 2307 277 2350 Missa
310 2313 434 2349 (melea
468 2319 591 2363 (liram
630 2310 852 2362 peteretur,
885 2307 991 2348 sicut
1022 2304 1273 2360 explicatum
1294 2309 1366 2355 est,
1392 2303 1621 2362 applicata.
1658 2304 1763 2349 Hinc

144 2383 358 2435 peccatum
395 2377 631 2434 praedictus
665 2376 861 2419 sacerdos
906 2377 1055 2418 vitaret
1086 2388 1134 2418 ac
1167 2380 1487 2432 consequentem
1523 2377 1764 2419 restituendi

142 2448 451 2504 obligationem,
487 2450 518 2490 si
558 2462 670 2503 «pro
703 2447 965 2503 eleemosyna
1002 2451 1138 2502 postea
1173 2446 1306 2489 data»
1345 2458 1520 2502 eamque
1544 2452 1765 2503 acceptans

145 2523 308 2563 missam
346 2521 548 2574 posterius
591 2518 831 2574 applicaret.
867 2543 917 2547 —
955 2517 1111 2560 Pariter
1159 2530 1370 2574 nunquam
1406 2516 1520 2560 licet:
1567 2517 1610 2560 2⁰
1644 2516 1764 2560 Elee-

144 2603 358 2647 mosynam
391 2588 576 2645 recipere
608 2588 657 2631 ad
695 2600 882 2631 normam
916 2589 1194 2645 inscriptionis
1226 2587 1388 2631 articuli
1420 2601 1498 2644 pro
1533 2587 1666 2630 Missa
1699 2601 1765 2631 ce·

144 2659 340 2703 lebranda
393 2658 454 2701 vel
499 2658 705 2701 celebrata
755 2672 861 2715 (setae
894 2657 979 2700 alio
1029 2658 1151 2700 tilulo
1200 2661 1492 2702 conscientiam
1543 2657 1766 2714 obligante,

143 2732 337 2787 quamvis
368 2742 446 2771 non
483 2743 531 2772 ex
567 2731 733 2777 iustitia,
768 2730 805 2784 a)
838 2728 1008 2772 debetur
1042 2728 1084 2785 b)
1116 2735 1153 2771 el
1197 2729 1440 2786 applicatur
1475 2732 1512 2772 in
1547 2731 1636 2772 eius
1668 2727 1767 2772 obli-

144 2803 319 2857 gationis
352 2799 735 2855 adimplementum.
772 2825 823 2830 -
859 2800 903 2843 30
942 2798 1155 2857 Duplieem
1188 2799 1492 2858 eleemosynam
1525 2802 1648 2843 etiam
1685 2801 1764 2842 for-

146 2872 306 2917 maliter
354 2870 655 2913 consideratam
703 2884 781 2927 pro
814 2868 997 2912 eiusdem
1043 2869 1203 2912 Allissae
1236 2869 1521 2927 applicatione
1553 2871 1768 2927 accipere:
