1971 3261
153 152 249 188 Can.
277 151 478 187 1125-1127
664 152 749 186 Τιτ.
781 152 866 186 V11.
897 173 907 178 -
935 152 992 186 De
1019 154 1278 187 illatrimonio
1714 154 1782 187 685

157 274 309 315 iaciens
343 269 678 327 publicationem,
713 277 895 314 statuere
931 274 967 314 in
1003 284 1092 315 can.
1130 272 1398 330 1125,quem
1434 278 1783 326 commentamur,

156 341 362 399 praedicta
409 342 544 383 omnia
594 341 843 396 generaliter
896 344 978 384 «iu
1026 342 1168 385 iisdem
1205 343 1412 385 adiunctis
1451 343 1775 386 extenduntur»

157 412 289 470 quoad
326 411 426 463 loca,
463 415 503 453 ut
539 410 708 454 ubilibet
746 414 782 453 in
820 417 1026 468 posterum
1067 415 1147 455 vnn
1186 413 1361 457 habeant
1397 416 1497 456 iuris
1530 416 1733 458 canonici.

269 481 364 525 537.
401 485 598 528 Factum
622 497 720 539 quo
753 485 959 539 legitimi
995 486 1288 530 matrimonii
1324 487 1566 531 vinculum
1607 487 1783 531 dissol-

152 555 295 598 vitur.
325 578 381 583 —-
414 551 510 595 Tam
550 552 814 609 privilegium
853 554 1081 606 l'aulinum,
1116 568 1238 612 quam
1286 556 1576 611 praecedentis
1614 558 1783 599 canonis

150 622 452 666 declarationes
494 623 811 679 applicationem
855 627 1085 668 sortiuntur
1127 639 1175 668 ex
1220 628 1563 679 circumstantiis,
1603 640 1709 683 quae
1744 629 1780 669 in

150 693 238 737 dies
274 695 423 737 vai-tart
458 699 628 751 queunt,
654 695 748 737 inde
772 695 974 739 absdnbio
998 699 1185 753 seqnitur
1210 696 1418 753 ligaminis
1439 697 1780 753 impedimentum

150 767 399 822 quandoque
434 778 512 807 non
548 778 713 822 urgens,
765 769 930 809 mutatis
979 769 1303 811 circumstantiis
1349 770 1426 810 iam
1468 782 1630 824 urgere,
1664 769 1780 811 dum-

151 836 272 879 modo
308 838 470 878 interim
511 835 692 879 validum
731 840 1039 881 matrimonium
1075 837 1375 881 subinductum
1419 852 1495 881 nnn
1532 840 1669 892 fuerit,
1694 839 1785 882 talis

151 912 211 950 est
243 909 351 949 enim
388 907 619 950 dirimentis
654 908 938 963 impedimenti
976 913 1120 951 natura
1168 922 1292 965 supra
1348 909 1566 965 explicata.
1602 910 1781 966 idipsum

152 981 345 1035 exprimit
380 992 469 1021 ean.
518 980 638 1020 1136.
691 977 901 1021 Vinculum
943 979 1104 1034 prioris
1148 980 1340 1036 eom'ussii
1372 980 1412 1037 a)
1448 980 1487 1022 in
1534 980 1785 1037 infidelitate

154 1049 195 1105 1))
230 1048 368 1091 aalide
399 1048 606 1092 contrarii
629 1049 938 1107 quodcumque,
963 1051 1032 1094 sed
1069 1051 1206 1094 adhuc
1240 1053 1439 1105 existens,
1474 1054 1568 1108 quia
1609 1052 1782 1095 dicitur:

152 1124 249 1161 tiene
283 1124 445 1161 lantum
479 1119 662 1164 solvitur
709 1121 757 1163 ad
795 1133 982 1163 normam
1021 1122 1360 1177 praecedentium
1396 1134 1485 1164 can.
1523 1122 1783 1173 ileo-1125,

149 1203 239 1232 eccm
269 1204 372 1247 pars
405 1190 541 1246 fidelis
575 1191 626 1235 ob
660 1194 977 1235 conversionem
1013 1204 1060 1235 ac
1095 1192 1345 1248 baptismum
1391 1191 1432 1249 a)
1466 1206 1616 1250 reapse
1656 1207 1782 1236 noras

148 1261 321 1318 *nuptias
355 1261 396 1318 b)
433 1262 570 1305 valide
604 1262 787 1307 iniverit.
831 1262 959 1319 idque
1006 1266 1143 1306 statim
1195 1268 1363 1320 propter
1414 1264 1648 1307 huiusmodi
1686 1266 1781 1308 noxi

153 1334 448 1375 «matrimonii
485 1333 723 1376 essentiales
768 1336 1040 1389 proprietates
1075 1336 1242 1377 unitatis
1275 1347 1322 1378 ac
1359 1334 1733 1378 indissolubilitatis
1755 1351 1777 1375 »

151 1402 258 1460 (can.
298 1404 421 1449 1013,
457 1406 481 1458 ἓ
516 1404 569 1459 G2).

270 1474 366 1518 538.
391 1478 553 1521 Favor
575 1478 708 1529 iuris,
734 1482 773 1518 ut
797 1476 847 1519 ad
873 1488 963 1519 ean.
990 1476 1097 1519 1014
1128 1478 1377 1530 monuimus,
1399 1477 1643 1533 praevalens
1666 1477 1781 1521 alteri

150 1557 231 1602 quo
269 1548 624 1589 «matrimonium
671 1547 837 1603 gaudet,
884 1552 927 1590 ut
971 1549 1009 1590 in
1054 1547 1180 1590 dnbio
1220 1548 1412 1591 standum
1448 1551 1498 1591 sit
1534 1562 1605 1605 pro
1643 1548 1782 1591 valore,

153 1618 418 1669 matrimonii,
462 1617 595 1661 donec
638 1619 892 1661 contrarium
940 1617 1137 1675 probetur
1162 1634 1201 1673 )),
1246 1619 1425 1662 edicitur
1458 1622 1496 1662 in
1531 1634 1621 1662 can.
1657 1622 1781 1663 1127.

151 1684 197 1729 In
231 1700 278 1728 re
310 1685 450 1740 (lichia,
483 1690 579 1745 quia
614 1687 786 1732 dubium
822 1703 871 1732 ex
907 1690 999 1733 tacti
1034 1692 1358 1734 circumstantiis
1381 1693 1478 1733 oriri
1504 1690 1784 1749 debet,p=riri-

151 1756 305 1813 leyi'um
339 1756 447 1813 fidei,
484 1771 561 1802 non
591 1759 723 1802 solum
778 1759 992 1803 Paulinum
1028 1761 1079 1804 de
1113 1775 1194 1818 qno
1243 1761 1440 1805 extabant
1482 1761 1784 1805 declarationes

150 1830 286 1871 statim
322 1829 609 1885 adducendae,
642 1830 713 1874 sed
753 1833 789 1872 vi
825 1845 914 1874 can.
964 1832 1074 1874 1125
1119 1845 1167 1875 eo
1201 1832 1308 1890 quod
1346 1832 1412 1875 hic
1445 1835 1551 1876 sicut
1585 1832 1630 1877 Ι).
1668 1833 1778 1876 Pauli

151 1904 287 1942 textus
321 1902 551 1943 innituntur
583 1900 752 1944 divinae
786 1905 1041 1946 concessioni
1094 1908 1263 1959 propter
1311 1903 1405 1946 tidei
1441 1906 1780 1960 propagationem

149 1983 197 2013 ac
230 1973 590 2014 conset-tattonem
626 1974 732 2015 inter
767 1972 966 2023 homines,
1003 1979 1046 2016 ut
1080 1977 1117 2016 in
1155 1973 1234 2017 illis
1266 1974 1414 2027 elucet,
1446 1974 1604 2032 qczudet
1636 1974 1784 2032 favore

151 2040 272 2095 iuris,
307 2055 429 2098 quem
465 2042 673 2098 explicant
709 2057 901 2100 responsa
936 2045 974 2088 S.
1010 2044 1177 2101 congr-f
1223 2045 1500 2102 inquisitionis
1544 2045 1620 2090 hac
1654 2047 1705 2090 de
1740 2060 1782 2089 re

151 2111 260 2155 data.
298 2110 520 2155 Videlicet:
555 2113 604 2156 ad
640 2113 838 2156 dubium:
888 2114 1240 2158 «Matrimonium
1286 2115 1412 2159 dubie
1458 2115 1648 2172 baptizati
1686 2131 1780 2160 cum

81 2189 96 2194 “
152 2195 230 2225 non
282 2183 481 2239 baptizata
531 2189 645 2227 estne
697 2184 928 2228 validum»
983 2186 1194 2241 respondit
1244 2186 1455 2242 praedicta
1500 2188 1537 2231 S.
1576 2187 1702 2244 Cong.
1739 2188 1780 2232 ¹:

156 2252 506 2297 «Matrimonium
559 2254 794 2298 habendum
837 2269 932 2299 ‘esse
983 2259 1037 2299 uti
1085 2257 1315 2300 invalidum
1351 2256 1403 2301 ob
1438 2258 1779 2314 impedimentum

151 2324 286 2367 cultus
318 2325 632 2381 disparitatis».
668 2325 822 2369 Eadem
850 2325 864 2347 ²
899 2327 1132 2383 respondit:
1183 2343 1203 2369 ((
1227 2328 1265 2371 Si
1305 2341 1401 2371 vero
1446 2342 1539 2384 pars
1573 2342 1651 2372 una
1685 2343 1779 2373 con·

155 2400 339 2438 vertatur
374 2401 461 2452 post
494 2399 812 2440 conversionem
848 2397 1031 2453 alterius,
1067 2403 1107 2441 et
1140 2401 1378 2442 examinato
1410 2412 1506 2442 casu
1543 2400 1780 2457 particulari

149 2468 328 2521 supersit
362 2466 550 2521 dubium,
584 2472 660 2510 stet
697 2481 770 2524 pro
815 2467 1002 2511 nullitate
1047 2471 1297 2512 matrimonii
1335 2472 1371 2512 in
1409 2471 1595 2514 savorem
1634 2472 1729 2514 fidei
1754 2487 1776 2511 ›>

150 2540 273 2593 atque
305 2549 403 2580 suae
438 2537 636 2580 decisioni
663 2538 677 2560 ³
711 2537 894 2583 addidit:
945 2554 967 2579 «
990 2537 1102 2582 Mens
1144 2544 1217 2594 est,
1264 2544 1306 2582 ut
1346 2541 1383 2582 in
1418 2539 1544 2584 dubio
1580 2541 1777 2585 iudicium

148 2609 198 2649 sit
234 2609 270 2649 in
308 2610 494 2651 favorem
532 2609 625 2652 lidei
653 2626 691 2653 1).

269 2761 280 2782 1
310 2761 328 2794 7
355 2761 431 2795 Iul.
465 2761 567 2796 1880.
601 2783 646 2787 -
671 2762 685 2784 ²
713 2762 757 2796 18
783 2762 878 2796 Maii
906 2764 1006 2798 1892.
1036 2783 1077 2788 -
1104 2764 1118 2785 ³
1144 2764 1190 2797 26
1216 2764 1289 2809 Ap.
1317 2764 1421 2799 1899.
