1971 3261
689 83 705 108 t

222 136 292 169 440
616 134 701 168 LIB.
730 134 803 168 III.
831 153 846 159 -
872 133 982 168 PARS
1007 133 1038 168 I.
1068 154 1080 159 -
1105 134 1164 169 De
1188 134 1455 169 Sacramentz‘s
1661 133 1755 170 Gan.
1781 134 1849 170 987

221 253 462 297 ordinandis
491 269 513 294 (ι
545 252 593 305 (l,
629 252 716 310 18),
749 264 771 295 a
806 253 1033 295 ratiociniis
1067 252 1304 306 reddendis,
1354 254 1465 296 iuxta
1513 251 1692 296 Titulum
1745 268 1766 294 (c
1792 252 1849 297 De

219 323 411 379 obligatis
444 322 493 366 ad
527 325 743 367 ratiocinia
777 322 1019 366 ordinandis
1053 322 1116 365 vel
1151 336 1231 366 non
1256 339 1276 364 ))
1318 323 1364 379 (l,
1400 323 1488 380 ⁴19),
1522 335 1542 366 a
1576 325 1747 366 servitio
1772 326 1844 366 mi-

217 394 337 447 litari,
374 397 494 450 prout
527 392 1039 436 determinantInstructio
1072 393 1110 436 S.
1145 392 1294 450 Congr.
1338 393 1474 451 lnq.⁸¹
1514 393 1564 436 ad
1597 391 1845 438 Ordinarios

218 463 369 519 ltaliae,
418 463 591 518 analoga
644 465 862 506 instructio
909 464 948 507 S.
997 461 1140 519 Cong.⁵
1184 463 1236 507 de
1278 463 1495 520 disciplina
1541 463 1760 520 regulari²
1803 469 1846 508 et

215 533 343 577 Dec.¹n
380 550 402 574 «
426 533 535 576 Inter
569 533 751 591 reliquas
774 549 794 574 »
832 533 870 577 S.
905 532 1071 590 Cong1·.⁸
1094 534 1145 577 de
1168 533 1386 590 Religiosis
1410 535 1439 589 ³,
1459 547 1509 578 ac
1534 535 1714 592 denique
1737 535 1846 578 ordi-

215 605 351 648 nando
385 617 487 661 opus
530 609 590 647 est
633 604 824 647 libertate
855 616 877 647 a
912 604 1097 647 mulieris
1141 604 1246 661 lege,
1281 605 1332 648 ad
1365 618 1553 649 normam
1587 604 1709 648 Tituli
1747 621 1770 647 α
1789 604 1846 649 De

216 677 489 719 conversione
508 676 825 731 coniugatorum
847 691 867 734 ³?
891 674 976 730 (ΙΙΙ,
1001 675 1086 732 32).
1123 675 1180 718 De
1204 675 1267 719 his
1290 675 1446 719 ultimis
1469 677 1623 720 dictum
1650 681 1711 719 est
1733 679 1844 720 satis.

336 746 434 789 358.
470 747 541 792 De
575 747 812 802 obligatis
844 748 909 791 ad
942 748 1203 792 ratiocinia
1236 746 1478 790 ordinandis
1502 746 1565 789 vel
1600 760 1697 800 non,
1734 752 1847 790 extat

217 819 384 860 unicum
408 829 496 873 cap.
523 830 570 860 ex
598 815 722 861 Conc.
745 815 938 872 Carthag.
974 816 1042 860 ubi
1082 816 1295 873 «Magnus
1327 816 1555 874 Episcopus
1589 818 1846 874 Augustinus

215 887 342 931 dixit:
368 892 672 943 procuratores,
692 891 866 942 actores,
887 892 1180 944 exequutores,
1199 901 1270 930 seu
1291 892 1504 931 curatores
1529 888 1793 944 pupillorum,
1812 891 1843 932 si

215 957 393 1002 debeant
426 957 624 1001 ordinari.
650 983 702 987 —
726 955 876 1001 Gratus
899 957 1129 1014 Episcopus
1152 957 1277 1001 dixit:
1312 958 1353 1002 Si
1388 962 1477 1014 post
1495 958 1680 1014 deposita
1705 971 1843 1013 onera,

216 1033 255 1072 et.
287 1028 448 1071 reddita
497 1030 728 1083 ratiocinia,
777 1033 893 1071 actus
942 1030 1051 1071 vitae
1094 1030 1277 1084 ipsorum
1329 1029 1479 1071 suerint
1513 1028 1767 1085 comprobati
1805 1031 1842 1072 in

215 1097 421 1152 omnibus,
455 1097 607 1141 debent
641 1111 733 1141 cum
770 1098 892 1141 laude
926 1097 997 1141 Dei
1032 1098 1082 1148 (si
1118 1098 1310 1154 postulati
1355 1099 1520 1141 fuerint*
1564 1098 1720 1142 honore
1755 1112 1842 1142 mu-

215 1171 374 1213 nerari:
409 1171 441 1212 si
476 1170 585 1212 enim
619 1174 714 1212 ante
748 1168 984 1212 libertatem
1017 1171 1279 1225 negotiorum
1318 1169 1378 1212 vel
1426 1170 1654 1212 officiorum
1692 1171 1843 1212 fuerint

213 1240 405 1294 ordinati,
440 1239 625 1283 Ecclesia
675 1241 956 1294 infamatur»,
1001 1253 1174 1297 nempe:
1209 1243 1240 1283 si
1275 1239 1612 1296 deprehendattn·
1651 1241 1841 1296 infidelis,

211 1311 378 1368 quando
413 1312 592 1353 rationes
625 1310 772 1353 reddit.
814 1326 834 1351 «
857 1310 1048 1355 Universi
1082 1311 1298 1354 dixerunt:
1324 1310 1451 1355 Recte
1477 1314 1615 1354 statutt
1639 1311 1842 1356 Sanctitas

212 1385 371 1436 Vestra,
407 1381 584 1438 ideoque
618 1383 671 1425 ita
705 1386 765 1424 est
798 1385 937 1425 nostra
970 1384 1230 1425 sententia».

329 1452 436 1495 Huic
469 1454 547 1495 iuri
581 1452 806 1496 concordat
839 1465 970 1495 canon
1005 1453 1102 1506 987,
1137 1453 1234 1496 dum
1269 1458 1453 1497 recenset
1495 1456 1600 1496 inter
1638 1469 1657 1494 α
1682 1453 1839 1510 simpli-

210 1525 312 1566 citer
345 1523 564 1580 impeditos
586 1538 608 1563 »
645 1522 722 1566 sub
754 1524 815 1567 212⁰
848 1524 912 1567 3.0
946 1537 1015 1567 eos
1049 1524 1120 1581 qui
1151 1526 1241 1567 sive
1283 1524 1440 1578 clerici,
1484 1526 1572 1568 sive
1613 1523 1704 1567 laici
1738 1537 1837 1582 quo—

209 1606 303 1651 que,
338 1595 530 1651 quamvis
563 1593 671 1637 licite
705 1593 746 1650 a)
780 1593 958 1652 officimn
999 1593 1061 1636 vel
1101 1593 1513 1638 aclrm‘nistrationem
1555 1600 1725 1652 qerzmt,
1765 1609 1837 1639 seu

209 1668 416 1716 exercent,
450 1663 631 1708 scilicet:
671 1679 692 1705 ((
715 1664 846 1708 officia
885 1664 1062 1721 publica,
1083 1678 1190 1722 quae
1213 1667 1456 1708 exercitium
1495 1665 1649 1709 laicalis
1675 1666 1837 1709 iurisdi-

208 1736 355 1778 ctionis
403 1733 469 1777 vel
518 1735 888 1778 administrationis
935 1736 1219 1779 secumserunt
1264 1737 1368 1791 (can.
1416 1736 1512 1783 139,
1558 1738 1581 1790 ,ξ
1622 1736 1679 1792 Q),
1713 1741 1837 1794 atque

207 1807 415 1861 gestiones
439 1804 642 1848 bonorum
667 1805 716 1849 ad
743 1805 868 1849 laicos
894 1809 1185 1862 pertinentium
1210 1811 1281 1849 aut
1304 1807 1438 1850 officia
1477 1807 1705 1850 saecularia
1730 1820 1837 1865 quae

208 1877 483 1919 secumferant
517 1889 620 1919 onus
655 1876 962 1920 reddendarum
989 1880 1234 1920 rationum»
1273 1877 1345 1934 (ib.
1370 1880 1394 1932 ξ
1419 1877 1478 1934 3),
1501 1882 1578 1921 etc.
1606 1878 1647 1934 b)
1672 1877 1837 1921 clericis

208 1946 393 2000 vetitam,
426 1946 493 1989 illa
533 1962 553 1987 ((
576 1949 663 1990 sine
686 1947 911 2003 apostolico
937 1947 1094 1991 indulto
1118 1964 1138 1988 2>
1179 1947 1280 1992 haec
1319 1964 1339 1988 ((
1361 1950 1449 1991 sine
1484 1948 1647 1992 licentia
1671 1952 1732 1992 sui
1757 1946 1834 1993 Or-

207 2017 419 2066 dinarii»,
446 2019 578 2073 prouti
613 2020 749 2061 omnia
784 2024 878 2061 sunt
911 2018 960 2061 ad
997 2018 1110 2061 illum
1146 2030 1346 2061 canonem
1382 2018 1697 2070 declarata,sed
1738 2032 1834 2062 con-

207 2088 306 2131 ditio
341 2088 520 2131 limitans
570 2089 913 2144 impedimentum
964 2089 1269 2132 alteriusulrius
1315 2094 1397 2132 est:
1438 2090 1475 2141 ο)
1508 2089 1630 2131 emas
1667 2105 1689 2130 α
1713 2090 1834 2133 officii

208 2158 273 2202 vel
307 2158 713 2201 administrationis»
745 2160 979 2215 praedictae
1003 2159 1191 2202 rationes
1212 2159 1389 2202 reddere
1411 2159 1599 2208 debeant,
1625 2162 1677 2203 ita
1703 2164 1745 2203 ut
1767 2173 1832 2203 ve-

206 2231 326 2272 titum
345 2230 628 2282 ordinationis,
649 2244 719 2273 scu
747 2230 893 2273 melius
917 2231 1258 2286 impedimentum
1284 2233 1444 2273 numeri
1466 2230 1588 2273 huius
1614 2232 1832 2285 perduret:

205 2299 346 2354 donee,
371 2306 408 2352 a)
430 2299 618 2357 deposito
638 2299 777 2358 officio
795 2306 833 2343 el
853 2300 1227 2344 administratione
1262 2303 1339 2344 iatn
1360 2301 1594 2344 declaratis.
1614 2314 1720 2359 quac
1740 2315 1829 2358 pro-

204 2373 319 2428 sequi
344 2373 562 2427 nequirent
588 2371 715 2414 libere
741 2377 827 2427 post
851 2371 1086 2414 clericalem
1111 2377 1368 2427 assumptum
1404 2377 1570 2420 statum,
1598 2372 1659 2415 vel
1686 2385 1831 2428 gerere

203 2447 411 2498 nequeunt
432 2444 467 2484 in
494 2456 540 2484 eo
561 2444 677 2498 positi
702 2442 753 2485 ob
779 2442 967 2486 licentiae
985 2442 1207 2495 defectum,
1228 2441 1270 2499 b)
1290 2448 1414 2500 alque
1431 2442 1668 2486 rationibus
1686 2456 1827 2486 eorum

201 2514 369 2568 insuper
391 2511 586 2564 redditis,
611 2526 688 2555 non
717 2515 843 2567 prius,
869 2512 908 2569 c)
930 2512 1053 2555 liberi
1075 2512 1127 2556 ob
1152 2512 1296 2555 harum
1324 2512 1664 2568 adprobationem
1684 2512 1826 2556 saltem

199 2583 366 2625 tacitam
400 2580 507 2639 faeti
538 2582 623 2624 sin!
656 2583 884 2626 secundum
920 2583 1489 2626 officiiadministrationisre
1512 2583 1766 2640 qualitatem.

320 2653 418 2695 359.
443 2655 515 2699 De
539 2657 698 2700 servis
722 2669 818 2700 non
842 2656 1145 2700 ordinandis.
1165 2680 1217 2684 —
1237 2654 1275 2697 Si
1296 2653 1479 2711 quolibet
1505 2656 1542 2696 in
1570 2653 1657 2697 loco
1680 2667 1828 2697 servus

201 2726 365 2779 proprie
398 2723 532 2766 dictus
567 2726 789 2779 invenitur,
823 2737 1001 2781 sequens
1033 2729 1157 2780 caput
1182 2718 1207 2766 Ξ
1230 2723 1310 2767 cil¹.
1336 2723 1426 2766 Titi.
1460 2724 1692 2767 servandus
1715 2729 1825 2767 erat:

310 2875 320 2896 1
350 2874 392 2908 16
420 2874 528 2919 Sept.
556 2875 655 2909 1875.
685 2895 728 2899 -
755 2875 768 2896 2
794 2875 839 2910 27
869 2877 967 2910 Nov.
998 2875 1099 2910 1892.
1128 2895 1170 2901 -
1198 2876 1211 2897 ³
1239 2877 1257 2910 1
1286 2876 1367 2910 Ian.
1396 2875 1500 2919 1911,
1523 2875 1598 2910 co.
1620 2875 1692 2919 ΠΙ,
1712 2886 1747 2920 p.
1765 2875 1823 2910 37.
