1971 3261
150 103 220 136 242
558 103 642 137 Lus.
670 101 738 136 III.
766 122 779 128 ·
808 103 911 136 PARS
936 102 968 138 I.
996 122 1011 128 -
1035 103 1093 138 De
1118 102 1384 138 Sacramentis
1594 103 1687 138 Can.
1713 102 1785 138 885

151 222 333 266 materiae,
376 221 491 267 (sicuti
520 221 765 265 Eucharistia),
794 232 859 257 nec
885 221 921 256 in
948 232 1013 257 usu
1038 221 1188 257 alicuius
1214 222 1380 258 materiae
1405 222 1642 259 sanctificatae
1679 223 1784 267 (sicut

150 280 348 326 baptismus
374 285 408 316 et
435 280 682 324 confirmatio),
720 280 777 315 sed
806 280 917 325 magis
945 279 980 315 in
1007 280 1199 316 remotione
1224 280 1406 316 cuiusdam
1433 281 1612 324 materiae,
1653 281 1787 318 scilicet
1830 305 1842 313 —.

150 340 297 385 peccati,
329 344 429 385 prout
460 345 598 386 peccata
623 339 790 375 dicuntur
823 349 897 374 esse
935 340 1081 376 materia
1108 339 1356 386 poenitentiae,
1399 345 1436 375 ut
1472 351 1512 376 ex
1550 351 1657 387 supra
1681 341 1786 376 dictis

148 403 256 444 patet.
286 398 380 434 Talis
405 403 523 434 autem
552 398 697 434 remotio
723 397 944 443 significatur
968 409 988 434 a
1014 399 1190 434 sacerdote
1215 409 1293 434 cum
1322 399 1469 434 dicitur:
1487 399 1556 444 Ego
1581 404 1613 436 te
1629 399 1786 436 absolvo.

148 457 235 493 Nam
265 462 406 504 peccata
433 462 515 492 sunt
533 457 706 503 quaedam
726 457 877 499 vincula,
899 457 1092 493 secundum
1114 457 1197 493 illud
1218 460 1247 492 1;
1280 471 1296 490 «
1316 457 1521 504 Iniquitates
1539 469 1621 494 suae
1639 459 1785 505 capiunt

146 517 310 563 impium,
344 521 376 552 et
408 516 552 551 funibus
588 520 807 562 peccatorum
846 527 988 552 suorum
1028 516 1176 563 quisque
1213 517 1525 562 constringitur».
1567 517 1663 554 Unde
1691 522 1784 564 patet

144 576 240 621 quod
268 576 353 611 haec
381 580 433 611 est
459 574 794 610 convenientissima
820 575 930 611 forma
956 575 1063 611 huius
1089 576 1312 611 sacramenti.
1342 575 1411 621 Ego
1435 581 1468 612 te
1494 576 1686 612 absolvo».
1711 576 1780 611 Alii

144 645 223 670 vero
249 634 374 669 dicunt
399 634 503 670 etiam
535 634 578 669 ad
607 633 702 669 illius
729 634 859 670 formae
884 634 1118 670 substantiam
1147 635 1319 681 pertinere
1345 635 1449 671 verba
1478 635 1600 671 saltem
1625 647 1679 672 «a
1706 647 1785 682 pec-

142 693 228 728 catis
246 706 280 733 ›>,
301 697 339 728 ut
364 692 621 728 determinetur
638 692 811 728 obiectum
830 692 1076 738 absolutionis,
1097 694 1188 739 quod
1206 704 1281 729 esse
1300 699 1441 740 possent
1459 705 1637 737 censurae,
1656 706 1778 741 quam-

142 752 192 786 vis
220 763 260 787 ex
287 751 509 788 confessione
536 763 577 787 ac
602 751 877 787 circumstantiis
902 752 1178 798 deprehenditur
1203 752 1382 788 evidenter
1410 753 1464 798 agi
1492 754 1534 789 de
1562 759 1780 800 peccatorum

142 810 372 846 absolutione.

263 868 385 914 Quoad
423 870 509 905 haec
548 869 652 905 verba
690 870 816 906 iterum
855 875 888 906 et
914 875 1026 906 cetera
1065 871 1234 906 formulae
1269 871 1475 916 praedictae,
1520 882 1562 907 ne
1599 871 1783 917 displiceat.

142 928 297 964 eiusdem
325 928 484 973 Angelici
514 928 694 974 responsio
712 929 747 962 2:
779 943 794 962 «
822 928 899 965 ldeo
926 930 1085 965 sacerdos
1100 929 1213 975 potius
1231 929 1333 964 dicit:
1361 928 1431 975 qu
1458 936 1486 965 te
1512 930 1653 971 absolvo,
1674 941 1781 976 quam

142 985 211 1033 Eglo
238 987 298 1022 cibi
320 993 458 1033 peccata
487 987 620 1023 remitto
647 987 947 1031 (sicutrljominus
973 988 1059 1023 dixit
1085 988 1287 1034 discipulis:
1320 986 1468 1031 Quorum
1486 988 1684 1025 remiseritis
1705 1001 1781 1036 pec-

140 1053 229 1090 cala,
258 1046 477 1082 remittuntur
506 1047 582 1091 eis),
600 1047 683 1092 quia
710 1047 772 1082 hoc
800 1047 911 1092 magis
929 1047 1090 1092 congruit
1108 1047 1222 1083 verbis
1237 1058 1325 1093 quae
1345 1047 1514 1083 Dominus
1532 1048 1619 1083 dixit
1637 1047 1750 1093 (Petro
1766 1061 1773 1084 :

142 1104 395 1151 Quodcumque
439 1105 583 1141 solveris
609 1117 714 1152 super
739 1111 881 1149 terram⁷
909 1107 993 1151 etc.)
1021 1107 1182 1142 virtutem
1211 1106 1361 1142 clavium
1388 1107 1586 1149 ostendens,
1615 1118 1674 1154 per
1691 1119 1781 1154 quas

140 1164 335 1200 sacerdotes
360 1165 570 1207 absolvunt;
599 1165 682 1211 quia
708 1170 826 1201 tamen
854 1165 1014 1201 sacerdos
1041 1166 1131 1201 sicut
1157 1165 1318 1201 minister
1343 1165 1503 1208 absolvit,
1529 1167 1779 1202 convenienter

140 1224 331 1269 apponitur
347 1223 481 1269 aliquid
509 1224 599 1269 quod
628 1224 778 1270 pertinet
795 1225 837 1260 ad
867 1225 1016 1271 primam
1036 1225 1278 1261 auctoritatem
1299 1225 1373 1268 Dei,
1390 1225 1534 1270 scilicet,
1562 1230 1600 1261 ut
1618 1225 1775 1262 dicatur:

141 1282 209 1327 Ego
236 1286 269 1318 te
294 1282 435 1318 absolvo
463 1283 499 1317 in
526 1283 671 1319 nomine
690 1283 800 1319 Patris
826 1288 859 1319 et
886 1283 960 1319 Filii
989 1289 1022 1320 et
1040 1283 1191 1331 Spiritus
1218 1283 1351 1329 Sancti,
1372 1285 1423 1320 vel
1440 1295 1500 1330 per
1519 1284 1680 1321 virtutem
1698 1296 1776 1331 pas-

141 1341 251 1377 sionis
278 1341 421 1385 Christi,
450 1342 501 1377 vel
528 1342 733 1378 auctoritate
761 1342 831 1383 Dei,
862 1342 951 1379 sicut
979 1342 1166 1390 Dionysius
1183 1344 1338 1389 exponit.
1361 1342 1452 1387 Quia
1478 1348 1596 1379 tamen
1623 1344 1687 1379 boc
1705 1355 1777 1380 non

140 1405 191 1436 est
217 1400 490 1436 determinatum
517 1412 556 1437 ex
584 1401 698 1436 verbis
723 1400 864 1444 Christi,
885 1402 973 1437 sicut
999 1402 1036 1437 in
1063 1402 1249 1448 baptismo,
1271 1402 1350 1438 talis
1368 1402 1539 1449 appositio
1564 1403 1780 1449 relinquitur

139 1459 285 1495 arbitrio
311 1459 497 1495 sacerdotis
513 1472 531 1494 »
556 1471 649 1495 nunc
675 1460 791 1496 ablato
819 1465 957 1507 propter
984 1460 1120 1497 Rituale
1148 1461 1343 1497 Romanum
1371 1472 1508 1508 semper
1534 1461 1777 1508 praescribens

139 1519 244 1554 talem
271 1519 545 1565 appositionem.

260 1601 385 1646 Recte
420 1604 545 1658 igitur
577 1616 626 1646 ex
660 1602 781 1646 dictis
815 1616 945 1646 canon
981 1604 1078 1659 885,
1102 1616 1226 1661 quem
1261 1609 1607 1660 commentamur,
1632 1606 1688 1647 ait
1725 1604 1778 1647 dc

140 1672 333 1729 precibus
366 1673 573 1716 adiunctis
622 1678 843 1730 utsupra:
893 1674 1002 1732 quod
1033 1673 1094 1717 ad
1141 1674 1278 1731 ipsam
1325 1674 1626 1718 absolutionem
1677 1674 1779 1718 ohli-

138 1742 319 1786 nendam,
354 1757 436 1786 non
469 1743 554 1786 sint
577 1744 854 1797 necessariae,
880 1744 1172 1799 nilzilomimaes,
1194 1745 1429 1802 subiungit:
1470 1745 1554 1789 nisi
1588 1745 1701 1789 iusta
1723 1745 1776 1788 de

139 1826 283 1865 causa,
336 1814 552 1858 videlicet:
604 1818 926 1872 proportionata,
975 1829 1055 1859 non
1105 1830 1179 1873 pro
1229 1816 1361 1871 libitu,
1412 1831 1461 1860 ne
1502 1817 1770 1861 omittantur.

139 1885 457 1942 Praeceptivum
493 1890 553 1929 est
586 1885 663 1940 hoc
700 1886 888 1943 verbum,
913 1887 984 1931 sed
1021 1892 1152 1944 potest
1189 1890 1382 1932 sustineri
1403 1902 1498 1932 cum
1522 1887 1768 1932 Doctoribus

139 1955 303 2000 illarum
337 1958 602 2000 omissionem
628 1970 706 2000 non
741 1960 993 2002 constituere
1019 1963 1233 2014 peccatum
1269 1971 1414 2015 grave,
1437 1959 1664 2003 dummodo
1686 1972 1773 2002 ser·

143 2032 261 2070 vetur
299 2043 320 2068 «
344 2027 519 2071 formula
543 2027 795 2072 absolutoria
818 2044 840 2069 ))
863 2042 934 2072 seu
969 2031 1071 2072 ritus
1103 2029 1363 2079 absolvendi,
1381 2043 1460 2073 non
1495 2029 1629 2073 solum
1653 2029 1771 2073 abso-

138 2097 305 2141 lutionis
341 2099 470 2142 forma
509 2112 581 2142 seu
632 2101 863 2143 necessaria
902 2099 1041 2154 verba,
1089 2112 1213 2158 quam
1249 2100 1467 2144 formulam
1518 2113 1774 2157 cognoscere

138 2172 355 2225 possumus
392 2181 441 2212 ex
478 2169 541 2213 his
572 2183 678 2227 quae
702 2169 826 2214 habet
849 2170 926 2216 Rit.
953 2170 1070 2214 Rom.
1095 2170 1172 2215 sub
1196 2184 1234 2216 n.
1264 2188 1285 2212 ‹<
1309 2172 1348 2216 4.
1383 2171 1425 2214 ln
1446 2170 1773 2215 confessionibus

137 2244 275 2283 autem
310 2240 676 2298 frequentioribus,
709 2246 748 2284 et
782 2241 1045 2285 brevioribus
1079 2241 1138 2299 (et
1159 2255 1257 2286 ecce
1283 2244 1308 2263 “
1333 2245 1437 2286 iusta
1462 2255 1631 2298 causa„
1654 2244 1771 2286 cuins

135 2323 266 2354 canon
305 2311 514 2368 meminit)
548 2314 679 2355 omitti
715 2317 847 2369 potest
880 2311 1149 2368 Allisereatur,
1190 2319 1279 2368 ela,
1319 2319 1358 2357 et
1391 2315 1489 2357 satis
1521 2316 1600 2357 erit
1631 2313 1774 2357 dicere

137 2381 379 2436 (secundam
415 2394 539 2438 supra
574 2382 726 2426 dictam
762 2385 965 2440 integram
1001 2383 1202 2440 partem):
1241 2383 1443 2427 Dominus
1483 2389 1624 2427 noster
1655 2382 1773 2427 Iesus

140 2451 351 2504 Christus,
384 2457 458 2497 ete.
494 2457 535 2495 ut
569 2465 693 2509 supra
729 2466 858 2510 usque
891 2453 941 2497 ad
977 2453 1108 2497 illud:
1137 2452 1283 2497 Passio
1312 2453 1473 2497 domini
1505 2454 1653 2510 nostri,
1687 2460 1760 2498 elo.

139 2549 190 2553 -
216 2522 274 2566 De
296 2534 376 2580 qua
408 2527 544 2566 tamen
570 2526 688 2566 tertia
713 2529 828 2580 parte
851 2526 907 2567 ait
932 2523 976 2568 D.
997 2523 1176 2568 Thomas
1199 2523 1214 2546 ³
1242 2540 1265 2566 <‹
1287 2529 1326 2568 et
1344 2524 1447 2568 haec
1472 2525 1634 2582 (opera)
1658 2538 1768 2582 quae

139 2597 302 2649 praeter
324 2595 621 2636 iniunctionem
646 2607 887 2650 expressam
913 2593 1299 2651 (poenitens)vsacit,
1322 2597 1531 2650 accipiunt
1566 2597 1767 2638 maiorem

142 2665 224 2706 vim
258 2665 505 2720 expiationis
538 2663 685 2720 culpae
719 2667 965 2720 praeteritae
983 2678 1033 2708 ex
1068 2664 1136 2708 illa
1170 2664 1354 2721 generali
1385 2666 1652 2717 iniunctione,
1684 2677 1763 2722 qua

136 2733 331 2778 sacerdos
364 2733 486 2777 dicit:
522 2733 727 2791 quidquid
759 2734 855 2778 boni
885 2734 1052 2792 sceeri&
1077 2739 1154 2780 etc.
1178 2735 1227 2779 Et
1250 2740 1449 2793 quantum
1484 2735 1534 2779 ad
1569 2735 1647 2779 hoc
1669 2735 1763 2779 talis

232 2853 242 2875 1
272 2852 387 2888 Prov.
419 2852 464 2893 V,
493 2853 551 2886 22.
582 2872 623 2877 —-
651 2852 665 2874 ²
690 2853 746 2887 Ib.
776 2853 824 2887 ad
849 2853 912 2890 3¹¹¹.
938 2872 981 2880 —
1007 2854 1022 2875 3
1049 2853 1275 2896 Quodlibet.
1304 2853 1376 2888 III.
1405 2858 1481 2888 art.
1509 2853 1566 2888 28.
