1971 3261
247 155 315 189 648
642 153 726 187 LIB.
754 153 826 186 ΙΙΙ.
857 172 868 178 -
895 152 1006 187 PARS
1031 152 1063 186 Ι.
1091 172 1105 177 -
1129 151 1188 187 De
1211 152 1477 187 Sacramentis
1659 153 1752 189 Gan.
1780 154 1874 189 1099
1940 188 1942 190 .

245 286 293 316 ac
325 272 599 316 deliberatam
639 271 907 327 voluntatem,
943 276 1110 328 propter
1142 284 1267 329 quam
1302 274 1504 315 rationem
1539 277 1663 331 atque
1686 272 1738 317 ob
1760 278 1873 330 pate-

246 344 395 386 factam
433 342 688 386 voluntatem
726 344 764 384 in
799 353 957 385 canone
993 346 1035 385 ut
1068 344 1331 386 matrimonia
1365 342 1417 386 ab
1452 342 1514 386 his
1546 348 1774 397 contracta,
1801 346 1870 402 qui

246 426 469 470 numquam
505 412 807 456 subiectionem
842 425 940 469 erga
975 412 1202 456 Ecclesiam
1238 413 1410 469 professi
1434 418 1543 468 sunt,
1561 416 1650 457 sine
1673 417 1871 458 canonica

245 486 373 527 forma
409 483 589 537 valeant,
625 485 949 539 interpretamur
995 486 1054 527 sic
1102 483 1201 526 illud
1235 483 1276 542 §³
1310 483 1348 527 2¹
1387 499 1410 525 «
1432 486 1594 541 quoties
1628 498 1722 528 cum
1757 489 1873 542 parte

244 553 472 598 acatholica
505 555 833 597 contraxerint»
871 554 1048 597 scilicet:
1083 567 1176 597 cum
1204 559 1318 611 parte
1341 568 1421 597 non
1451 554 1654 599 catholica
1679 545 1870 599 actu'etsi

243 625 295 669 ob
329 625 615 668 desectionem.
653 625 830 682 ldeoque
864 630 1002 668 manet
1037 627 1187 669 intacta
1212 626 1347 683 quoad
1375 630 1548 682 partem,
1571 631 1634 669 ast
1666 626 1874 682 generalis

243 709 315 752 pro
348 694 541 739 omnibus
575 695 675 738 locis
710 697 922 751 responsio
956 696 1007 739 de
1040 700 1116 739 art.
1139 694 1193 738 Xl
1219 695 1333 740 Dec.¹
1362 695 1465 740 «Ne
1500 700 1721 749 temere»,
1745 710 1868 755 quam

243 766 358 809 dedit
390 767 428 809 S.
462 764 612 822 Congr.
647 764 819 809 Concilii
845 766 873 809 ¹.
913 781 933 807 <t
957 764 1003 809 V.
1035 765 1142 809 Num
1179 768 1216 808 in
1254 766 1431 822 lmperio
1453 764 1702 810 Germaniae
1735 766 1872 811 catho-

245 837 311 880 lici
330 839 398 894 qui
417 837 467 879 ad
487 842 641 880 sectam
678 836 930 880 haereticam
967 836 1030 880 vel
1064 836 1372 880 schismaticam
1399 839 1665 893 transierunt,
1688 837 1751 881 vel
1775 851 1872 882 con-

247 910 353 951 versi
388 907 437 950 ad
473 907 595 950 tidem
630 907 876 951 catholicam
912 907 964 951 ab
997 920 1044 951 ea
1080 913 1218 964 postea
1253 909 1509 962 defecerunt,
1532 911 1656 952 etiam
1682 911 1720 951 in
1756 911 1869 953 iuve-

244 979 313 1022 nili
350 978 435 1034 (vel
470 978 642 1022 infantili
677 979 847 1037 aetate),
880 980 931 1022 ad
969 979 1107 1023 valide
1140 993 1233 1023 cum
1271 992 1444 1036 persona
1469 979 1674 1024 catholica
1708 985 1870 1024 contra-

243 1049 423 1093 hendum
458 1048 658 1093 adhibere
681 1048 860 1093 debeant
884 1051 1056 1093 formam
1083 1053 1121 1093 in
1147 1050 1265 1096 Dec.⁰
1294 1066 1314 1092 «
1338 1050 1397 1094 Ne
1432 1056 1587 1094 temere
1609 1066 1632 1091 ›>
1659 1055 1870 1106 statutam,

242 1122 294 1164 ita
328 1120 487 1164 scilicet
521 1124 562 1163 ut
594 1120 842 1164 contrahere
874 1121 1054 1165 debeant
1086 1135 1226 1165 coram
1262 1122 1442 1179 parocho
1466 1127 1506 1165 et
1538 1122 1702 1166 duobus
1724 1122 1868 1166 saltem

241 1190 425 1235 testibus.
463 1217 513 1221 —
550 1190 597 1234 Et
628 1195 834 1249 quatenus
857 1192 1121 1237 affirmative.
1144 1219 1196 1223 —
1226 1191 1288 1238 Vl.
1314 1192 1375 1236 An
1401 1195 1568 1236 attentis
1591 1192 1873 1250 peculiaribus

240 1264 563 1306 circumstantiis
598 1264 635 1305 in
674 1263 850 1319 lmperio
884 1262 1132 1307 Germaniae
1155 1263 1428 1308 existentibus
1451 1269 1681 1321 opportuna
1705 1264 1869 1321 dispen-

238 1335 395 1376 satione
429 1333 640 1389 provideri
675 1334 891 1390 oporteat?
917 1349 939 1375 ›>
977 1334 1283 1391 Responsiones
1322 1335 1489 1378 fuerunt
1551 1335 1658 1378 «Ad
1698 1333 1726 1377 V
1760 1334 1870 1378 affir-

243 1406 407 1449 mative.
444 1404 505 1447 Ad
533 1403 581 1447 Vl
616 1407 824 1461 negative,
845 1405 1023 1463 ideoque
1046 1410 1238 1449 servetur
1262 1405 1482 1449 Decretum
1512 1405 1615 1450 «Ne
1650 1411 1851 1449 temere»

360 1509 396 1544 ln
450 1509 550 1545 Dec.0
580 1509 664 1546 «Ne
690 1515 854 1546 temere»
885 1511 929 1546 ad
959 1511 1209 1558 praescriptum
1250 1519 1347 1547 can.S
1382 1522 1486 1557 quem
1524 1516 1804 1547 commentamur
1833 1512 1870 1547 in

242 1573 260 1610 ξ
292 1569 319 1610 l,
337 1569 424 1605 n.⁶.).0
448 1569 607 1604 additum
634 1574 726 1606 erat:
760 1584 774 1602 (ι
796 1570 863 1605 nisi
895 1582 953 1617 pro
979 1571 1097 1616 aliquo
1124 1571 1323 1617 particulari
1357 1571 1430 1606 loco
1463 1575 1523 1606 aut
1557 1571 1700 1616 regione
1725 1571 1826 1606 aliter
1851 1582 1871 1607 a
1919 1601 1927 1608 .

242 1627 277 1663 S.
307 1626 394 1663 Sede
420 1628 464 1662 sit
490 1633 660 1663 statutum
683 1642 715 1670 »‚
743 1630 835 1675 quod
863 1634 980 1675 utpote
1010 1643 1025 1662 «
1045 1629 1098 1665 lex
1126 1629 1347 1676 particularis
1373 1631 1449 1676 (pro
1480 1629 1673 1666 Germania
1707 1635 1740 1666 et
1773 1629 1871 1665 Hun-

241 1687 338 1731 garia
375 1691 407 1722 et
445 1688 602 1722 restricta
642 1698 701 1733 per
740 1687 998 1724 Declarationes
1025 1687 1061 1724 S.
1091 1688 1219 1734 Cong.⁵
1246 1687 1380 1724 C0n0.2
1406 1694 1439 1724 et
1466 1687 1502 1724 S.
1532 1688 1655 1734 Cong.s
1681 1689 1723 1725 de
1748 1688 1870 1725 Sacra-

244 1745 384 1785 mentis)
403 1746 416 1768 3
444 1746 667 1792 praescriptis
694 1747 799 1782 huius
825 1746 962 1783 Codicis
987 1748 1157 1794 opposita,
1187 1748 1387 1793 abrogatur,
1409 1759 1488 1783 cum
1508 1748 1603 1784 aliud
1622 1759 1781 1794 expresse
1799 1759 1869 1783 nou

240 1809 435 1840 caveatur»
467 1810 559 1847 (can.
590 1805 622 1847 6,
654 1806 716 1850 10),
744 1817 834 1852 quae
859 1806 1036 1852 abrogatio
1062 1807 1131 1842 iam
1158 1806 1354 1842 desiderata
1382 1807 1493 1842 fuerat
1519 1807 1679 1853 explicite
1697 1807 1733 1841 in
1752 1807 1872 1853 aliqua

243 1863 481 1900 Declaratione
507 1863 541 1899 S.
569 1863 760 1911 Cougreg.S
777 1877 819 1901 ac
840 1866 1141 1912 praedisponenda
1162 1877 1221 1912 per
1240 1865 1438 1912 Episcopos,
1461 1870 1497 1901 ut
1514 1866 1723 1912 exprimitur
1740 1866 1870 1902 ibidem

243 1922 286 1957 ad
310 1930 461 1961 mentem.

359 1982 613 2020 Declarationes
629 1989 711 2020 sunt
726 1990 932 2030 sequentes:
961 1984 993 2029 (l
1018 1984 1113 2020 Febr.
1138 1983 1241 2029 1908,
1261 1986 1346 2020 Acta
1364 1983 1400 2020 S.
1420 1983 1533 2028 Sedis,
1556 1985 1621 2021 vol.
1636 1984 1721 2027 XLI.
1740 1997 1770 2031 p.
1793 1984 1870 2030 108)

242 2040 424 2076 «Dubium
452 2042 506 2078 lV.
533 2044 586 2078 An
613 2044 677 2079 sub
704 2042 854 2083 art.=Xl,
883 2048 902 2086 ξ
929 2043 966 2078 20
993 2044 1028 2078 in
1055 2044 1259 2090 exceptione
1284 2043 1475 2079 enunciata
1513 2043 1583 2078 illis
1618 2044 1731 2079 verbis
1769 2044 1865 2079 ‹nisi

241 2111 299 2145 pro
325 2101 441 2146 aliquo
470 2103 665 2147 particulari
695 2103 766 2138 loco
791 2108 851 2138 aut
876 2103 1018 2147 regione
1043 2103 1144 2139 aliter
1169 2114 1189 2138 a
1216 2102 1252 2138 S.
1283 2102 1371 2138 Sede
1397 2103 1441 2137 sit
1474 2107 1678 2138 statutum»
1709 2114 1869 2149 compre-

244 2159 415 2195 hendatur
440 2162 684 2197 tantummodo
703 2161 824 2198 Const.
850 2176 865 2194 «
888 2161 1035 2197 Provida
1055 2176 1070 2195 »
1094 2162 1142 2197 Pii
1164 2162 1225 2197 PP.
1245 2161 1295 2206 X3
1324 2173 1369 2197 an
1391 2162 1505 2208 potius
1525 2162 1871 2208 comprehendantur

241 2229 376 2264 quoque
402 2219 521 2254 Const.
553 2220 776 2256 Benedictina
801 2226 834 2256 et
859 2226 973 2257 cetera
998 2221 1168 2257 eiusmodi
1196 2221 1334 2256 indulta
1361 2221 1654 2267 impedimentum
1681 2221 1868 2257 clandesti-

244 2276 361 2312 nitatis
388 2278 620 2324 respicientia.
651 2280 702 2315 Ad
730 2279 784 2315 lv.
813 2279 1069 2326 Comprehendi
1098 2280 1342 2315 tantummodo
1369 2278 1520 2315 Const.m
1552 2278 1766 2315 «Provida»
1797 2290 1867 2315 non

240 2339 356 2371 autem
375 2338 621 2382 comprehendi
640 2338 709 2374 alia
727 2350 967 2385 quaecumque
985 2339 1136 2383 decreta,
1160 2339 1248 2374 facto
1267 2338 1370 2374 verbo
1389 2350 1467 2374 cum
1488 2337 1588 2374 Ssmo
1607 2343 1639 2374 et
1657 2337 1701 2373 ad
1718 2345 1868 2374 mentem.

359 2394 410 2429 ΙΙΙ.
429 2398 453 2430 4.
484 2396 572 2431 Num
599 2398 752 2443 exceptio
780 2409 839 2444 per
864 2397 982 2433 Gonst.
1010 2396 1153 2433 Provida
1180 2398 1215 2432 in
1244 2397 1436 2433 Germania
1456 2398 1610 2438 inducta,
1631 2397 1806 2433 censenda
1824 2397 1869 2432 sit
1928 2412 1938 2429 ς

242 2452 288 2487 uti
318 2464 410 2488 mere
437 2454 567 2495 localis,
595 2460 655 2490 aut
681 2456 785 2491 etiam
816 2457 1021 2502 personalis.

358 2512 408 2547 Ad
437 2512 489 2547 lll.
520 2513 760 2560 Exceptionem
790 2515 903 2551 valere
929 2517 1172 2551 tantummodo
1192 2527 1252 2562 pro
1270 2515 1363 2550 natis
1383 2515 1417 2549 in
1438 2514 1629 2551 Germania
1647 2515 1775 2551 ibidem
1796 2526 1867 2551 ma-

240 2564 443 2606 trimonium
470 2573 770 2613 contrahentibus,
804 2574 891 2609 facto
918 2574 1021 2609 verbo
1047 2585 1126 2609 curn
1154 2573 1267 2609 Ssrno.

361 2629 508 2665 Dubium
537 2631 559 2665 l.
585 2632 599 2653 ⁵
618 2630 705 2666 Num
732 2643 938 2678 responsum
966 2632 1001 2668 S.
1031 2631 1157 2678 Congr.
1187 2631 1226 2669 C.
1255 2633 1322 2668 diei
1362 2631 1406 2667 ⁶28
1446 2633 1560 2668 Martii
1602 2631 1692 2668 1908
1726 2633 1768 2668 ad
1804 2632 1864 2668 lll:

245 2703 259 2721 «
282 2688 523 2734 Exceptionem
551 2690 663 2725 valere
689 2692 933 2727 tantummodo
961 2703 1021 2738 pro
1048 2692 1141 2727 natis
1169 2692 1203 2726 in
1232 2691 1426 2727 Germania
1453 2692 1570 2738 ibique
1601 2692 1863 2727 matrimonium

359 2808 371 2829 1
401 2809 416 2841 1
445 2807 536 2841 Feb.
568 2808 670 2851 1908,
707 2809 807 2843 Acta
843 2810 880 2843 S.
911 2809 1033 2849 Sedis,
1061 2811 1139 2845 vol.
1168 2810 1272 2844 XLI.
1316 2830 1357 2836 -
1395 2811 1409 2833 ²
1437 2812 1455 2844 1
1483 2810 1575 2845 Feb.
1606 2810 1696 2844 1908
1721 2809 1769 2844 ad
1794 2809 1861 2853 IV,

240 2855 285 2888 28
311 2854 447 2888 Martii
475 2855 564 2889 1908
590 2855 637 2889 ad
664 2856 736 2899 ΙΙΙ,
764 2857 866 2901 apud
893 2858 992 2891 Acta
1019 2858 1054 2892 S.
1084 2857 1208 2899 Sedis,
1238 2857 1314 2892 vol.
1340 2857 1444 2892 XLI.
1476 2878 1519 2882 —
1545 2858 1560 2880 3
1587 2857 1629 2892 17
1656 2857 1730 2891 Iul.
1754 2857 1856 2898 1909,

241 2901 314 2936 CO.
342 2902 457 2936 1-516.
484 2923 530 2927 —
555 2903 569 2924 4
595 2903 640 2936 28
667 2903 779 2937 Mart.
810 2904 911 2938 1908.
941 2925 984 2929 —
1010 2905 1024 2927 5
1052 2906 1095 2939 17
1121 2904 1215 2939 Iulii
1245 2905 1348 2946 1909,
1379 2904 1453 2939 CO.
1479 2905 1498 2938 I
1524 2916 1560 2949 p.
1588 2904 1670 2939 516.
