1971 3261
107 149 200 186 Gan.
227 147 299 183 984
677 146 762 179 Txr.
797 145 858 179 VI.
889 165 901 170 -
929 146 985 180 De
1015 146 1160 180 Ordine
1668 146 1737 178 419

109 270 345 319 sessionum,
390 265 462 323 qui
505 264 586 307 rite
625 264 728 321 poni
768 271 956 321 possunt.
998 264 1045 307 Et
1078 271 1136 308 est
1174 265 1359 308 notanda-
1399 267 1588 321 exceptio
1624 265 1665 323 ξ*
1700 265 1736 307 2¹

112 343 216 382 cant
252 338 349 380 968.

231 407 357 451 Valde
404 407 763 451 animadvertatur
807 409 967 450 numeri
1015 407 1135 450 liuius
1185 407 1301 463 plena
1344 421 1437 451 cum
1487 410 1614 450 veteri
1650 410 1738 450 iure

108 480 393 536 congruentia.
430 479 600 534 Propter
632 478 710 521 hoc
733 480 842 521 enim
868 478 1081 520 doctrinae
1107 478 1333 521 Auctor-um
1361 478 1643 535 probatorum,
1667 481 1737 536 qui

109 551 152 603 a)
188 549 326 606 plures
359 551 545 606 corporis
563 549 750 592 defectus
774 553 989 591 recensent
1015 551 1068 591 uti
1093 551 1419 592 secumterentes
1446 549 1507 592 vel
1534 562 1611 592 non
1639 551 1738 592 irre-

110 619 392 677 gularitatem,
435 625 559 678 atque
593 619 629 672 b)
665 620 732 664 SS.
768 618 1046 662 Romanarum
1081 620 1260 675 (longi-¹¹².
1298 620 1663 676 iurisprudentiam
1700 622 1737 662 in

109 690 487 748 dispensationibus
510 690 790 735 concedendis
817 689 878 733 vel
904 703 1024 733 secus
1047 696 1089 736 a)
1117 704 1188 746 pro
1213 691 1447 734 defectuum
1475 703 1521 733 ac
1545 691 1738 734 ordinum

109 767 396 819 susceptorum
432 762 688 816 diversitate,
722 761 844 805 simul
880 766 917 804 et
953 760 995 810 b)
1029 765 1218 817 respectu
1245 761 1383 805 habito
1407 762 1456 805 ad
1484 762 1650 805 ordines
1671 766 1739 805 aut

109 833 396 890 suscipiendos
439 838 507 876 aut
552 832 822 887 exercendos,
868 832 919 875 de
954 831 1016 875 liis
1047 831 1240 875 omnibus
1274 832 1366 875 illae
1398 833 1612 875 doctrinae
1646 846 1738 876 cum

111 904 287 948 utilitate
322 918 400 947 non
438 917 564 960 parva
599 903 757 948 consuli
782 903 919 947 adhuc
938 908 1109 961 queunt.
1138 903 1246 946 Duos
1270 916 1389 947 casus
1414 906 1585 947 innuere
1610 903 1742 959 placet

112 989 161 1019 ex
195 974 354 1020 Comm.
389 975 552 1019 officiali
579 975 607 1020 ¹.

231 1062 352 1107 Quoad
386 1063 564 1098 ordinatos
598 1063 793 1098 sacerdotes
827 1062 911 1098 dicit
942 1061 1102 1098 Gelasius
1130 1062 1221 1109 Papa
1247 1066 1279 1098 ct
1307 1062 1452 1098 habetur
1479 1063 1513 1097 in
1545 1062 1694 1097 Decretis
1712 1063 1742 1097 2;

117 1139 132 1157 (ι
152 1126 340 1170 Praecepta
365 1134 542 1159 canonum
569 1123 697 1169 quibus
722 1123 955 1158 ecclesiastica
981 1122 1112 1167 regitur
1129 1122 1326 1168 disciplina,
1346 1122 1434 1157 sicut
1452 1122 1494 1157 ad
1514 1123 1741 1158 sacerdotium

112 1183 244 1219 debiles
270 1193 410 1229 corpore
437 1193 506 1217 non
535 1183 716 1228 patiuntur
743 1181 883 1218 venire:
911 1182 959 1217 ita
983 1186 1017 1217 et
1043 1181 1069 1215 si
1097 1181 1176 1227 quis
1203 1181 1239 1215 in
1265 1192 1304 1216 eo
1332 1181 1433 1216 fuerit
1459 1181 1679 1222 constitutus,
1705 1192 1744 1216 ac

113 1248 197 1278 tunc
232 1242 336 1277 fuerit
370 1241 556 1282 sauciatus,
591 1241 702 1276 amitti
737 1241 781 1276 ab
807 1252 848 1277 eo
874 1252 943 1276 non
973 1245 1096 1287 potest,
1125 1241 1217 1287 quod
1244 1245 1398 1286 tempore
1424 1251 1506 1276 suae
1533 1241 1744 1276 sinceritatis

113 1301 291 1348 accepit».
320 1299 419 1345 Quod
447 1300 497 1336 sic
522 1300 652 1346 optime
678 1311 700 1336 a
725 1299 765 1335 D.
795 1299 928 1335 Thoma
946 1300 1139 1346 explicatur
1157 1300 1191 1333 ³:
1217 1299 1453 1341 «dicendum,
1475 1300 1564 1345 quod
1585 1299 1746 1334 debilitas

114 1361 166 1397 vel
192 1360 372 1406 aegritudo
397 1360 648 1406 superveniens
675 1360 787 1395 ordini
816 1359 1021 1395 sacerdotali
1049 1359 1209 1395 ordinem
1236 1369 1306 1394 non
1334 1359 1443 1403 tollit;
1478 1358 1745 1404 exequutionem

113 1425 231 1456 tamen
242 1419 375 1456 ordinis
390 1419 535 1465 impedit
551 1423 723 1465 quantum
739 1419 782 1454 ad
797 1419 1096 1454 consecrationem
1113 1417 1362 1459 Eucharistiae,
1381 1417 1590 1463 quandoque
1606 1417 1745 1463 quidem

116 1484 254 1527 propter
279 1478 596 1525 impossibilitatem
624 1478 880 1524 exequutionis,
908 1478 998 1513 sicut
1016 1477 1043 1512 si
1065 1478 1221 1524 privetur
1234 1477 1356 1518 oculis
1376 1482 1435 1512 aut
1450 1477 1585 1521 digitis,
1605 1481 1664 1512 aut
1684 1488 1747 1512 usu

115 1539 274 1584 linguae;
293 1538 502 1585 quandoque
520 1542 636 1573 autem
660 1541 798 1584 propter
819 1536 1025 1583 periculum,
1043 1537 1133 1572 sicut
1152 1541 1245 1583 patet
1259 1537 1302 1572 de
1315 1547 1353 1572 eo
1368 1536 1426 1582 qui
1445 1537 1573 1582 patitur
1587 1535 1747 1571 morbum

115 1598 298 1638 caducum,
330 1598 382 1633 vel
408 1597 513 1633 etiam
540 1608 802 1643 quamcumque
827 1596 1076 1632 alienationem
1105 1596 1255 1632 mentis:
1285 1596 1494 1642 quandoque
1514 1600 1651 1641 propter
1668 1595 1748 1630 abo-

117 1658 361 1702 minationem,
391 1657 480 1693 sicut
508 1661 601 1703 patet
627 1656 669 1692 de
696 1657 844 1703 leproso,
873 1656 931 1702 qui
960 1667 1030 1691 non
1057 1655 1159 1692 debet
1186 1655 1323 1702 publice
1349 1655 1522 1690 celebrare
1541 1667 1579 1696 »;
1601 1658 1688 1700 (arg.
1709 1665 1747 1690 ex

115 1729 166 1754 cc.
196 1716 215 1752 3
241 1721 275 1753 et
301 1716 320 1751 4
348 1717 389 1752 de
415 1716 541 1752 clerico
566 1718 834 1761 aegrotante...)
863 1730 877 1748 α
901 1720 1010 1762 potest
1037 1720 1153 1751 tamen
1183 1715 1326 1749 missam
1353 1715 1466 1750 dicere
1500 1714 1643 1753 occulte.
1682 1714 1748 1748 nisi

116 1777 213 1824 lepra
237 1776 323 1812 adeo
349 1776 548 1818 invaluerit,
575 1776 669 1822 quod
699 1786 759 1822 per
785 1775 1017 1811 corrosionem
1046 1774 1283 1810 membrorum
1311 1785 1390 1810 eum
1417 1774 1459 1809 ad
1481 1773 1542 1809 boc
1563 1773 1751 1808 reddiderit

117 1837 344 1883 impotentem
366 1849 396 1869 υ.
427 1834 466 1870 Et
493 1834 578 1870 haec
604 1834 796 1870 infirmitas
824 1834 879 1869 bic
904 1834 1048 1870 affertur
1073 1838 1253 1880 tamquam
1281 1833 1492 1878 exemplum,
1514 1832 1675 1877 idemque
1689 1831 1747 1866 alii

117 1895 325 1941 cuicumque
351 1895 470 1930 morbo
496 1893 730 1929 abominabili
757 1893 1008 1940 applicandum
1035 1898 1135 1929 esset.

232 1972 334 2015 340.
371 1974 443 2017 Ex
476 1973 671 2018 defectu
709 1974 902 2018 mentis.
939 1997 994 2004 —
1037 1969 1095 2014 De
1135 1969 1281 2014 morbo
1319 1970 1477 2013 caduco
1519 1970 1750 2025 mentisque

118 2043 380 2097 alienatione,
415 2055 521 2100 quae
554 2042 601 2085 D.
635 2042 814 2086 Thomas
848 2047 1117 2096 memoratur,
1141 2040 1343 2084 habemus
1366 2052 1457 2084 can.
1486 2040 1501 2082 l
1530 2052 1653 2082 causa
1684 2037 1750 2082 Vll

119 2128 156 2172 q.
192 2113 223 2157 ll
259 2119 298 2157 et
331 2113 469 2157 Alex.⁰
503 2113 537 2156 lt
570 2113 823 2159 inscribitur.
864 2112 1015 2166 «Quia
1052 2126 1149 2156 vero
1184 2112 1358 2168 languor
1397 2110 1549 2168 (morbi
1588 2110 1751 2162 caduci)

121 2187 160 2229 in
193 2185 315 2242 culpa
348 2198 428 2228 non
462 2189 535 2240 est,
566 2198 692 2241 super
725 2184 802 2229 hac
836 2198 880 2228 re
913 2186 1169 2228 auctoritatis
1203 2188 1366 2225 nostrae
1401 2182 1569 2225 decreto
1603 2194 1750 2225 consu-

120 2256 242 2301 lendo
260 2255 587 2300 deliberavimus
609 2271 649 2297 ».
674 2255 899 2300 Decretum
922 2260 984 2299 est
1007 2268 1119 2311 ergo,
1144 2268 1215 2297 seu
1235 2253 1453 2297 consilium
1475 2253 1748 2295 reverentiae.

125 2343 148 2369 «
170 2325 434 2371 Consulimus
467 2329 620 2384 itaque,
655 2330 697 2370 ut.
729 2328 760 2370 si
796 2327 1036 2384 frequenter
1070 2325 1146 2367 hoc
1175 2323 1317 2367 morbo
1343 2325 1540 2379 tangitur,
1563 2321 1614 2365 ab
1638 2320 1750 2364 obla-

121 2400 244 2452 tione,
279 2403 319 2441 ot
353 2400 574 2441 missarum
607 2397 888 2442 celebratione
923 2397 1055 2440 modis
1088 2394 1280 2439 omnibus
1315 2393 1596 2449 prohibeatur.
1632 2392 1749 2435 lude-

122 2481 221 2512 cens
258 2471 367 2512 enim
408 2473 482 2520 est,
522 2473 561 2512 et
599 2468 895 2525 periculosum,
936 2472 978 2511 ut
1017 2470 1055 2510 in
1095 2467 1408 2510 consecratione
1450 2463 1752 2517 Eucharistiae,

123 2539 268 2584 morbo
306 2542 440 2583 victus
471 2539 692 2597 epileptico
725 2539 845 2583 cadat
869 2556 908 2584 ».
943 2538 1055 2582 Haec
1092 2539 1194 2581 ratio
1227 2536 1374 2579 eadem
1408 2535 1667 2579 indecentiae
1705 2546 1753 2577 ac

123 2610 296 2667 periculi
331 2623 424 2654 cum
461 2623 539 2653 non
575 2612 711 2654 minus
745 2612 784 2654 in
825 2612 974 2653 mentis
1012 2609 1260 2652 alienatione
1299 2619 1347 2649 ex
1389 2605 1589 2649 habituali
1628 2616 1752 2648 causa

126 2681 380 2735 verificetur,
419 2683 543 2724 etiam
582 2694 714 2725 canon
754 2683 840 2738 ipse
880 2680 977 2723 huic
1018 2678 1161 2722 morbo
1201 2676 1447 2734 applicatur.
1489 2676 1754 2733 Prosequitur

243 2811 255 2832 1
283 2811 321 2844 S.
351 2810 393 2845 G.
422 2810 505 2845 Rit.
534 2811 754 2845 Instructio
781 2810 859 2844 diei
881 2810 921 2843 12
942 2808 1025 2843 Ian.
1051 2808 1152 2845 1921.
1175 2806 1251 2842 CO.
1273 2806 1386 2846 XIII,
1410 2806 1476 2840 154
1491 2810 1530 2840 et
1551 2805 1585 2839 S.
1607 2805 1751 2848 Congr.

126 2857 172 2892 de
199 2857 293 2892 diso.
323 2857 493 2892 Sacram.
522 2858 721 2892 Dioecesis
747 2858 791 2893 L.
823 2858 839 2890 1
868 2856 943 2890 Iul.
975 2856 1078 2898 1918,
1109 2854 1185 2889 CO.
1214 2854 1329 2897 XIII,
1356 2855 1438 2889 437.
1456 2854 1528 2879 ——2
1554 2853 1657 2886 Dist.
1687 2851 1754 2885 LV

127 2916 209 2950 cap.
241 2906 294 2940 12.
322 2924 364 2931 —
391 2906 406 2928 3
430 2905 452 2940 3
478 2905 584 2940 Part.
610 2918 646 2950 q.
677 2903 870 2939 LXXXII
897 2908 970 2939 art.
998 2903 1042 2936 10
1068 2901 1116 2936 ad
1143 2901 1206 2936 3¹²¹.
