1971 3261
662 323 880 388 LIBER
923 322 1232 387 TuRTIUS

770 471 860 521 DE
900 470 1124 521 REssUs

540 704 875 762 (CANONEs
926 702 1345 759 GENERALEs)

173 832 256 867 CAN.
283 829 364 865 726.
394 850 410 857 -
440 829 504 865 Res
526 829 568 865 de
587 827 715 874 quibus
734 827 770 861 in
789 827 852 861 hoc
872 826 909 860 li-

124 880 187 916 bro
213 879 328 924 agitur
354 888 513 924 quaeque
531 876 675 912 totidem
696 874 812 910 media
830 878 912 908 sunt

120 927 167 963 ad
190 926 361 962 Ecclesiae
381 925 486 960 finem
505 922 807 968 consequendum⁷
824 921 913 956 aliae

121 979 208 1010 sunt
234 972 445 1020 spirituales,
464 972 554 1008 aliae
572 969 793 1016 temporales,
823 968 913 1004 aliae

124 1022 266 1057 mixtae.

173 1068 257 1104 CAN.
285 1067 365 1102 727.
396 1087 419 1093 -
446 1070 465 1113 ᾗ
494 1066 523 1101 l.
550 1064 713 1101 studiosa
753 1063 914 1098 voluntas

121 1116 264 1153 emendi
293 1114 345 1150 vel
374 1113 547 1149 vendendi
577 1123 637 1159 pro
656 1111 764 1157 pretio
782 1116 913 1157 tempo-

125 1163 189 1199 rali
217 1174 289 1199 rem
318 1162 507 1197 intrinsece
525 1159 757 1207 spiritualem.
773 1169 826 1193 ex.
847 1169 911 1203 gr„

122 1210 366 1251 Sacramenta,
393 1208 665 1245 ecclesiasticam
705 1205 913 1241 iurisdictio-

126 1269 221 1294 nem.
238 1257 548 1296 consecrationem,
567 1253 819 1299 indulgentias,
838 1257 914 1294 etc.‚

126 1306 178 1341 vel
206 1316 278 1340 rem
307 1303 533 1350 temporalem
570 1302 618 1337 rei
657 1300 830 1347 spirituali
858 1300 915 1335 ad·

126 1363 251 1388 nexam
282 1351 326 1386 ita
354 1356 392 1386 ut
419 1361 473 1386 res
500 1348 703 1395 temporalis
721 1348 799 1383 sine
817 1347 915 1393 spiri·

124 1399 210 1435 tuali
239 1398 336 1434 nullo
364 1398 466 1433 modo
491 1407 565 1433 esse
594 1395 714 1442 possit,
755 1405 808 1430 ex.
843 1406 913 1439 gr„

125 1446 339 1483 beneficium
365 1444 652 1483 ecciesiasticum,
679 1447 762 1486 ete,
782 1446 842 1478 aut
861 1452 914 1477 res

122 1493 319 1541 spiritualis
345 1493 389 1528 sit
426 1492 615 1535 obiectum,
654 1490 717 1526 etsi
760 1489 915 1536 partiale,

123 1545 337 1580 contractus
366 1551 418 1576 ex.
445 1551 511 1585 gn,
542 1537 757 1575 consecratio
776 1538 812 1572 in
832 1536 914 1572 cali-

121 1590 174 1625 cis
200 1588 392 1624 consecrati
422 1587 635 1630 venditione,
676 1589 727 1621 est
763 1585 912 1620 simonia

126 1637 212 1672 iuris
239 1635 364 1671 divini.

172 1688 192 1726 ξ
220 1683 252 1718 ’2.
286 1683 372 1718 Dare
400 1693 478 1717 vero
502 1692 556 1717 res
582 1681 791 1728 temporales
817 1679 915 1726 spiri-

124 1731 210 1767 tuali
237 1731 392 1766 adnexas
433 1740 492 1776 pro
530 1728 783 1774 temporalibus
814 1727 916 1773 spiri-

123 1778 210 1814 tuali
229 1778 384 1818 adnexis
405 1777 458 1812 vel
477 1787 530 1812 res
548 1775 748 1822 spirituales
769 1785 828 1822 pro
847 1774 916 1820 spi-

124 1825 326 1867 ritualibus,
344 1825 395 1861 vel
412 1824 518 1860 etiam
534 1824 743 1869 temporales
761 1833 819 1869 pro
834 1827 917 1857 tem-

127 1873 318 1920 poralibus,
337 1873 364 1907 si
386 1871 418 1907 id
438 1872 481 1907 ob
510 1871 703 1917 periculum
724 1871 915 1906 irreveren-

124 1921 194 1957 tiae
213 1931 293 1965 erga
312 1931 366 1956 res
387 1918 587 1966 spirituales
605 1919 649 1954 ab
669 1918 819 1954 Ecclesia
840 1928 916 1963 pro-

127 1968 303 2008 hibeatur,
344 1972 395 2003 est
433 1966 585 2013 simonia
627 1967 714 2002 iuris
756 1965 916 2001 ecclesia-

126 2015 219 2050 stici.

175 2062 262 2098 CAN.
294 2060 373 2096 728.
405 2082 422 2087 -
452 2061 538 2097 Cum
559 2061 601 2096 de
619 2060 772 2096 simonia
785 2060 914 2105 agitur,

124 2109 440 2156 emptiossvenditiQ
476 2107 698 2155 permutatio,
734 2112 815 2149 etc.‚
851 2107 917 2143 late

124 2157 352 2204 accipiendae
378 2161 462 2192 sunt
490 2167 549 2202 pro
587 2155 744 2202 qualibet
769 2166 915 2191 conven-

127 2204 235 2248 tione,
267 2204 344 2240 licet
379 2205 422 2240 ad
449 2203 611 2239 effectum
647 2214 717 2238 non
753 2203 914 2245 deducta,

123 2252 233 2288 ctiam
261 2252 377 2287 tacita.
410 2252 445 2285 in
473 2261 541 2297 qua
560 2250 694 2286 scilicet
711 2251 853 2285 animus
873 2250 917 2284 si-

987 825 1167 860 moniacus
1205 834 1364 869 expresse
1404 833 1472 857 non
1514 821 1772 862 manifestetur,

985 872 1043 908 sed
1070 883 1110 907 ex
1137 869 1413 907 circumstantiis
1440 869 1634 913 colligatur.

1035 919 1117 955 CAN.
1137 918 1219 953 729.
1240 939 1255 943 -
1275 916 1397 952 Firmis
1418 916 1538 962 poenis
1556 916 1592 950 in
1607 916 1773 951 simonia-

986 978 1045 1002 cos
1073 967 1146 1002 iure
1172 965 1325 1006 statutis,
1354 968 1555 999 contractus
1581 963 1654 1009 ipse
1674 963 1775 998 simo-

988 1014 1110 1049 niacus
1137 1018 1182 1055 et,
1211 1013 1238 1047 si
1259 1012 1411 1047 simonia
1428 1011 1670 1046 committatur
1682 1010 1774 1046 circa

988 1061 1170 1102 beneficia,
1188 1060 1312 1100 officia,
1333 1058 1537 1104 dignitates,
1557 1058 1776 1104 subsequens

988 1109 1138 1155 provisio
1163 1108 1259 1143 omni
1288 1107 1318 1141 vi
1346 1110 1452 1149 caret,
1482 1106 1560 1141 licet
1578 1105 1729 1141 simonia
1755 1116 1775 1140 a

987 1156 1089 1192 tertia
1115 1166 1265 1202 persona
1291 1153 1475 1189 commissa
1517 1153 1633 1195 fuerit,
1668 1153 1774 1188 etiam

988 1203 1099 1239 inscio
1126 1203 1274 1249 proviso,
1300 1200 1490 1236 dummodo
1526 1200 1588 1235 hoc
1618 1211 1687 1236 non
1717 1200 1774 1235 fiat

988 1252 1023 1285 in
1054 1251 1210 1286 fraudem
1229 1249 1385 1285 eiusdem
1405 1248 1532 1294 provisi
1551 1252 1611 1282 aut
1641 1258 1680 1283 eo
1697 1258 1778 1282 con-

988 1298 1196 1333 tradicente.
1226 1298 1363 1340 Quare:

1039 1345 1073 1379 10
1111 1345 1201 1380 Ante
1240 1343 1434 1390 quamlibet
1472 1342 1597 1377 iudicis
1635 1346 1775 1378 senten-

988 1393 1072 1428 tiam
1101 1403 1154 1428 res
1181 1391 1372 1427 simoniace
1398 1391 1479 1425 data
1505 1394 1538 1425 et
1564 1394 1715 1436 accepta,
1747 1389 1773 1423 si

988 1440 1219 1476 restitutionis
1234 1439 1278 1473 sit
1292 1449 1400 1484 capax
1416 1448 1480 1473 nec
1494 1437 1606 1473 obstet
1620 1447 1777 1472 reveren-

990 1488 1037 1523 tia
1063 1488 1110 1523 rei
1138 1486 1312 1533 spirituali
1341 1485 1469 1526 dehita,
1495 1484 1630 1520 restitui
1658 1484 1773 1525 debet,

988 1540 1021 1571 et
1040 1535 1262 1574 beneficium,
1277 1533 1441 1573 officium,
1456 1532 1611 1577 dignitas
1625 1532 1753 1567 dimitti
1767 1544 1773 1576 3

1036 1582 1073 1616 ⁶20
1100 1581 1299 1618 Simoniace
1327 1581 1484 1627 provisus
1512 1590 1580 1615 non
1610 1579 1692 1615 facit
1712 1579 1778 1614 fru-

988 1635 1064 1666 ctus
1091 1641 1191 1671 suos;
1221 1629 1311 1675 quod
1340 1630 1367 1662 si
1395 1639 1452 1664 eos
1479 1627 1569 1663 bona
1597 1626 1664 1662 fide
1701 1637 1774 1673 pcr-

988 1678 1129 1724 ceperit,
1157 1676 1364 1724 prudentiae
1383 1675 1508 1711 iudicis
1527 1674 1579 1710 vel
1595 1672 1775 1710 Ordinarii

991 1725 1204 1773 permittitur
1231 1725 1362 1759 fructus
1383 1727 1559 1769 perceptos
1577 1733 1616 1758 ex
1636 1726 1706 1757 toto
1725 1722 1777 1757 vel

988 1785 1028 1810 ex
1058 1778 1154 1819 parte
1179 1772 1291 1808 eidem
1323 1771 1534 1807 condonare.

1037 1821 1122 1857 em.
1152 1819 1231 1855 730.
1262 1841 1278 1845 -
1314 1818 1388 1854 Non
1428 1817 1575 1853 habetur
1609 1816 1775 1858 simonia,

990 1880 1069 1904 cum
1096 1868 1288 1914 temporale
1314 1867 1417 1902 datur
1444 1876 1515 1900 non
1552 1875 1611 1911 pro
1647 1875 1682 1900 re
1708 1864 1777 1910 spi-

990 1916 1122 1956 rituali,
1147 1915 1208 1951 sed
1234 1915 1311 1950 eius
1337 1913 1518 1949 occasione
1548 1923 1588 1947 ex
1625 1912 1713 1947 iusto
1740 1911 1778 1946 ti-

990 1964 1062 2000 tulo
1088 1974 1109 1999 a
1133 1963 1242 1998 saeris
1268 1960 1464 1998 canonibus
1499 1959 1551 1995 vel
1576 1970 1596 1994 a
1623 1959 1777 2004 legitima

990 2011 1246 2047 consuetudine
1271 2009 1471 2054 recognit03
1502 2008 1583 2043 item
1610 2017 1689 2041 cum
1717 2007 1776 2041 da-

991 2064 1047 2095 tur
1084 2069 1138 2094 res
1172 2057 1376 2104 temporalis
1416 2067 1475 2102 pro
1514 2066 1549 2090 rc
1583 2054 1778 2100 temporali,

991 2117 1079 2153 quae
1097 2110 1278 2151 tamquam
1298 2104 1495 2139 subiectum
1525 2101 1650 2137 habeat
1675 2102 1780 2137 adne-

992 2165 1073 2190 xum
1087 2153 1220 2199 aliquid
1236 2151 1430 2199 spirituale,
1446 2161 1499 2186 ex.
1517 2161 1580 2195 gr.,
1593 2149 1681 2184 calix
1697 2159 1777 2184 con-

991 2205 1159 2245 sacratus,
1181 2200 1370 2236 dummodo
1392 2198 1542 2245 pretium
1562 2208 1631 2232 non
1652 2207 1778 2241 augea-

991 2254 1047 2284 tur
1075 2253 1213 2295 propter
1238 2247 1409 2283 adnexam
1438 2256 1510 2281 rem
1541 2244 1774 2290 spiritualem.

163 2408 167 2413 ,
257 2360 291 2401 i.
326 2360 585 2415 Inscriptio
620 2360 752 2404 Libri
787 2361 836 2404 et
870 2359 1012 2414 primi
1046 2369 1276 2402 canones.
1313 2377 1336 2386 -
1372 2353 1597 2410 Postquam
1633 2353 1671 2394 in
1702 2350 1775 2394 (10-

126 2430 234 2474 dicis
269 2428 389 2473 Libro
422 2428 456 2472 ll
507 2430 676 2472 fuerunt
724 2428 952 2484 dispositae
1001 2439 1172 2470 normae
1220 2427 1448 2469 canonicae
1491 2423 1542 2467 de
1590 2423 1778 2479 personis

128 2500 315 2558 physicis
348 2513 396 2544 ac
432 2499 660 2543 moralibus
693 2503 733 2543 et
764 2501 876 2543 circa
910 2510 1052 2542 earum
1089 2499 1178 2541 iura
1212 2501 1252 2540 et
1296 2494 1571 2552 obligationes
1606 2505 1678 2549 pro
1716 2492 1775 2535 di-

133 2584 254 2615 verso
288 2573 474 2628 ipsarum
509 2570 645 2614 officio
678 2576 718 2614 et
751 2569 883 2627 gradu
920 2571 958 2612 iu
994 2567 1230 2613 hierarchia
1270 2566 1574 2617 ecclesiastica3
1624 2568 1662 2607 et
1714 2575 1778 2606 re-

130 2644 268 2685 missis
300 2641 351 2685 ad
388 2643 639 2698 posteriores
669 2641 796 2686 libros
830 2642 987 2684 normis
1020 2640 1072 2684 de
1097 2643 1298 2696 potestate
1322 2637 1537 2681 Ecclesiae
1561 2640 1645 2678 tum
1675 2633 1777 2691 iudi-

128 2713 223 2757 ciali
260 2717 346 2756 tum
382 2714 622 2765 coen-cniva,
656 2724 704 2756 ac
738 2712 899 2756 iuribus
932 2716 971 2755 et
1020 2709 1345 2767 obligationibus
1388 2721 1482 2751 cum
1535 2706 1778 2750 alterutrius

127 2785 331 2827 exercitio
366 2785 589 2838 connexis;
624 2796 803 2841 sequens
836 2781 961 2826 Liber
991 2782 1142 2825 tertius
1187 2779 1428 2824 inscribitur
1476 2777 1532 2820 De
1562 2776 1698 2825 rebus,
1738 2777 1775 2818 in

126 2867 233 2912 quas
268 2867 418 2911 nempe
453 2858 632 2911 potestas
665 2853 878 2898 Ecclesiae
914 2853 1078 2911 publica
1114 2851 1355 2895 extenditur
1390 2849 1635 2906 praesertim
1665 2846 1778 2902 leges

217 2943 311 2973 BLAT
339 2960 357 2966 -
384 2943 507 2973 Comm.
538 2945 623 2973 Text.
650 2943 725 2973 C'od.
752 2945 825 2973 Iar.
851 2943 919 2972 Can

927 2965 934 2972 ο

1677 2937 1689 2964 1
