<?xml version="1.0" encoding="UTF-8"?>
<!DOCTYPE html PUBLIC "-//W3C//DTD XHTML 1.0 Transitional//EN"
    "http://www.w3.org/TR/xhtml1/DTD/xhtml1-transitional.dtd">
<html xmlns="http://www.w3.org/1999/xhtml" xml:lang="en" lang="en">
 <head>
  <title>
</title>
<meta http-equiv="Content-Type" content="text/html;charset=utf-8" />
  <meta name='ocr-system' content='tesseract 3.04.00' />
  <meta name='ocr-capabilities' content='ocr_page ocr_carea ocr_par ocr_line ocrx_word'/>
</head>
<body>
  <div class='ocr_page' id='page_1' title='image "./p1commentariumte03blatuoft_0326.png"; bbox 0 0 1971 3261; ppageno 0'>
   <div class='ocr_carea' id='block_1_1' title="bbox 154 103 1782 143">
    <p class='ocr_par' dir='ltr' id='par_1_1' title="bbox 154 103 1782 143">
     <span class='ocr_line' id='line_1_1' title="bbox 154 103 1782 143; baseline -0.002 -1"><span class='ocrx_word' id='word_1_1' title='bbox 154 109 224 143; x_wconf 80' lang='lat'>312</span> <span class='ocrx_word' id='word_1_2' title='bbox 550 106 633 140; x_wconf 83' lang='lat' dir='ltr'><strong>LIB.</strong></span> <span class='ocrx_word' id='word_1_3' title='bbox 662 105 734 139; x_wconf 89' lang='lat' dir='ltr'><strong>III.</strong></span> <span class='ocrx_word' id='word_1_4' title='bbox 763 125 775 130; x_wconf 96' lang='lat'>—</span> <span class='ocrx_word' id='word_1_5' title='bbox 803 105 914 139; x_wconf 76' lang='lat' dir='ltr'>PARS</span> <span class='ocrx_word' id='word_1_6' title='bbox 940 104 970 138; x_wconf 85' lang='lat'>1.</span> <span class='ocrx_word' id='word_1_7' title='bbox 999 124 1010 130; x_wconf 98' lang='lat'>-</span> <span class='ocrx_word' id='word_1_8' title='bbox 1037 104 1094 139; x_wconf 87' lang='lat' dir='ltr'>De</span> <span class='ocrx_word' id='word_1_9' title='bbox 1124 104 1389 139; x_wconf 67' lang='lat' dir='ltr'>Sacramentis</span> <span class='ocrx_word' id='word_1_10' title='bbox 1501 103 1594 139; x_wconf 81' lang='lat' dir='ltr'>Can.</span> <span class='ocrx_word' id='word_1_11' title='bbox 1621 104 1782 139; x_wconf 79' lang='lat'>919-920</span> 
     </span>
    </p>
   </div>
   <div class='ocr_carea' id='block_1_2' title="bbox 206 165 843 176">
    <p class='ocr_par' dir='ltr' id='par_1_2' title="bbox 206 165 843 176">
     <span class='ocr_line' id='line_1_2' title="bbox 206 165 843 176; baseline 0 0"><span class='ocrx_word' id='word_1_12' title='bbox 206 165 843 176; x_wconf 95' lang='lat' dir='ltr'> </span> 
     </span>
    </p>
   </div>
   <div class='ocr_carea' id='block_1_3' title="bbox 150 221 1783 1046">
    <p class='ocr_par' dir='ltr' id='par_1_3' title="bbox 153 221 1779 496">
     <span class='ocr_line' id='line_1_3' title="bbox 155 221 1779 280; baseline -0.004 -8"><span class='ocrx_word' id='word_1_13' title='bbox 155 227 336 274; x_wconf 86' lang='lat' dir='ltr'>Omnino</span> <span class='ocrx_word' id='word_1_14' title='bbox 369 229 475 270; x_wconf 87' lang='lat' dir='ltr'>sicut</span> <span class='ocrx_word' id='word_1_15' title='bbox 508 229 546 268; x_wconf 89' lang='lat' dir='ltr'>in</span> <span class='ocrx_word' id='word_1_16' title='bbox 565 224 700 269; x_wconf 90' lang='lat' dir='ltr'>Const.</span> <span class='ocrx_word' id='word_1_17' title='bbox 732 225 954 279; x_wconf 85' lang='lat' dir='ltr'>«Sapienti</span> <span class='ocrx_word' id='word_1_18' title='bbox 979 223 1151 267; x_wconf 89' lang='lat' dir='ltr'>consilio</span> <span class='ocrx_word' id='word_1_19' title='bbox 1170 239 1192 263; x_wconf 76' lang='grc'>1)</span> <span class='ocrx_word' id='word_1_20' title='bbox 1219 222 1406 266; x_wconf 89' lang='lat' dir='ltr'>eiusdem</span> <span class='ocrx_word' id='word_1_21' title='bbox 1432 222 1488 265; x_wconf 91' lang='lat' dir='ltr'>Pii</span> <span class='ocrx_word' id='word_1_22' title='bbox 1512 221 1562 266; x_wconf 81' lang='lat' dir='ltr'>X.</span> <span class='ocrx_word' id='word_1_23' title='bbox 1593 238 1612 264; x_wconf 81' lang='grc'>1(</span> <span class='ocrx_word' id='word_1_24' title='bbox 1636 223 1779 280; x_wconf 86' lang='lat' dir='ltr'>ltaque</span> 
     </span>
     <span class='ocr_line' id='line_1_4' title="bbox 155 293 1779 354; baseline -0.004 -11"><span class='ocrx_word' id='word_1_25' title='bbox 155 313 231 343; x_wconf 89' lang='lat' dir='ltr'>nec</span> <span class='ocrx_word' id='word_1_26' title='bbox 264 298 544 354; x_wconf 85' lang='lat' dir='ltr'>indulgentias</span> <span class='ocrx_word' id='word_1_27' title='bbox 574 294 875 353; x_wconf 74' lang='lat' dir='ltr'><em>particulares,</em></span> <span class='ocrx_word' id='word_1_28' title='bbox 909 296 1181 351; x_wconf 87' lang='lat' dir='ltr'>quantumvis</span> <span class='ocrx_word' id='word_1_29' title='bbox 1225 293 1303 336; x_wconf 87' lang='lat' dir='ltr'>late</span> <span class='ocrx_word' id='word_1_30' title='bbox 1338 297 1516 349; x_wconf 84' lang='lat' dir='ltr'>pateant,</span> <span class='ocrx_word' id='word_1_31' title='bbox 1545 306 1621 337; x_wconf 88' lang='lat' dir='ltr'>nec</span> <span class='ocrx_word' id='word_1_32' title='bbox 1655 293 1779 337; x_wconf 84' lang='lat' dir='ltr'>facul-</span> 
     </span>
     <span class='ocr_line' id='line_1_5' title="bbox 154 363 1779 422; baseline -0.003 -9"><span class='ocrx_word' id='word_1_33' title='bbox 154 374 257 413; x_wconf 86' lang='lat' dir='ltr'>tates</span> <span class='ocrx_word' id='word_1_34' title='bbox 290 367 577 416; x_wconf 89' lang='lat' dir='ltr'>benedicendi,</span> <span class='ocrx_word' id='word_1_35' title='bbox 613 365 830 422; x_wconf 82' lang='lat' dir='ltr'>quibusvis</span> <span class='ocrx_word' id='word_1_36' title='bbox 853 363 1138 408; x_wconf 87' lang='lat' dir='ltr'>sacerdotibus</span> <span class='ocrx_word' id='word_1_37' title='bbox 1162 363 1348 418; x_wconf 88' lang='lat' dir='ltr'>tributas,</span> <span class='ocrx_word' id='word_1_38' title='bbox 1374 365 1452 406; x_wconf 87' lang='lat' dir='ltr'>iam</span> <span class='ocrx_word' id='word_1_39' title='bbox 1478 376 1586 407; x_wconf 89' lang='lat' dir='ltr'>nuuc</span> <span class='ocrx_word' id='word_1_40' title='bbox 1609 376 1779 408; x_wconf 78' lang='lat' dir='ltr'>necesse</span> 
     </span>
     <span class='ocr_line' id='line_1_6' title="bbox 153 432 1424 496; baseline -0.006 -12"><span class='ocrx_word' id='word_1_41' title='bbox 153 443 231 484; x_wconf 90' lang='lat' dir='ltr'>erit</span> <span class='ocrx_word' id='word_1_42' title='bbox 262 439 602 496; x_wconf 84' lang='lat' dir='ltr'>Congregationis</span> <span class='ocrx_word' id='word_1_43' title='bbox 635 435 819 479; x_wconf 86' lang='lat' dir='ltr'>eiusdem</span> <span class='ocrx_word' id='word_1_44' title='bbox 856 432 1126 491; x_wconf 74' lang='lat' dir='ltr'>recognitioni</span> <span class='ocrx_word' id='word_1_45' title='bbox 1160 434 1424 478; x_wconf 82' lang='lat' dir='ltr'>subiicere».</span> 
     </span>
    </p>

    <p class='ocr_par' dir='ltr' id='par_1_4' title="bbox 150 528 1783 1046">
     <span class='ocr_line' id='line_1_7' title="bbox 271 528 1775 578; baseline -0.004 -9"><span class='ocrx_word' id='word_1_46' title='bbox 271 534 305 568; x_wconf 94' lang='lat' dir='ltr'>ln</span> <span class='ocrx_word' id='word_1_47' title='bbox 335 533 380 568; x_wconf 85' lang='lat' dir='ltr'>M.</span> <span class='ocrx_word' id='word_1_48' title='bbox 411 532 549 578; x_wconf 91' lang='lat' dir='ltr'>proprio</span> <span class='ocrx_word' id='word_1_49' title='bbox 575 531 630 566; x_wconf 83' lang='lat' dir='ltr'>cit.</span> <span class='ocrx_word' id='word_1_50' title='bbox 664 544 678 562; x_wconf 66' lang='lat' dir='ltr'>a</span> <span class='ocrx_word' id='word_1_51' title='bbox 698 529 785 565; x_wconf 90' lang='lat' dir='ltr'>Cum</span> <span class='ocrx_word' id='word_1_52' title='bbox 827 540 885 575; x_wconf 90' lang='lat' dir='ltr'>per</span> <span class='ocrx_word' id='word_1_53' title='bbox 919 529 1134 574; x_wconf 86' lang='lat' dir='ltr'>Apostolicas</span> <span class='ocrx_word' id='word_1_54' title='bbox 1156 544 1169 560; x_wconf 77' lang='grc' dir='ltr'>υ</span> <span class='ocrx_word' id='word_1_55' title='bbox 1201 528 1250 563; x_wconf 88' lang='grc' dir='ltr'>Ρ11</span> <span class='ocrx_word' id='word_1_56' title='bbox 1278 528 1305 563; x_wconf 82' lang='lat' dir='ltr'>X</span> <span class='ocrx_word' id='word_1_57' title='bbox 1326 530 1337 551; x_wconf 73' lang='lat'>1</span> <span class='ocrx_word' id='word_1_58' title='bbox 1365 541 1390 563; x_wconf 82' lang='lat' dir='ltr'>S.</span> <span class='ocrx_word' id='word_1_59' title='bbox 1418 540 1465 563; x_wconf 90' lang='lat' dir='ltr'>m.</span> <span class='ocrx_word' id='word_1_60' title='bbox 1495 532 1663 564; x_wconf 85' lang='lat' dir='ltr'>statutum</span> <span class='ocrx_word' id='word_1_61' title='bbox 1692 529 1775 563; x_wconf 79' lang='lat' dir='ltr'>fuit:</span> 
     </span>
     <span class='ocr_line' id='line_1_8' title="bbox 157 587 1778 637; baseline -0.002 -11"><span class='ocrx_word' id='word_1_62' title='bbox 157 610 170 626; x_wconf 63' lang='lat'>&lt;1</span> <span class='ocrx_word' id='word_1_63' title='bbox 197 595 228 629; x_wconf 85' lang='lat'>1⁰</span> <span class='ocrx_word' id='word_1_64' title='bbox 255 592 493 637; x_wconf 79' lang='lat' dir='ltr'>indulgentias</span> <span class='ocrx_word' id='word_1_65' title='bbox 519 599 769 636; x_wconf 86' lang='lat' dir='ltr'>quascumque,</span> <span class='ocrx_word' id='word_1_66' title='bbox 796 588 868 623; x_wconf 88' lang='lat' dir='ltr'>sive</span> <span class='ocrx_word' id='word_1_67' title='bbox 892 588 1082 632; x_wconf 77' lang='lat' dir='ltr'>generales,</span> <span class='ocrx_word' id='word_1_68' title='bbox 1109 588 1179 624; x_wconf 90' lang='lat' dir='ltr'>sive</span> <span class='ocrx_word' id='word_1_69' title='bbox 1206 587 1431 633; x_wconf 79' lang='lat' dir='ltr'>particulares</span> <span class='ocrx_word' id='word_1_70' title='bbox 1457 598 1546 633; x_wconf 87' lang='lat' dir='ltr'>quae</span> <span class='ocrx_word' id='word_1_71' title='bbox 1572 598 1642 623; x_wconf 89' lang='lat' dir='ltr'>non</span> <span class='ocrx_word' id='word_1_72' title='bbox 1669 589 1778 634; x_wconf 88' lang='lat' dir='ltr'>respi-</span> 
     </span>
     <span class='ocr_line' id='line_1_9' title="bbox 151 644 1779 697; baseline -0.004 -9"><span class='ocrx_word' id='word_1_73' title='bbox 151 653 246 688; x_wconf 84' lang='lat' dir='ltr'>ciunt</span> <span class='ocrx_word' id='word_1_74' title='bbox 286 652 378 697; x_wconf 90' lang='lat' dir='ltr'>ipsas</span> <span class='ocrx_word' id='word_1_75' title='bbox 416 659 581 696; x_wconf 81' lang='lat' dir='ltr'>personas</span> <span class='ocrx_word' id='word_1_76' title='bbox 609 647 800 693; x_wconf 84' lang='lat' dir='ltr'>petentium</span> <span class='ocrx_word' id='word_1_77' title='bbox 839 650 990 687; x_wconf 81' lang='lat' dir='ltr'>tantum,</span> <span class='ocrx_word' id='word_1_78' title='bbox 1027 657 1091 680; x_wconf 88' lang='lat' dir='ltr'>a...</span> <span class='ocrx_word' id='word_1_79' title='bbox 1133 644 1256 691; x_wconf 85' lang='lat' dir='ltr'>Congr.</span> <span class='ocrx_word' id='word_1_80' title='bbox 1287 644 1323 681; x_wconf 88' lang='lat' dir='ltr'>S.</span> <span class='ocrx_word' id='word_1_81' title='bbox 1353 645 1464 681; x_wconf 87' lang='lat' dir='ltr'>Officii</span> <span class='ocrx_word' id='word_1_82' title='bbox 1500 657 1578 681; x_wconf 87' lang='lat' dir='ltr'>esse</span> <span class='ocrx_word' id='word_1_83' title='bbox 1617 657 1779 691; x_wconf 87' lang='lat' dir='ltr'>recogno-</span> 
     </span>
     <span class='ocr_line' id='line_1_10' title="bbox 151 704 1783 751; baseline -0.004 -5"><span class='ocrx_word' id='word_1_84' title='bbox 151 711 296 747; x_wconf 87' lang='lat' dir='ltr'>scendas</span> <span class='ocrx_word' id='word_1_85' title='bbox 313 724 343 744; x_wconf 78' lang='grc'>».</span> <span class='ocrx_word' id='word_1_86' title='bbox 374 709 466 744; x_wconf 88' lang='lat' dir='ltr'>idem</span> <span class='ocrx_word' id='word_1_87' title='bbox 491 707 655 742; x_wconf 78' lang='lat' dir='ltr'>statuitur</span> <span class='ocrx_word' id='word_1_88' title='bbox 681 706 715 740; x_wconf 89' lang='lat' dir='ltr'>in</span> <span class='ocrx_word' id='word_1_89' title='bbox 743 705 797 740; x_wconf 85' lang='lat' dir='ltr'>n.⁰</span> <span class='ocrx_word' id='word_1_90' title='bbox 824 705 860 739; x_wconf 77' lang='lat'>2⁰</span> <span class='ocrx_word' id='word_1_91' title='bbox 885 705 997 751; x_wconf 88' lang='lat' dir='ltr'>quoad</span> <span class='ocrx_word' id='word_1_92' title='bbox 1030 719 1044 736; x_wconf 88' lang='lat'>«</span> <span class='ocrx_word' id='word_1_93' title='bbox 1062 705 1241 740; x_wconf 80' lang='lat' dir='ltr'>facultates</span> <span class='ocrx_word' id='word_1_94' title='bbox 1268 704 1495 740; x_wconf 86' lang='lat' dir='ltr'>benedicendi</span> <span class='ocrx_word' id='word_1_95' title='bbox 1529 705 1581 751; x_wconf 90' lang='lat' dir='ltr'>pia</span> <span class='ocrx_word' id='word_1_96' title='bbox 1609 705 1743 740; x_wconf 85' lang='lat' dir='ltr'>obiecta</span> <span class='ocrx_word' id='word_1_97' title='bbox 1759 715 1783 738; x_wconf 76' lang='lat' dir='ltr'>n·</span> 
     </span>
     <span class='ocr_line' id='line_1_11' title="bbox 151 763 1776 816; baseline -0.004 -10"><span class='ocrx_word' id='word_1_98' title='bbox 151 771 192 806; x_wconf 88' lang='lat' dir='ltr'>de</span> <span class='ocrx_word' id='word_1_99' title='bbox 218 770 345 816; x_wconf 86' lang='lat' dir='ltr'>quibus</span> <span class='ocrx_word' id='word_1_100' title='bbox 370 779 485 814; x_wconf 89' lang='lat' dir='ltr'>supra.</span> <span class='ocrx_word' id='word_1_101' title='bbox 513 765 728 802; x_wconf 83' lang='lat' dir='ltr'>Sanciuntur</span> <span class='ocrx_word' id='word_1_102' title='bbox 755 766 819 800; x_wconf 88' lang='lat' dir='ltr'>hae</span> <span class='ocrx_word' id='word_1_103' title='bbox 847 764 1134 810; x_wconf 68' lang='lat' dir='ltr'>praescriptiones</span> <span class='ocrx_word' id='word_1_104' title='bbox 1160 763 1317 798; x_wconf 82' lang='lat' dir='ltr'>clausula</span> <span class='ocrx_word' id='word_1_105' title='bbox 1335 763 1491 799; x_wconf 80' lang='lat' dir='ltr'>irritante</span> <span class='ocrx_word' id='word_1_106' title='bbox 1509 764 1572 799; x_wconf 88' lang='lat' dir='ltr'>sub</span> <span class='ocrx_word' id='word_1_107' title='bbox 1592 764 1643 798; x_wconf 87' lang='lat' dir='ltr'>n.⁰</span> <span class='ocrx_word' id='word_1_108' title='bbox 1659 763 1707 800; x_wconf 81' lang='lat'>3.⁰</span> <span class='ocrx_word' id='word_1_109' title='bbox 1735 785 1776 789; x_wconf 90' lang='lat'>—</span> 
     </span>
     <span class='ocr_line' id='line_1_12' title="bbox 152 820 1776 874; baseline -0.005 -9"><span class='ocrx_word' id='word_1_110' title='bbox 152 830 240 865; x_wconf 88' lang='lat' dir='ltr'>Huic</span> <span class='ocrx_word' id='word_1_111' title='bbox 265 828 422 874; x_wconf 85' lang='lat' dir='ltr'>sequitur</span> <span class='ocrx_word' id='word_1_112' title='bbox 448 825 699 873; x_wconf 85' lang='lat' dir='ltr'>praescriptum</span> <span class='ocrx_word' id='word_1_113' title='bbox 739 823 837 859; x_wconf 90' lang='lat' dir='ltr'>valde</span> <span class='ocrx_word' id='word_1_114' title='bbox 875 823 1070 858; x_wconf 88' lang='lat' dir='ltr'>notandum</span> <span class='ocrx_word' id='word_1_115' title='bbox 1099 822 1163 857; x_wconf 90' lang='lat' dir='ltr'>sub</span> <span class='ocrx_word' id='word_1_116' title='bbox 1199 822 1254 856; x_wconf 92' lang='lat' dir='ltr'>n.⁰</span> <span class='ocrx_word' id='word_1_117' title='bbox 1283 820 1372 857; x_wconf 74' lang='grc'>(14.0</span> <span class='ocrx_word' id='word_1_118' title='bbox 1397 820 1520 866; x_wconf 86' lang='lat' dir='ltr'>Quoad</span> <span class='ocrx_word' id='word_1_119' title='bbox 1561 823 1776 868; x_wconf 84' lang='lat' dir='ltr'>praeteritas,</span> 
     </span>
     <span class='ocr_line' id='line_1_13' title="bbox 151 881 1778 931; baseline -0.003 -9"><span class='ocrx_word' id='word_1_120' title='bbox 151 890 306 931; x_wconf 87' lang='lat' dir='ltr'>demum,</span> <span class='ocrx_word' id='word_1_121' title='bbox 335 885 588 923; x_wconf 86' lang='lat' dir='ltr'>concessiones,</span> <span class='ocrx_word' id='word_1_122' title='bbox 617 895 674 919; x_wconf 89' lang='lat' dir='ltr'>eas</span> <span class='ocrx_word' id='word_1_123' title='bbox 700 883 889 919; x_wconf 88' lang='lat' dir='ltr'>efficaciam</span> <span class='ocrx_word' id='word_1_124' title='bbox 917 886 1054 917; x_wconf 90' lang='lat' dir='ltr'>tantum</span> <span class='ocrx_word' id='word_1_125' title='bbox 1081 881 1276 921; x_wconf 72' lang='lat' dir='ltr'>habituras,</span> <span class='ocrx_word' id='word_1_126' title='bbox 1306 881 1333 915; x_wconf 89' lang='lat' dir='ltr'>si</span> <span class='ocrx_word' id='word_1_127' title='bbox 1361 881 1454 916; x_wconf 87' lang='lat' dir='ltr'>intra</span> <span class='ocrx_word' id='word_1_128' title='bbox 1487 892 1543 917; x_wconf 84' lang='lat' dir='ltr'>sex</span> <span class='ocrx_word' id='word_1_129' title='bbox 1571 892 1709 917; x_wconf 88' lang='lat' dir='ltr'>menses</span> <span class='ocrx_word' id='word_1_130' title='bbox 1733 882 1778 917; x_wconf 89' lang='lat' dir='ltr'>ab</span> 
     </span>
     <span class='ocr_line' id='line_1_14' title="bbox 151 934 1777 989; baseline -0.005 -7"><span class='ocrx_word' id='word_1_131' title='bbox 151 947 251 984; x_wconf 89' lang='lat' dir='ltr'>huius</span> <span class='ocrx_word' id='word_1_132' title='bbox 278 945 384 981; x_wconf 84' lang='lat' dir='ltr'>nostri</span> <span class='ocrx_word' id='word_1_133' title='bbox 415 943 502 979; x_wconf 82' lang='lat' dir='ltr'>Dec.i</span> <span class='ocrx_word' id='word_1_134' title='bbox 530 942 764 989; x_wconf 84' lang='lat' dir='ltr'>publicatione</span> <span class='ocrx_word' id='word_1_135' title='bbox 792 941 916 986; x_wconf 83' lang='lat' dir='ltr'>(idest:</span> <span class='ocrx_word' id='word_1_136' title='bbox 945 951 965 975; x_wconf 91' lang='lat' dir='ltr'>a</span> <span class='ocrx_word' id='word_1_137' title='bbox 991 939 1046 975; x_wconf 84' lang='lat' dir='ltr'>die</span> <span class='ocrx_word' id='word_1_138' title='bbox 1076 938 1116 974; x_wconf 82' lang='lat'>15</span> <span class='ocrx_word' id='word_1_139' title='bbox 1147 939 1276 986; x_wconf 81' lang='lat' dir='ltr'>Aprilis</span> <span class='ocrx_word' id='word_1_140' title='bbox 1306 938 1406 981; x_wconf 80' lang='lat'>1910,</span> <span class='ocrx_word' id='word_1_141' title='bbox 1445 934 1524 975; x_wconf 85' lang='lat' dir='ltr'>data</span> <span class='ocrx_word' id='word_1_142' title='bbox 1552 940 1649 975; x_wconf 79' lang='lat' dir='ltr'>fasc.i</span> <span class='ocrx_word' id='word_1_143' title='bbox 1676 939 1777 976; x_wconf 91' lang='lat' dir='ltr'>Com-</span> 
     </span>
     <span class='ocr_line' id='line_1_15' title="bbox 150 998 1778 1046; baseline -0.004 -4"><span class='ocrx_word' id='word_1_144' title='bbox 150 1006 310 1042; x_wconf 84' lang='lat' dir='ltr'>mentarii</span> <span class='ocrx_word' id='word_1_145' title='bbox 339 1002 520 1046; x_wconf 77' lang='lat' dir='ltr'>Officialis)</span> <span class='ocrx_word' id='word_1_146' title='bbox 547 1002 661 1038; x_wconf 89' lang='lat' dir='ltr'>eidem</span> <span class='ocrx_word' id='word_1_147' title='bbox 688 999 722 1037; x_wconf 87' lang='lat' dir='ltr'>S.</span> <span class='ocrx_word' id='word_1_148' title='bbox 749 999 1016 1045; x_wconf 88' lang='lat' dir='ltr'>Congregationi</span> <span class='ocrx_word' id='word_1_149' title='bbox 1057 999 1231 1035; x_wconf 83' lang='lat' dir='ltr'>exhibitae</span> <span class='ocrx_word' id='word_1_150' title='bbox 1267 998 1311 1034; x_wconf 90' lang='lat' dir='ltr'>ab</span> <span class='ocrx_word' id='word_1_151' title='bbox 1351 1009 1461 1044; x_wconf 89' lang='lat' dir='ltr'>eaque</span> <span class='ocrx_word' id='word_1_152' title='bbox 1487 999 1683 1044; x_wconf 82' lang='lat' dir='ltr'>recognitae</span> <span class='ocrx_word' id='word_1_153' title='bbox 1711 1000 1778 1035; x_wconf 79' lang='lat' dir='ltr'>iue-</span> 
     </span>
    </p>
   </div>
   <div class='ocr_carea' id='block_1_4' title="bbox 148 1059 1777 1402">
    <p class='ocr_par' dir='ltr' id='par_1_5' title="bbox 150 1059 997 1106">
     <span class='ocr_line' id='line_1_16' title="bbox 150 1059 997 1106; baseline -0.008 -6"><span class='ocrx_word' id='word_1_154' title='bbox 150 1066 266 1100; x_wconf 84' lang='lat' dir='ltr'>rint».</span> <span class='ocrx_word' id='word_1_155' title='bbox 295 1063 421 1100; x_wconf 89' lang='lat' dir='ltr'>Ultimo</span> <span class='ocrx_word' id='word_1_156' title='bbox 446 1062 587 1097; x_wconf 90' lang='lat' dir='ltr'>additur</span> <span class='ocrx_word' id='word_1_157' title='bbox 614 1060 758 1095; x_wconf 89' lang='lat' dir='ltr'>monitio</span> <span class='ocrx_word' id='word_1_158' title='bbox 785 1070 845 1106; x_wconf 91' lang='lat' dir='ltr'>pro</span> <span class='ocrx_word' id='word_1_159' title='bbox 871 1059 997 1094; x_wconf 79' lang='lat' dir='ltr'>futuro.</span> 
     </span>
    </p>

    <p class='ocr_par' dir='ltr' id='par_1_6' title="bbox 148 1115 1777 1402">
     <span class='ocr_line' id='line_1_17' title="bbox 268 1115 1777 1165; baseline -0.004 -7"><span class='ocrx_word' id='word_1_160' title='bbox 268 1122 522 1159; x_wconf 88' lang='lat' dir='ltr'>Declarationes</span> <span class='ocrx_word' id='word_1_161' title='bbox 547 1122 825 1165; x_wconf 88' lang='lat' dir='ltr'>supervenerunt</span> <span class='ocrx_word' id='word_1_162' title='bbox 852 1128 911 1163; x_wconf 90' lang='lat' dir='ltr'>per</span> <span class='ocrx_word' id='word_1_163' title='bbox 937 1117 1119 1163; x_wconf 86' lang='lat' dir='ltr'>sequentia</span> <span class='ocrx_word' id='word_1_164' title='bbox 1148 1115 1289 1152; x_wconf 87' lang='lat' dir='ltr'>Decreta</span> <span class='ocrx_word' id='word_1_165' title='bbox 1322 1121 1518 1162; x_wconf 90' lang='lat' dir='ltr'>opportune</span> <span class='ocrx_word' id='word_1_166' title='bbox 1543 1117 1777 1152; x_wconf 85' lang='lat' dir='ltr'>consulenda:</span> 
     </span>
     <span class='ocr_line' id='line_1_18' title="bbox 152 1173 1776 1222; baseline -0.005 -4"><span class='ocrx_word' id='word_1_167' title='bbox 152 1184 185 1218; x_wconf 73' lang='grc' dir='ltr'>1(ὶ</span> <span class='ocrx_word' id='word_1_168' title='bbox 213 1183 290 1218; x_wconf 83' lang='lat' dir='ltr'>Dec.</span> <span class='ocrx_word' id='word_1_169' title='bbox 320 1180 354 1217; x_wconf 82' lang='lat' dir='ltr'>S.</span> <span class='ocrx_word' id='word_1_170' title='bbox 381 1179 492 1216; x_wconf 85' lang='lat' dir='ltr'>Officii</span> <span class='ocrx_word' id='word_1_171' title='bbox 537 1177 576 1214; x_wconf 81' lang='lat'>15</span> <span class='ocrx_word' id='word_1_172' title='bbox 614 1178 689 1213; x_wconf 90' lang='lat' dir='ltr'>lun.</span> <span class='ocrx_word' id='word_1_173' title='bbox 731 1175 831 1218; x_wconf 79' lang='lat'>1910,</span> <span class='ocrx_word' id='word_1_174' title='bbox 872 1176 907 1209; x_wconf 70' lang='lat'>20</span> <span class='ocrx_word' id='word_1_175' title='bbox 936 1175 1013 1211; x_wconf 87' lang='lat' dir='ltr'>Dec.</span> <span class='ocrx_word' id='word_1_176' title='bbox 1041 1173 1076 1211; x_wconf 88' lang='lat' dir='ltr'>S.</span> <span class='ocrx_word' id='word_1_177' title='bbox 1103 1173 1215 1211; x_wconf 87' lang='lat' dir='ltr'>Officii</span> <span class='ocrx_word' id='word_1_178' title='bbox 1248 1173 1286 1210; x_wconf 81' lang='lat'>13</span> <span class='ocrx_word' id='word_1_179' title='bbox 1315 1174 1377 1210; x_wconf 90' lang='lat' dir='ltr'>lul.</span> <span class='ocrx_word' id='word_1_180' title='bbox 1406 1173 1495 1209; x_wconf 81' lang='grc'>19111</span> <span class='ocrx_word' id='word_1_181' title='bbox 1513 1175 1539 1209; x_wconf 79' lang='lat'>2.</span> <span class='ocrx_word' id='word_1_182' title='bbox 1571 1173 1634 1210; x_wconf 85' lang='lat' dir='ltr'>Cui</span> <span class='ocrx_word' id='word_1_183' title='bbox 1665 1180 1776 1222; x_wconf 84' lang='lat' dir='ltr'>poste-</span> 
     </span>
     <span class='ocr_line' id='line_1_19' title="bbox 148 1233 1776 1279; baseline -0.006 -1"><span class='ocrx_word' id='word_1_184' title='bbox 148 1243 229 1278; x_wconf 87' lang='lat' dir='ltr'>riori</span> <span class='ocrx_word' id='word_1_185' title='bbox 246 1241 344 1277; x_wconf 88' lang='lat' dir='ltr'>Dec.0</span> <span class='ocrx_word' id='word_1_186' title='bbox 357 1239 514 1275; x_wconf 90' lang='lat' dir='ltr'>additum</span> <span class='ocrx_word' id='word_1_187' title='bbox 529 1243 645 1274; x_wconf 79' lang='lat' dir='ltr'>estz...</span> <span class='ocrx_word' id='word_1_188' title='bbox 671 1235 918 1272; x_wconf 85' lang='lat' dir='ltr'>«observanda</span> <span class='ocrx_word' id='word_1_189' title='bbox 933 1239 1073 1270; x_wconf 91' lang='lat' dir='ltr'>maneat</span> <span class='ocrx_word' id='word_1_190' title='bbox 1089 1234 1157 1269; x_wconf 87' lang='lat' dir='ltr'>lata</span> <span class='ocrx_word' id='word_1_191' title='bbox 1176 1234 1227 1269; x_wconf 77' lang='lat' dir='ltr'>lex</span> <span class='ocrx_word' id='word_1_192' title='bbox 1249 1245 1307 1279; x_wconf 88' lang='lat' dir='ltr'>per</span> <span class='ocrx_word' id='word_1_193' title='bbox 1330 1233 1483 1270; x_wconf 56' lang='lat' dir='ltr'>Deam...</span> <span class='ocrx_word' id='word_1_194' title='bbox 1513 1245 1533 1269; x_wconf 89' lang='lat' dir='ltr'>a</span> <span class='ocrx_word' id='word_1_195' title='bbox 1560 1233 1684 1269; x_wconf 85' lang='lat' dir='ltr'>Bened.</span> <span class='ocrx_word' id='word_1_196' title='bbox 1700 1233 1776 1269; x_wconf 81' lang='lat' dir='ltr'>XIV</span> 
     </span>
     <span class='ocr_line' id='line_1_20' title="bbox 148 1293 1777 1348; baseline -0.006 -11"><span class='ocrx_word' id='word_1_197' title='bbox 148 1301 377 1348; x_wconf 89' lang='lat' dir='ltr'>approbatum</span> <span class='ocrx_word' id='word_1_198' title='bbox 395 1300 422 1339; x_wconf 79' lang='lat'>3,</span> <span class='ocrx_word' id='word_1_199' title='bbox 451 1299 514 1333; x_wconf 89' lang='lat' dir='ltr'>boc</span> <span class='ocrx_word' id='word_1_200' title='bbox 540 1302 609 1332; x_wconf 85' lang='lat' dir='ltr'>est:</span> <span class='ocrx_word' id='word_1_201' title='bbox 644 1296 904 1341; x_wconf 82' lang='lat' dir='ltr'>«impetrantes</span> <span class='ocrx_word' id='word_1_202' title='bbox 931 1294 1073 1340; x_wconf 87' lang='lat' dir='ltr'>posthac</span> <span class='ocrx_word' id='word_1_203' title='bbox 1110 1294 1289 1338; x_wconf 86' lang='lat' dir='ltr'>generales</span> <span class='ocrx_word' id='word_1_204' title='bbox 1324 1293 1565 1328; x_wconf 78' lang='lat' dir='ltr'>concessiones</span> <span class='ocrx_word' id='word_1_205' title='bbox 1592 1293 1777 1339; x_wconf 89' lang='lat' dir='ltr'>ludulgeu-</span> 
     </span>
     <span class='ocr_line' id='line_1_21' title="bbox 148 1352 1776 1402; baseline -0.004 -8"><span class='ocrx_word' id='word_1_206' title='bbox 148 1359 275 1395; x_wconf 87' lang='lat' dir='ltr'>tiarum</span> <span class='ocrx_word' id='word_1_207' title='bbox 305 1357 411 1393; x_wconf 85' lang='lat' dir='ltr'>teneri</span> <span class='ocrx_word' id='word_1_208' title='bbox 440 1356 504 1391; x_wconf 92' lang='lat' dir='ltr'>sub</span> <span class='ocrx_word' id='word_1_209' title='bbox 533 1366 641 1402; x_wconf 88' lang='lat' dir='ltr'>poena</span> <span class='ocrx_word' id='word_1_210' title='bbox 668 1354 839 1390; x_wconf 87' lang='lat' dir='ltr'>nullitatis</span> <span class='ocrx_word' id='word_1_211' title='bbox 866 1353 996 1398; x_wconf 84' lang='lat' dir='ltr'>gratiae</span> <span class='ocrx_word' id='word_1_212' title='bbox 1021 1352 1182 1388; x_wconf 87' lang='lat' dir='ltr'>obtentae</span> <span class='ocrx_word' id='word_1_213' title='bbox 1202 1352 1400 1398; x_wconf 79' lang='lat' dir='ltr'>exemplare</span> <span class='ocrx_word' id='word_1_214' title='bbox 1417 1352 1618 1388; x_wconf 86' lang='lat' dir='ltr'>earumdem</span> <span class='ocrx_word' id='word_1_215' title='bbox 1639 1363 1776 1388; x_wconf 86' lang='lat' dir='ltr'>conces-</span> 
     </span>
    </p>
   </div>
   <div class='ocr_carea' id='block_1_5' title="bbox 149 1412 1202 1458">
    <p class='ocr_par' dir='ltr' id='par_1_7' title="bbox 149 1412 1202 1458">
     <span class='ocr_line' id='line_1_22' title="bbox 149 1412 1202 1458; baseline -0.007 -6"><span class='ocrx_word' id='word_1_216' title='bbox 149 1418 286 1454; x_wconf 89' lang='lat' dir='ltr'>sionum</span> <span class='ocrx_word' id='word_1_217' title='bbox 313 1417 355 1452; x_wconf 89' lang='lat' dir='ltr'>ad</span> <span class='ocrx_word' id='word_1_218' title='bbox 384 1415 611 1452; x_wconf 88' lang='lat' dir='ltr'>Secretariam</span> <span class='ocrx_word' id='word_1_219' title='bbox 640 1412 673 1449; x_wconf 89' lang='lat' dir='ltr'>S.</span> <span class='ocrx_word' id='word_1_220' title='bbox 700 1412 988 1458; x_wconf 83' lang='lat' dir='ltr'>Congregationis</span> <span class='ocrx_word' id='word_1_221' title='bbox 1014 1412 1148 1447; x_wconf 83' lang='lat' dir='ltr'>deferre</span> <span class='ocrx_word' id='word_1_222' title='bbox 1171 1425 1202 1446; x_wconf 78' lang='lat'>».</span> 
     </span>
    </p>
   </div>
   <div class='ocr_carea' id='block_1_6' title="bbox 143 1494 1776 2756">
    <p class='ocr_par' dir='ltr' id='par_1_8' title="bbox 143 1494 1776 2756">
     <span class='ocr_line' id='line_1_23' title="bbox 268 1494 1774 1555; baseline -0.003 -12"><span class='ocrx_word' id='word_1_223' title='bbox 268 1503 379 1544; x_wconf 89' lang='lat' dir='ltr'>Haec</span> <span class='ocrx_word' id='word_1_224' title='bbox 412 1500 537 1555; x_wconf 89' lang='lat' dir='ltr'>igitur</span> <span class='ocrx_word' id='word_1_225' title='bbox 572 1497 635 1541; x_wconf 81' lang='lat' dir='ltr'>lex</span> <span class='ocrx_word' id='word_1_226' title='bbox 670 1496 937 1539; x_wconf 87' lang='lat' dir='ltr'>Benedictina</span> <span class='ocrx_word' id='word_1_227' title='bbox 954 1495 1030 1538; x_wconf 84' lang='lat' dir='ltr'>fuit</span> <span class='ocrx_word' id='word_1_228' title='bbox 1054 1499 1251 1538; x_wconf 79' lang='lat' dir='ltr'>renovata</span> <span class='ocrx_word' id='word_1_229' title='bbox 1280 1494 1392 1537; x_wconf 79' lang='lat' dir='ltr'>velut</span> <span class='ocrx_word' id='word_1_230' title='bbox 1415 1496 1536 1538; x_wconf 91' lang='lat' dir='ltr'>unice</span> <span class='ocrx_word' id='word_1_231' title='bbox 1568 1495 1774 1539; x_wconf 85' lang='lat' dir='ltr'>servanda</span> 
     </span>
     <span class='ocr_line' id='line_1_24' title="bbox 150 1564 1773 1627; baseline -0.003 -13"><span class='ocrx_word' id='word_1_232' title='bbox 150 1574 188 1614; x_wconf 93' lang='lat' dir='ltr'>iu</span> <span class='ocrx_word' id='word_1_233' title='bbox 223 1571 299 1615; x_wconf 94' lang='grc'>1130</span> <span class='ocrx_word' id='word_1_234' title='bbox 334 1584 377 1614; x_wconf 89' lang='lat' dir='ltr'>re</span> <span class='ocrx_word' id='word_1_235' title='bbox 424 1583 495 1627; x_wconf 90' lang='lat' dir='ltr'>per</span> <span class='ocrx_word' id='word_1_236' title='bbox 529 1568 578 1612; x_wconf 90' lang='lat' dir='ltr'>M.</span> <span class='ocrx_word' id='word_1_237' title='bbox 614 1582 672 1625; x_wconf 89' lang='lat' dir='ltr'>pr.</span> <span class='ocrx_word' id='word_1_238' title='bbox 707 1579 831 1623; x_wconf 87' lang='lat' dir='ltr'>supra</span> <span class='ocrx_word' id='word_1_239' title='bbox 879 1568 1048 1609; x_wconf 87' lang='lat' dir='ltr'>citatum</span> <span class='ocrx_word' id='word_1_240' title='bbox 1101 1565 1307 1608; x_wconf 86' lang='lat' dir='ltr'>Benedicti</span> <span class='ocrx_word' id='word_1_241' title='bbox 1354 1564 1426 1608; x_wconf 89' lang='grc' dir='ltr'>ΡΡ,</span> <span class='ocrx_word' id='word_1_242' title='bbox 1460 1564 1534 1608; x_wconf 76' lang='lat' dir='ltr'>XV</span> <span class='ocrx_word' id='word_1_243' title='bbox 1568 1570 1607 1608; x_wconf 90' lang='lat' dir='ltr'>et</span> <span class='ocrx_word' id='word_1_244' title='bbox 1640 1568 1678 1608; x_wconf 92' lang='lat' dir='ltr'>in</span> <span class='ocrx_word' id='word_1_245' title='bbox 1712 1580 1773 1609; x_wconf 90' lang='lat' dir='ltr'>se-</span> 
     </span>
     <span class='ocr_line' id='line_1_25' title="bbox 149 1634 1774 1700; baseline -0.004 -14"><span class='ocrx_word' id='word_1_246' title='bbox 149 1647 341 1700; x_wconf 88' lang='lat' dir='ltr'>quentem</span> <span class='ocrx_word' id='word_1_247' title='bbox 391 1639 587 1684; x_wconf 85' lang='lat' dir='ltr'>translata</span> <span class='ocrx_word' id='word_1_248' title='bbox 632 1653 722 1682; x_wconf 82' lang='lat' dir='ltr'>can.</span> <span class='ocrx_word' id='word_1_249' title='bbox 770 1640 877 1680; x_wconf 64' lang='lat'>920.</span> <span class='ocrx_word' id='word_1_250' title='bbox 915 1635 999 1690; x_wconf 77' lang='lat' dir='ltr'>Qui</span> <span class='ocrx_word' id='word_1_251' title='bbox 1032 1650 1057 1678; x_wconf 89' lang='lat' dir='ltr'>a</span> <span class='ocrx_word' id='word_1_252' title='bbox 1090 1635 1261 1678; x_wconf 80' lang='lat' dir='ltr'>Sammo</span> <span class='ocrx_word' id='word_1_253' title='bbox 1297 1634 1497 1692; x_wconf 80' lang='lat' dir='ltr'>Pontifice</span> <span class='ocrx_word' id='word_1_254' title='bbox 1530 1636 1774 1681; x_wconf 85' lang='lat' dir='ltr'>immediate</span> 
     </span>
     <span class='ocr_line' id='line_1_26' title="bbox 151 1706 1776 1765; baseline -0.004 -9"><span class='ocrx_word' id='word_1_255' title='bbox 151 1716 271 1756; x_wconf 83' lang='lat' dir='ltr'>vivae</span> <span class='ocrx_word' id='word_1_256' title='bbox 306 1714 420 1755; x_wconf 85' lang='lat' dir='ltr'>vocis</span> <span class='ocrx_word' id='word_1_257' title='bbox 452 1709 635 1764; x_wconf 84' lang='lat' dir='ltr'>oraculo,</span> <span class='ocrx_word' id='word_1_258' title='bbox 668 1714 738 1752; x_wconf 89' lang='lat' dir='ltr'>aut</span> <span class='ocrx_word' id='word_1_259' title='bbox 772 1722 844 1765; x_wconf 92' lang='lat' dir='ltr'>per</span> <span class='ocrx_word' id='word_1_260' title='bbox 877 1710 965 1751; x_wconf 88' lang='lat' dir='ltr'>eius</span> <span class='ocrx_word' id='word_1_261' title='bbox 1006 1706 1345 1763; x_wconf 79' lang='lat' dir='ltr'>chirographum,</span> <span class='ocrx_word' id='word_1_262' title='bbox 1393 1706 1456 1749; x_wconf 86' lang='lat' dir='ltr'>vel</span> <span class='ocrx_word' id='word_1_263' title='bbox 1499 1707 1667 1750; x_wconf 86' lang='lat' dir='ltr'>forsitan</span> <span class='ocrx_word' id='word_1_264' title='bbox 1704 1721 1776 1763; x_wconf 89' lang='lat' dir='ltr'>per</span> 
     </span>
     <span class='ocr_line' id='line_1_27' title="bbox 147 1776 1773 1835; baseline -0.004 -7"><span class='ocrx_word' id='word_1_265' title='bbox 147 1784 257 1828; x_wconf 88' lang='lat' dir='ltr'>aliud</span> <span class='ocrx_word' id='word_1_266' title='bbox 308 1780 501 1828; x_wconf 88' lang='lat' dir='ltr'>Officium</span> <span class='ocrx_word' id='word_1_267' title='bbox 551 1786 620 1824; x_wconf 87' lang='lat' dir='ltr'>aut</span> <span class='ocrx_word' id='word_1_268' title='bbox 668 1781 705 1824; x_wconf 87' lang='lat' dir='ltr'>S.</span> <span class='ocrx_word' id='word_1_269' title='bbox 740 1778 1128 1835; x_wconf 85' lang='lat' dir='ltr'>Congregationem,</span> <span class='ocrx_word' id='word_1_270' title='bbox 1177 1782 1248 1820; x_wconf 90' lang='lat' dir='ltr'>aut</span> <span class='ocrx_word' id='word_1_271' title='bbox 1279 1777 1317 1820; x_wconf 81' lang='lat' dir='ltr'>S.</span> <span class='ocrx_word' id='word_1_272' title='bbox 1354 1777 1397 1822; x_wconf 87' lang='lat' dir='ltr'>R.</span> <span class='ocrx_word' id='word_1_273' title='bbox 1433 1776 1476 1821; x_wconf 92' lang='lat' dir='ltr'>E.</span> <span class='ocrx_word' id='word_1_274' title='bbox 1511 1776 1773 1821; x_wconf 89' lang='lat' dir='ltr'>Cardinalem</span> 
     </span>
     <span class='ocr_line' id='line_1_28' title="bbox 150 1847 1773 1912; baseline -0.004 -15"><span class='ocrx_word' id='word_1_275' title='bbox 150 1852 466 1912; x_wconf 72' lang='lat' dir='ltr'>inzpetrswerim</span> <span class='ocrx_word' id='word_1_276' title='bbox 505 1850 868 1907; x_wconf 67' lang='lat' dir='ltr'>irzsletlyerztr&#39;czrzcrrz</span> <span class='ocrx_word' id='word_1_277' title='bbox 896 1848 1194 1901; x_wconf 74' lang='lat' dir='ltr'>concessiones.</span> <span class='ocrx_word' id='word_1_278' title='bbox 1229 1861 1308 1890; x_wconf 92' lang='lat' dir='ltr'>non</span> <span class='ocrx_word' id='word_1_279' title='bbox 1346 1847 1618 1903; x_wconf 79' lang='lat' dir='ltr'>particulares</span> <span class='ocrx_word' id='word_1_280' title='bbox 1650 1848 1773 1892; x_wconf 86' lang='lat' dir='ltr'>alicui</span> 
     </span>
     <span class='ocr_line' id='line_1_29' title="bbox 146 1918 1772 1982; baseline -0.005 -13"><span class='ocrx_word' id='word_1_281' title='bbox 146 1925 350 1982; x_wconf 78' lang='lat' dir='ltr'>religioni,</span> <span class='ocrx_word' id='word_1_282' title='bbox 382 1924 658 1974; x_wconf 84' lang='lat' dir='ltr'>associationi,</span> <span class='ocrx_word' id='word_1_283' title='bbox 691 1921 875 1964; x_wconf 72' lang='lat' dir='ltr'>fidelium</span> <span class='ocrx_word' id='word_1_284' title='bbox 909 1922 1057 1971; x_wconf 82' lang='lat' dir='ltr'>coetui,</span> <span class='ocrx_word' id='word_1_285' title='bbox 1097 1919 1158 1962; x_wconf 88' lang='lat' dir='ltr'>vel</span> <span class='ocrx_word' id='word_1_286' title='bbox 1195 1918 1338 1969; x_wconf 74' lang='lat' dir='ltr'>realeS,</span> <span class='ocrx_word' id='word_1_287' title='bbox 1371 1918 1442 1961; x_wconf 88' lang='lat' dir='ltr'>sed</span> <span class='ocrx_word' id='word_1_288' title='bbox 1480 1920 1516 1960; x_wconf 93' lang='lat' dir='ltr'>in</span> <span class='ocrx_word' id='word_1_289' title='bbox 1554 1919 1772 1962; x_wconf 87' lang='lat' dir='ltr'>utilitatem</span> 
     </span>
     <span class='ocr_line' id='line_1_30' title="bbox 144 1988 1772 2054; baseline -0.004 -15"><span class='ocrx_word' id='word_1_290' title='bbox 144 2010 222 2054; x_wconf 73' lang='lat' dir='ltr'>pro</span> <span class='ocrx_word' id='word_1_291' title='bbox 270 1994 457 2039; x_wconf 72' lang='lat' dir='ltr'>omnibus</span> <span class='ocrx_word' id='word_1_292' title='bbox 505 1992 708 2050; x_wconf 78' lang='lat' dir='ltr'>fidelibus,</span> <span class='ocrx_word' id='word_1_293' title='bbox 741 1991 920 2035; x_wconf 86' lang='lat' dir='ltr'>scilicet:</span> <span class='ocrx_word' id='word_1_294' title='bbox 973 1989 1209 2046; x_wconf 89' lang='lat' dir='ltr'>personales</span> <span class='ocrx_word' id='word_1_295' title='bbox 1256 1988 1377 2032; x_wconf 92' lang='lat' dir='ltr'>simul</span> <span class='ocrx_word' id='word_1_296' title='bbox 1418 1993 1458 2031; x_wconf 94' lang='lat' dir='ltr'>et</span> <span class='ocrx_word' id='word_1_297' title='bbox 1501 1989 1772 2044; x_wconf 89' lang='lat' dir='ltr'>universales,</span> 
     </span>
     <span class='ocr_line' id='line_1_31' title="bbox 147 2059 1770 2123; baseline -0.006 -12"><span class='ocrx_word' id='word_1_298' title='bbox 147 2066 401 2123; x_wconf 34' lang='lat' dir='ltr'>obli&#39;qatione</span> <span class='ocrx_word' id='word_1_299' title='bbox 435 2069 629 2107; x_wconf 77' lang='lat' dir='ltr'>tenentw·</span> <span class='ocrx_word' id='word_1_300' title='bbox 661 2066 938 2119; x_wconf 85' lang='lat' dir='ltr'>consequente</span> <span class='ocrx_word' id='word_1_301' title='bbox 987 2061 1151 2103; x_wconf 87' lang='lat' dir='ltr'>illorum</span> <span class='ocrx_word' id='word_1_302' title='bbox 1201 2059 1374 2103; x_wconf 89' lang='lat' dir='ltr'>liberam</span> <span class='ocrx_word' id='word_1_303' title='bbox 1424 2061 1770 2115; x_wconf 83' lang='lat' dir='ltr'>impetrationem,</span> 
     </span>
     <span class='ocr_line' id='line_1_32' title="bbox 147 2129 1773 2194; baseline -0.005 -13"><span class='ocrx_word' id='word_1_304' title='bbox 147 2143 270 2194; x_wconf 87' lang='lat' dir='ltr'>atque</span> <span class='ocrx_word' id='word_1_305' title='bbox 304 2139 340 2178; x_wconf 89' lang='lat' dir='ltr'>in</span> <span class='ocrx_word' id='word_1_306' title='bbox 378 2137 654 2178; x_wconf 65' lang='lat' dir='ltr'>reverentiam</span> <span class='ocrx_word' id='word_1_307' title='bbox 689 2134 846 2177; x_wconf 86' lang='lat' dir='ltr'>Summi</span> <span class='ocrx_word' id='word_1_308' title='bbox 893 2132 1100 2175; x_wconf 86' lang='lat' dir='ltr'>Pontificis</span> <span class='ocrx_word' id='word_1_309' title='bbox 1125 2143 1268 2187; x_wconf 84' lang='lat' dir='ltr'>preces</span> <span class='ocrx_word' id='word_1_310' title='bbox 1290 2130 1559 2183; x_wconf 80' lang='lat' dir='ltr'>admittentis,</span> <span class='ocrx_word' id='word_1_311' title='bbox 1579 2143 1627 2172; x_wconf 91' lang='lat' dir='ltr'>ne</span> <span class='ocrx_word' id='word_1_312' title='bbox 1653 2129 1773 2173; x_wconf 91' lang='lat' dir='ltr'>huius</span> 
     </span>
     <span class='ocr_line' id='line_1_33' title="bbox 146 2200 1770 2260; baseline -0.004 -9"><span class='ocrx_word' id='word_1_313' title='bbox 146 2213 263 2252; x_wconf 85' lang='grc'>301113</span> <span class='ocrx_word' id='word_1_314' title='bbox 297 2206 509 2250; x_wconf 76' lang='lat' dir='ltr'>fraudetur</span> <span class='ocrx_word' id='word_1_315' title='bbox 541 2204 790 2248; x_wconf 87' lang='lat' dir='ltr'>certitudine</span> <span class='ocrx_word' id='word_1_316' title='bbox 822 2203 956 2260; x_wconf 90' lang='lat' dir='ltr'>quoad</span> <span class='ocrx_word' id='word_1_317' title='bbox 992 2202 1200 2254; x_wconf 80' lang='lat' dir='ltr'>effectum,</span> <span class='ocrx_word' id='word_1_318' title='bbox 1234 2200 1485 2257; x_wconf 82' lang='lat' dir='ltr'>additurque</span> <span class='ocrx_word' id='word_1_319' title='bbox 1517 2200 1566 2243; x_wconf 89' lang='lat' dir='ltr'>ad</span> <span class='ocrx_word' id='word_1_320' title='bbox 1604 2213 1770 2256; x_wconf 87' lang='lat' dir='ltr'>praeca-</span> 
     </span>
     <span class='ocr_line' id='line_1_34' title="bbox 148 2270 1770 2328; baseline -0.004 -8"><span class='ocrx_word' id='word_1_321' title='bbox 148 2278 304 2322; x_wconf 72' lang='lat' dir='ltr'>vendas</span> <span class='ocrx_word' id='word_1_322' title='bbox 337 2276 484 2320; x_wconf 86' lang='lat' dir='ltr'>dubias</span> <span class='ocrx_word' id='word_1_323' title='bbox 516 2277 825 2319; x_wconf 83' lang='lat' dir='ltr'>concessiones:</span> <span class='ocrx_word' id='word_1_324' title='bbox 860 2272 933 2316; x_wconf 80' lang='lat' dir='ltr'>sub</span> <span class='ocrx_word' id='word_1_325' title='bbox 964 2286 1097 2326; x_wconf 84' lang='lat' dir='ltr'>poena</span> <span class='ocrx_word' id='word_1_326' title='bbox 1133 2271 1349 2314; x_wconf 76' lang='lat' dir='ltr'>nallicalis</span> <span class='ocrx_word' id='word_1_327' title='bbox 1364 2270 1535 2328; x_wconf 73' lang='lat' dir='ltr'>qratiae</span> <span class='ocrx_word' id='word_1_328' title='bbox 1567 2270 1770 2327; x_wconf 76' lang='lat' dir='ltr'>obtentae,</span> 
     </span>
     <span class='ocr_line' id='line_1_35' title="bbox 146 2340 1770 2402; baseline -0.004 -11"><span class='ocrx_word' id='word_1_329' title='bbox 146 2347 389 2391; x_wconf 70' lang='lat' dir='ltr'>(talhenlica</span> <span class='ocrx_word' id='word_1_330' title='bbox 422 2345 683 2402; x_wconf 63' lang='lat' dir='ltr'>exemplaria</span> <span class='ocrx_word' id='word_1_331' title='bbox 715 2344 891 2388; x_wconf 89' lang='lat' dir='ltr'>scilicet:</span> <span class='ocrx_word' id='word_1_332' title='bbox 926 2343 1035 2386; x_wconf 91' lang='lat' dir='ltr'>illius</span> <span class='ocrx_word' id='word_1_333' title='bbox 1067 2341 1348 2397; x_wconf 85' lang='lat' dir='ltr'>chirographi,</span> <span class='ocrx_word' id='word_1_334' title='bbox 1372 2340 1432 2384; x_wconf 88' lang='lat' dir='ltr'>vel</span> <span class='ocrx_word' id='word_1_335' title='bbox 1469 2341 1507 2384; x_wconf 90' lang='lat' dir='ltr'>id</span> <span class='ocrx_word' id='word_1_336' title='bbox 1542 2343 1689 2397; x_wconf 86' lang='lat' dir='ltr'>ipsum,</span> <span class='ocrx_word' id='word_1_337' title='bbox 1715 2345 1770 2384; x_wconf 89' lang='lat' dir='ltr'>te-</span> 
     </span>
     <span class='ocr_line' id='line_1_36' title="bbox 144 2411 1768 2469; baseline -0.005 -7"><span class='ocrx_word' id='word_1_338' title='bbox 144 2421 382 2462; x_wconf 88' lang='lat' dir='ltr'>stimonium</span> <span class='ocrx_word' id='word_1_339' title='bbox 418 2417 592 2460; x_wconf 89' lang='lat' dir='ltr'>alicuius</span> <span class='ocrx_word' id='word_1_340' title='bbox 625 2416 661 2460; x_wconf 83' lang='lat' dir='ltr'>S.</span> <span class='ocrx_word' id='word_1_341' title='bbox 698 2415 742 2459; x_wconf 90' lang='lat' dir='ltr'>R.</span> <span class='ocrx_word' id='word_1_342' title='bbox 778 2414 820 2457; x_wconf 91' lang='lat' dir='ltr'>E.</span> <span class='ocrx_word' id='word_1_343' title='bbox 854 2413 1085 2458; x_wconf 87' lang='lat' dir='ltr'>Cardinalis</span> <span class='ocrx_word' id='word_1_344' title='bbox 1127 2414 1195 2469; x_wconf 92' lang='lat' dir='ltr'>qui</span> <span class='ocrx_word' id='word_1_345' title='bbox 1235 2413 1543 2455; x_wconf 88' lang='lat' dir='ltr'>concessionem</span> <span class='ocrx_word' id='word_1_346' title='bbox 1579 2411 1768 2467; x_wconf 89' lang='lat' dir='ltr'>obtinuit,</span> 
     </span>
     <span class='ocr_line' id='line_1_37' title="bbox 146 2481 1769 2542; baseline -0.006 -9"><span class='ocrx_word' id='word_1_347' title='bbox 146 2490 210 2533; x_wconf 84' lang='lat' dir='ltr'>vel</span> <span class='ocrx_word' id='word_1_348' title='bbox 246 2489 377 2541; x_wconf 88' lang='lat' dir='ltr'>aliter,</span> <span class='ocrx_word' id='word_1_349' title='bbox 411 2488 480 2531; x_wconf 83' lang='lat' dir='ltr'>sed</span> <span class='ocrx_word' id='word_1_350' title='bbox 515 2489 665 2542; x_wconf 84' lang='lat' dir='ltr'>scripta</span> <span class='ocrx_word' id='word_1_351' title='bbox 699 2484 939 2528; x_wconf 73' lang='lat' dir='ltr'>earumdem</span> <span class='ocrx_word' id='word_1_352' title='bbox 972 2483 1281 2527; x_wconf 76' lang='lat' dir='ltr'>concessionum</span> <span class='ocrx_word' id='word_1_353' title='bbox 1306 2482 1386 2524; x_wconf 84' lang='lat' dir='ltr'>tide</span> <span class='ocrx_word' id='word_1_354' title='bbox 1410 2482 1534 2538; x_wconf 88' lang='lat' dir='ltr'>digna</span> <span class='ocrx_word' id='word_1_355' title='bbox 1558 2481 1769 2526; x_wconf 89' lang='lat' dir='ltr'>Tribunali</span> 
     </span>
     <span class='ocr_line' id='line_1_38' title="bbox 143 2551 1771 2616; baseline -0.005 -13"><span class='ocrx_word' id='word_1_356' title='bbox 143 2560 346 2616; x_wconf 84' lang='lat' dir='ltr'>sequenti,</span> <span class='ocrx_word' id='word_1_357' title='bbox 379 2556 434 2600; x_wconf 78' lang='lat' dir='ltr'>ad</span> <span class='ocrx_word' id='word_1_358' title='bbox 467 2557 640 2599; x_wconf 75' lang='lat' dir='ltr'>Sacram</span> <span class='ocrx_word' id='word_1_359' title='bbox 678 2554 1067 2602; x_wconf 72' lang='lat' dir='ltr'>poenitentiarium,</span> <span class='ocrx_word' id='word_1_360' title='bbox 1113 2555 1231 2596; x_wconf 91' lang='lat' dir='ltr'>cuius</span> <span class='ocrx_word' id='word_1_361' title='bbox 1253 2556 1332 2600; x_wconf 77' lang='grc'>,631</span> <span class='ocrx_word' id='word_1_362' title='bbox 1371 2567 1390 2592; x_wconf 85' lang='grc'>1(</span> <span class='ocrx_word' id='word_1_363' title='bbox 1413 2552 1464 2595; x_wconf 86' lang='lat' dir='ltr'>de</span> <span class='ocrx_word' id='word_1_364' title='bbox 1498 2554 1546 2595; x_wconf 90' lang='lat' dir='ltr'>iis</span> <span class='ocrx_word' id='word_1_365' title='bbox 1578 2551 1771 2596; x_wconf 90' lang='lat' dir='ltr'>omnibus</span> 
     </span>
     <span class='ocr_line' id='line_1_39' title="bbox 144 2623 1764 2685; baseline -0.005 -13"><span class='ocrx_word' id='word_1_366' title='bbox 144 2630 327 2672; x_wconf 87' lang='lat' dir='ltr'>iudicare</span> <span class='ocrx_word' id='word_1_367' title='bbox 360 2640 466 2685; x_wconf 88' lang='lat' dir='ltr'>quae</span> <span class='ocrx_word' id='word_1_368' title='bbox 499 2630 686 2683; x_wconf 85' lang='lat' dir='ltr'>spectant</span> <span class='ocrx_word' id='word_1_369' title='bbox 717 2627 767 2669; x_wconf 85' lang='lat' dir='ltr'>ad</span> <span class='ocrx_word' id='word_1_370' title='bbox 802 2639 920 2669; x_wconf 89' lang='lat' dir='ltr'>usum</span> <span class='ocrx_word' id='word_1_371' title='bbox 955 2630 995 2668; x_wconf 91' lang='lat' dir='ltr'>et</span> <span class='ocrx_word' id='word_1_372' title='bbox 1027 2625 1335 2667; x_wconf 84' lang='lat' dir='ltr'>concessionem</span> <span class='ocrx_word' id='word_1_373' title='bbox 1372 2623 1764 2678; x_wconf 84' lang='lat' dir='ltr'>indulgentiarum»</span> 
     </span>
     <span class='ocr_line' id='line_1_40' title="bbox 143 2691 1766 2756; baseline -0.006 -14"><span class='ocrx_word' id='word_1_374' title='bbox 143 2700 249 2756; x_wconf 85' lang='lat' dir='ltr'>(can.</span> <span class='ocrx_word' id='word_1_375' title='bbox 288 2698 428 2750; x_wconf 52' lang='lat'>258}</span> <span class='ocrx_word' id='word_1_376' title='bbox 461 2696 518 2749; x_wconf 69' lang='lat'>2),</span> <span class='ocrx_word' id='word_1_377' title='bbox 552 2695 784 2753; x_wconf 79' lang='lat' dir='ltr'>deserendi.</span> <span class='ocrx_word' id='word_1_378' title='bbox 820 2694 867 2738; x_wconf 89' lang='lat' dir='ltr'>Et</span> <span class='ocrx_word' id='word_1_379' title='bbox 900 2694 977 2738; x_wconf 86' lang='lat' dir='ltr'>hoc</span> <span class='ocrx_word' id='word_1_380' title='bbox 1010 2694 1161 2737; x_wconf 85' lang='lat' dir='ltr'>sufficit</span> <span class='ocrx_word' id='word_1_381' title='bbox 1193 2691 1485 2735; x_wconf 85' lang='lat' dir='ltr'>observantiae</span> <span class='ocrx_word' id='word_1_382' title='bbox 1510 2694 1766 2748; x_wconf 87' lang='lat' dir='ltr'>praescripti.</span> 
     </span>
    </p>
   </div>
   <div class='ocr_carea' id='block_1_7' title="bbox 260 2843 1690 2894">
    <p class='ocr_par' dir='ltr' id='par_1_9' title="bbox 260 2843 1690 2894">
     <span class='ocr_line' id='line_1_41' title="bbox 260 2843 1690 2894; baseline -0.004 -11"><span class='ocrx_word' id='word_1_383' title='bbox 260 2850 271 2870; x_wconf 72' lang='lat'>1</span> <span class='ocrx_word' id='word_1_384' title='bbox 299 2849 318 2883; x_wconf 78' lang='lat'>7</span> <span class='ocrx_word' id='word_1_385' title='bbox 346 2850 437 2894; x_wconf 87' lang='lat' dir='ltr'>Apr.</span> <span class='ocrx_word' id='word_1_386' title='bbox 469 2848 570 2888; x_wconf 79' lang='lat'>1910,</span> <span class='ocrx_word' id='word_1_387' title='bbox 598 2847 672 2882; x_wconf 85' lang='lat' dir='ltr'>CO.</span> <span class='ocrx_word' id='word_1_388' title='bbox 699 2847 751 2888; x_wconf 87' lang='grc' dir='ltr'>ΙΙ,</span> <span class='ocrx_word' id='word_1_389' title='bbox 780 2849 860 2882; x_wconf 81' lang='grc'>225.</span> <span class='ocrx_word' id='word_1_390' title='bbox 891 2868 933 2872; x_wconf 84' lang='grc'><strong>-</strong></span> <span class='ocrx_word' id='word_1_391' title='bbox 960 2847 973 2869; x_wconf 74' lang='lat'>&#39;³</span> <span class='ocrx_word' id='word_1_392' title='bbox 1000 2846 1074 2881; x_wconf 88' lang='lat' dir='ltr'>CO.</span> <span class='ocrx_word' id='word_1_393' title='bbox 1102 2846 1152 2887; x_wconf 84' lang='grc' dir='ltr'>ΙΙ,</span> <span class='ocrx_word' id='word_1_394' title='bbox 1181 2847 1262 2881; x_wconf 77' lang='lat'><strong>575.</strong></span> <span class='ocrx_word' id='word_1_395' title='bbox 1292 2866 1335 2870; x_wconf 97' lang='lat'><strong>—</strong></span> <span class='ocrx_word' id='word_1_396' title='bbox 1360 2845 1374 2867; x_wconf 79' lang='lat'>3</span> <span class='ocrx_word' id='word_1_397' title='bbox 1400 2846 1444 2878; x_wconf 83' lang='lat'>28</span> <span class='ocrx_word' id='word_1_398' title='bbox 1470 2844 1554 2878; x_wconf 83' lang='lat' dir='ltr'>Ian.</span> <span class='ocrx_word' id='word_1_399' title='bbox 1587 2843 1690 2878; x_wconf 78' lang='lat'><strong>1756.</strong></span> 
     </span>
    </p>
   </div>
   <div class='ocr_carea' id='block_1_8' title="bbox 1874 0 1971 3261">
    <p class='ocr_par' dir='ltr' id='par_1_10' title="bbox 1874 0 1971 3261">
     <span class='ocr_line' id='line_1_42' title="bbox 1874 0 1971 3261; baseline 0 0"><span class='ocrx_word' id='word_1_400' title='bbox 1874 0 1971 3261; x_wconf 95' lang='lat' dir='ltr'> </span> 
     </span>
    </p>
   </div>
  </div>
 </body>
</html>
