1971 3261
116 143 209 180 Can.
235 143 306 178 949
692 141 774 176 'rm
808 141 872 174 Vt.
901 161 912 167 -
940 141 995 176 De
1026 142 1168 176 Ordine
1675 142 1743 177 355

114 262 316 305 criticium
355 258 452 311 Deo,
485 257 710 314 Missasque
751 258 964 301 celebrare
999 263 1079 301 tam
1118 273 1191 314 pro
1237 261 1358 311 vivis,
1389 271 1512 316 quam
1555 273 1627 315 pro
1675 261 1744 303 ‹le-

116 332 276 374 functis.
323 328 363 372 ln
410 331 575 371 nomine
624 327 784 370 Domini
810 344 849 379 n,
883 333 1006 385 atque
1042 333 1126 384 post
1163 330 1498 371 communionem
1540 329 1739 385 «Accipe

113 402 308 457 Spiritum
341 399 566 442 Sanctum:
600 411 778 454 quorum
818 399 1026 440 remiseris
1061 403 1248 453 peccata,
1284 400 1552 441 remittuntur
1586 401 1666 441 eis:
1702 405 1739 443 et

115 483 291 527 quorum
329 471 564 522 retinueris,
599 472 754 510 retenta
789 472 922 510 sunt»
954 469 977 509 ¹.
1014 469 1209 524 Sequitur
1244 471 1280 510 in
1316 480 1487 513 canone.
1534 468 1576 525 li)
1600 469 1740 513 diaeo-

115 543 344 596 natus,qui
379 540 591 582 confertur
626 551 697 594 per
741 540 1044 594 impositionem
1096 550 1242 580 manus
1293 539 1490 582 dexterae
1536 539 1742 583 pontilicis

113 611 305 655 dicentis:
345 610 543 666 «Accipe
576 611 773 665 Spiritum
810 611 1025 661 Sanctum,
1059 609 1108 651 ad
1147 609 1284 661 robur,
1319 614 1357 651 et
1390 610 1439 651 ad
1468 611 1739 654 resistendum

112 681 291 730 diabolo,
325 686 361 723 et
399 679 694 723 tentationibus
727 681 837 722 cius:
874 678 913 721 ln
951 681 1114 721 nominc
1152 678 1311 721 Domini
1339 696 1377 731 J),
1412 685 1533 735 atque
1570 695 1640 736 per
1665 687 1740 724 tra-

111 752 308 795 ditionem
345 750 437 794 libri
471 749 800 806 evangeliorum,
835 762 930 792 cum
965 761 1044 805 qua
1084 748 1220 792 verbis
1244 752 1429 792 enuntiat
1457 750 1635 793 l'ontit'cx
1663 752 1742 795 col-

114 823 236 866 latam
260 823 435 865 diacono
461 825 727 877 potestatem:
766 836 787 860 «
812 820 966 875 Accipe
1003 824 1243 875 potestatem
1280 819 1440 875 legendi
1469 820 1738 877 Evangelium

114 896 151 935 in
188 892 368 936 Ecclesia
407 890 493 946 Dei,
528 896 608 933 tam
646 904 718 946 pro
756 892 876 939 vivis,
910 902 1033 947 quam
1087 903 1158 945 pro
1208 890 1434 932 defunctis:
1488 891 1525 932 ln
1578 894 1742 935 nomine

114 964 274 1007 Domini
300 979 338 1004 n.
374 963 451 1006 Sed
490 967 652 1018 praeter
685 960 790 1004 hanc
826 965 1068 1017 potestatem
1107 962 1321 1003 ministerii
1348 963 1436 1003 cius
1462 965 1742 1018 praecipuam,

114 1035 251 1078 docuit
286 1039 404 1077 antea
442 1036 478 1076 in
515 1033 683 1076 Diaconi
729 1032 988 1074 ordinatione
1032 1030 1259 1087 Episcopus
1302 1035 1465 1074 nomine
1510 1032 1740 1077 Ecclesiae:

118 1105 385 1148 «Diaconum
421 1107 529 1147 euim
565 1108 726 1159 oportet
762 1104 996 1145 ministrare
1030 1101 1079 1144 ad
1115 1101 1261 1155 altat-0,
1298 1101 1505 1157 baptizare
1546 1109 1581 1145 ct
1628 1118 1742 1159 prae-

114 1177 255 1219 dicare
275 1192 293 1217 ))
319 1177 346 1216 ².

234 1247 500 1304 Prosequitur
533 1258 663 1289 canon
699 1246 858 1288 addens
891 1245 931 1302 c)
964 1243 1306 1299 subdiaconatus,
1332 1246 1401 1301 qui
1438 1246 1650 1287 confertur
1675 1260 1745 1301 per

114 1318 377 1362 traditionem
412 1316 562 1361 Calicis
595 1319 715 1359 vacui
751 1329 844 1359 cum
882 1320 1027 1371 patena
1066 1328 1194 1358 vacua
1229 1317 1503 1371 superposita,
1552 1316 1745 1359 l'ontilict¹

115 1389 297 1432 dicente:
337 1387 522 1431 «Videte
556 1389 675 1431 cuius
709 1389 984 1430 ministerium
1027 1385 1141 1428 vobis
1175 1386 1375 1430 traditur:
1419 1386 1509 1429 ideo
1562 1401 1632 1429 vos
1675 1388 1744 1430 ad-

117 1472 278 1512 mone0‚
314 1464 353 1502 ut
391 1461 443 1501 ita
480 1472 552 1501 vos
583 1457 830 1505 exhibeatis,
865 1462 908 1500 ut
943 1456 1027 1500 Deo
1063 1456 1226 1512 placere
1263 1459 1483 1512 possitis»,
1516 1463 1638 1514 atque
1675 1472 1745 1513 per

116 1530 378 1574 traditionem
405 1529 496 1573 libri
530 1529 808 1586 Epistolarum
843 1528 1009 1584 quando
1044 1527 1164 1570 simul
1201 1528 1300 1570 (licit
1336 1527 1581 1584 Episcopus:
1627 1529 1744 1572 «Ac-

115 1604 238 1658 cipite
274 1600 422 1644 librum
458 1600 753 1656 Epistolarum.
798 1604 837 1642 et
884 1599 1032 1642 habete
1082 1603 1324 1654 potestatem
1378 1599 1540 1655 legendi
1590 1613 1658 1643 eas
1708 1602 1744 1642 in

115 1672 299 1716 Ecclesia
333 1677 474 1715 sancta
512 1670 599 1723 Dei,
634 1676 714 1714 tam
753 1684 824 1726 pro
861 1672 980 1724 vivis,
1006 1682 1128 1726 quam
1166 1683 1238 1725 pro
1262 1669 1486 1713 defunctis:
1515 1669 1553 1712 ln
1581 1673 1746 1713 nomine

116 1743 247 1787 Patris
280 1745 302 1787 †
334 1748 373 1786 et
407 1742 494 1785 Filii
530 1747 553 1794 †
586 1748 622 1785 et
658 1742 836 1798 Spiritus
869 1743 891 1793 †
925 1742 1061 1784 Sancti
1090 1757 1126 1781 J).
1162 1741 1239 1784 Sed
1279 1746 1441 1796 praeter
1482 1741 1584 1784 lianc
1635 1747 1744 1797 pote-

115 1819 278 1867 statem,
312 1817 367 1856 uti
403 1814 570 1856 eosdem
606 1813 729 1856 (locet
765 1812 974 1855 Pontifex:
1015 1811 1363 1854 «subdiaconum
1401 1816 1563 1867 oportet
1595 1824 1742 1869 aquam

115 1886 165 1928 ad
202 1887 476 1928 ministerium
512 1885 654 1928 altaris
679 1896 943 1940 praeparare,
968 1883 1149 1925 Diacono
1174 1884 1424 1936 ministrare,
1452 1882 1579 1938 pallas
1607 1883 1748 1926 altaris

116 1961 156 1999 et
187 1955 416 2012 corporalia
451 1955 646 2005 abluere;
680 1953 859 1999 Calicem
895 1959 932 1997 et
969 1957 1162 1997 patenam
1190 1955 1227 1995 in
1255 1967 1370 1996 usum
1396 1956 1586 1997 sacrificii
1613 1954 1745 1997 eidem

119 2026 267 2070 offerre
291 2043 312 2067 ))
342 2026 370 2067 ³.

238 2097 378 2141 Postea
412 2096 627 2153 subiungit
662 2109 817 2140 canon:
851 2095 1059 2138 oniam-um,
1112 2109 1203 2137 cero
1258 2097 1500 2137 «nomine»
1554 2094 1642 2151 (qui
1691 2097 1749 2138 sic

116 2167 376 2224 appellantur
411 2173 599 2224 respectu
641 2168 690 2211 ad
742 2167 909 2210 ordines
957 2165 1152 2222 maiores)
1204 2165 1575 2220 «intelliguntur»
1627 2165 1746 2208 simul

117 2241 268 2295 sumpti
319 2239 359 2296 a)
404 2237 689 2297 acolythatus,
724 2240 791 2294 qui
832 2238 1046 2280 confertur
1082 2250 1153 2292 per
1185 2236 1448 2278 traditionem
1484 2235 1661 2292 duplicis
1695 2239 1751 2279 in-

117 2312 350 2364 strumenti,
384 2323 554 2365 nempe:
589 2308 830 2352 candelabri
866 2321 959 2351 cum
996 2307 1166 2350 candela
1203 2309 1382 2349 extincta
1418 2312 1455 2349 et
1490 2306 1640 2349 deinde
1685 2321 1749 2350 ur-

117 2380 221 2424 ceoli
259 2383 377 2424 vacui
411 2385 616 2424 tactorum
650 2380 821 2423 dextera
858 2392 981 2422 mauu
1017 2391 1037 2421 a
1073 2378 1359 2434 promovendo
1393 2382 1432 2421 et
1468 2390 1560 2420 cum
1587 2378 1750 2421 formis:

124 2450 318 2508 «Accipe
349 2452 694 2495 ceroferarium...
729 2455 846 2495 etc.»
884 2455 923 2492 et
962 2449 1154 2504 «Accipe
1189 2448 1451 2492 urceolum...
1496 2452 1574 2491 etc.
1597 2463 1636 2490 )).
1683 2449 1752 2491 Ρο-

119 2526 306 2565 testatem
342 2522 464 2566 huius
495 2522 620 2566 officii
656 2525 714 2565 sic
748 2523 919 2577 exponit
954 2520 1064 2563 l‘ont.
1100 2519 1246 2562 Rom:
1285 2518 1577 2575 «Acolythum
1602 2522 1751 2562 etenim

117 2597 278 2650 oportet
309 2594 608 2637 ceroferarium
649 2594 775 2646 ferre3
812 2592 1030 2635 luminaria
1067 2589 1278 2634 Ecclesiae
1317 2590 1572 2645 accendere3
1616 2593 1754 2633 vinum

118 2668 157 2707 et
188 2676 337 2721 aquam
372 2664 421 2707 ad
455 2664 759 2708 Eucharistiam
797 2665 1090 2705 ministrare».
1125 2660 1274 2705 Subdit
1307 2674 1466 2705 canon:
1509 2660 1551 2718 b)
1595 2661 1754 2703 efferci-

118 2739 270 2786 status,
303 2737 372 2792 qui
407 2737 465 2779 sic
498 2736 733 2779 confertur:
773 2750 794 2774 «
815 2734 997 2776 Pontifex
1035 2733 1158 2775 tradit
1195 2731 1475 2789 (Ordinandis
1516 2731 1682 2785 librum,
1716 2734 1754 2774 in

237 2841 247 2861 ¹
277 2840 418 2877 Pontif.
456 2841 568 2876 Rom.
606 2841 663 2875 De
691 2839 939 2874 ordinatione
966 2838 1208 2883 Presbyteri*
1257 2859 1291 2862 —
1336 2838 1349 2860 ²
1377 2837 1523 2872 Pontis.
1555 2837 1665 2871 Rom.
1696 2838 1753 2872 De

118 2886 369 2922 ordinatione
395 2889 574 2924 Diaconi.
605 2908 646 2913 —
674 2889 688 2910 ³
715 2887 830 2921 Ponti
861 2885 971 2920 Rom.
1002 2885 1059 2920 De
1086 2885 1332 2919 ordinatione
1360 2885 1609 2919 Subdiaconi.
