1971 3261
139 133 231 169 Gan.
257 130 415 167 aes-969
713 129 796 162 Trr.
825 128 891 163 VI.
920 149 932 153 -
961 128 1015 163 De
1045 129 1188 163 Ordine
1697 124 1767 160 385

139 253 377 299 tecedenter
409 250 458 294 ad
496 248 669 292 liberam
712 248 956 292 electionem
1007 248 1241 305 Episcopi»
1282 249 1449 304 proprio
1484 249 1572 289 iure
1606 245 1768 289 ordina-

139 327 234 375 turi,
266 335 339 367 seu
372 325 466 365 ante
513 321 839 376 acceptationem
889 319 1096 362 candidati
1141 319 1193 363 ab
1238 319 1304 361 illo
1347 317 1400 362 ob
1439 318 1667 374 praefatum
1705 319 1764 359 iu-

136 396 292 439 dicium
318 394 344 446 ¹,
379 393 417 434 in
452 404 534 448 quo
568 389 737 433 serendo
762 388 828 432 illc
852 402 1009 431 morem
1035 403 1180 445 gerere
1203 388 1323 432 debet
1350 387 1501 431 iudicio
1534 388 1767 443 Superioris

137 465 318 518 maioris,
351 464 420 520 qui
456 460 674 504 ordinandi
706 461 759 502 sit
792 461 983 515 proprius
1015 457 1276 507 Ordinarius,
1321 460 1390 502 sed
1436 463 1596 515 oportet
1628 457 1764 500 adhuc

136 535 181 592 b)
199 548 331 592 neque
349 532 437 576 ulla
461 531 704 575 deliiiealm·
726 530 997 573 ordinationis
1020 530 1250 573 subiectum
1278 529 1602 586 irreqularitale
1623 530 1764 572 stricto

137 620 257 650 sensu
292 609 476 661 accepta,
510 601 647 646 aliove
679 600 976 659 impedimento
1023 603 1111 643 six-e
1160 603 1370 643 communi
1420 600 1513 643 1101(-
1548 613 1640 642 cum
1676 598 1766 641 aliis

135 680 411 730 sacramento,
446 676 501 717 uti
536 679 595 717 est
628 685 818 726 censura,
851 671 1101 728 homonyma
1138 684 1281 727 poena,
1318 674 1493 726 privatio
1526 676 1655 713 status
1678 683 1764 726 gra-

137 751 232 803 tiae,
265 748 315 791 de
349 760 430 804 quo
464 745 529 788 bic
564 758 642 787 non
678 748 798 787 cavet
846 742 1000 796 Codex,
1044 744 1133 785 sive
1185 742 1381 797 peculiari
1431 742 1565 799 quoad
1601 754 1761 784 sacram

135 820 454 866 ordinationem,
491 814 741 858 inveniendo
778 814 950 870 proinde
982 812 1059 856 sub
1093 813 1179 856 Art.
1217 812 1244 853 ll
1283 812 1402 855 liuius
1434 813 1600 868 Capitis.

254 889 355 932 (jum
394 900 492 930 vero
525 891 610 929 tum
637 884 921 941 irregularitas
945 888 1029 926 tum
1057 883 1399 939 impedimentum
1435 896 1576 925 sacrae
1600 882 1762 924 ordina-

137 962 258 1003 tionis
293 960 503 1016 proprium
539 958 589 999 sit
622 959 889 999 constitutum
917 959 1084 1011 propter
1108 955 1305 996 honorem
1334 953 1635 1009 utilitatemque
1659 954 1763 995 sacri

138 1031 372 1083 ministerii,
404 1028 571 1072 additur
602 1026 630 1085 ξ
660 1028 702 1069 2.
742 1024 824 1079 Qui
858 1024 1185 1082 irreyillarilale
1218 1023 1353 1066 aliove
1386 1022 1678 1080 impedimeulo
1712 1036 1760 1064 ex

141 1100 253 1145 verbi
290 1102 540 1157 proprietate
573 1098 817 1141 detinentur
849 1109 869 1140 a
906 1096 1009 1139 bene
1042 1095 1225 1151 gerendo
1259 1096 1485 1137 ministerio
1512 1093 1596 1136 utili
1622 1106 1667 1135 ac
1694 1093 1762 1135 110-

136 1171 327 1225 norabili,
363 1176 403 1214 ut
437 1171 593 1213 dictum
629 1173 701 1223 est,
738 1167 833 1210 lieet
865 1167 907 1224 a)
937 1172 1032 1224 post
1080 1165 1405 1213 ordinationem,
1439 1178 1519 1220 qno
1569 1164 1762 1206 carebant

134 1248 230 1287 ante
264 1245 409 1299 ipsam,
434 1240 476 1297 b)
500 1240 627 1283 eliam
651 1239 742 1281 sine
761 1237 941 1296 propria
965 1236 1088 1295 culpa
1113 1241 1272 1287 eirorlo,
1291 1238 1393 1278 sicul
1419 1235 1609 1278 accidere
1635 1239 1764 1290 potest

134 1315 186 1357 de
219 1312 426 1370 aliquibus
450 1309 838 1368 irregularitatibus,
857 1307 1136 1366 prohibemin-
1157 1312 1343 1364 receptos
1366 1306 1536 1348 ordines
1559 1318 1762 1348 exercere.

136 1385 194 1429 Ex
231 1384 306 1428 hoc
340 1396 498 1427 canone
530 1382 612 1425 duo
645 1386 739 1424 sunt
772 1382 959 1424 canonici
1009 1379 1179 1422 essectus
1228 1377 1546 1434 irregularitatis
1588 1378 1692 1419 sicut
1726 1381 1762 1418 et

136 1456 529 1513 impedimentorum
564 1452 641 1496 sub
674 1452 762 1495 Art.
798 1451 829 1494 11
864 1452 1180 1493 recensitorum.

255 1527 355 1570 319.
393 1526 666 1571 Prohibitio
700 1525 985 1570 conferendi
1034 1523 1234 1568 ordines
1278 1524 1481 1577 propter
1513 1521 1763 1564 ministro-

134 1614 241 1645 rum
274 1598 638 1644 sufficientiam.
658 1621 715 1625 ——
742 1593 842 1637 Caii.
876 1595 970 1636 969
1003 1593 1253 1635 determinat
1299 1593 1382 1634 fere
1433 1591 1577 1633 iisdem
1629 1588 1764 1632 verbis

137 1676 255 1714 utens
286 1667 402 1712 (1011.ι
434 1667 546 1710 Trid.
580 1679 670 1723 cap.
707 1665 759 1708 16
793 1679 892 1709 sess.
927 1663 1073 1707 XXlll.
1106 1663 1134 1721 ξ
1169 1666 1202 1705 l.
1238 1662 1366 1706 Nemo
1389 1676 1440 1703 ea·
1461 1660 1763 1713 saecularibus,

137 1745 257 1798 prout
278 1739 451 1784 verbum
471 1739 693 1795 opponitur
709 1737 821 1780 clero
840 1735 1046 1792 religioso,
1065 1733 1288 1777 ordinetur
1304 1736 1426 1776 etiam
1450 1746 1520 1787 per
1549 1747 1567 1772 ((
1589 1734 1760 1787 primam

136 1818 394 1855 tonsuram»
433 1809 541 1868 (can.
577 1809 695 1865 950),
729 1808 801 1865 qui
833 1806 991 1850 iudicio
1023 1805 1192 1864 proprii
1225 1804 1276 1848 ol)
1312 1806 1509 1846 rationem
1531 1805 1568 1845 in
1593 1816 1685 1845 can.
1709 1802 1760 1845 94

139 1882 202 1926 vel
238 1882 313 1925 111
356 1892 595 1938 expressam
630 1878 843 1937 Episcopi,
879 1877 1079 1936 (scilicetz
1103 1880 1267 1932 sumpto
1294 1874 1420 1918 verbo
1444 1887 1537 1917 cum
1561 1874 1765 1929 signitica-

137 1956 246 1997 tione
277 1951 495 2008 canonica)
530 1965 610 1994 rimi
645 1950 701 1993 sit
733 1949 998 1992 necessarius
1034 1947 1094 1990 vel
1128 1946 1261 1997 utilis,
1294 1958 1400 2003 quae
1436 1944 1632 1987 inutilitas
1665 1945 1762 1985 oriri

138 2029 274 2082 posset
306 2037 355 2067 ex
405 2022 622 2066 ordinandi
672 2020 1002 2066 conditionibus:
1052 2020 1121 2062 sed
1172 2017 1409 2061 considerat
1456 2028 1587 2058 canon
1633 2017 1761 2071 ipsam

135 2097 374 2151 dioecesim,
408 2094 584 2137 addens:
620 2091 805 2135 ecclesiis
838 2090 1091 2149 quibuslibet
1124 2088 1339 2132 dioecesis.
1382 2086 1604 2130 Prohibitio
1639 2088 1763 2142 igitur

137 2167 289 2225 pendet
320 2179 340 2209 a
378 2165 566 2222 prudenti
603 2163 794 2220 Episcopi
831 2162 996 2206 iudicio.
1032 2161 1108 2205 bed
1135 2160 1244 2217 quod
1270 2161 1458 2215 sequitur
1482 2160 1519 2200 in
1544 2156 1633 2199 cit.⁰
1656 2162 1764 2212 cap.e

134 2239 257 2283 Conc.
293 2236 522 2280 Tridentini
555 2239 761 2278 statuente
813 2238 901 2276 (cut
935 2232 1071 2276 nullus
1105 2233 1142 2273 in
1180 2235 1389 2287 posterum
1430 2228 1659 2272 ordinetur,
1693 2229 1762 2283 qui

139 2309 193 2352 illi
226 2308 438 2352 Ecclesiae
470 2311 539 2350 aut
575 2309 640 2363 pio
674 2305 776 2361 lOCO,
813 2319 886 2361 pro
920 2307 1038 2347 cuius
1074 2303 1316 2345 necessitate
1351 2304 1419 2342 aut
1454 2299 1629 2342 utilitate
1651 2311 1764 2341 assu-

138 2382 276 2432 mitur,
311 2392 388 2422 non
423 2377 699 2432 adscribatur,
735 2375 802 2420 ubi
836 2378 922 2419 suis
958 2377 1153 2429 fungatur
1189 2370 1444 2423 muneribus,
1479 2383 1553 2412 nec
1597 2370 1766 2412 incertis

140 2456 313 2508 vagetur
344 2448 579 2496 sedibus»;
614 2449 652 2491 id
688 2452 818 2504 potest
852 2445 903 2489 ab
939 2446 1142 2501 Episcopo
1188 2445 1224 2485 in
1276 2444 1436 2498 praxim
1486 2441 1650 2493 deduci,
1693 2439 1763 2483 sed

134 2535 216 2580 qua
252 2521 315 2564 lex
350 2519 548 2576 abrogata
581 2523 657 2573 est,
690 2520 785 2575 quia
821 2530 928 2560 nunc
964 2516 1114 2558 sufficit
1148 2513 1373 2568 adscriptio
1410 2512 1588 2554 dioecesi
1627 2523 1767 2553 conse-

135 2606 268 2651 quens
305 2593 627 2647 «receptionem
673 2591 832 2646 primae
876 2592 1069 2630 tonsurae
1093 2601 1112 2625 »
1151 2584 1259 2641 (can.
1302 2583 1397 2637 lli,
1430 2583 1458 2640 ξ
1492 2582 1530 2635 2)
1567 2581 1627 2624 vel
1665 2581 1763 2637 legi-

138 2666 278 2707 timam
314 2661 699 2706 incardinationem.

256 2732 455 2789 Exceptio
489 2745 658 2776 normae
689 2731 731 2790 §¹
766 2731 784 2773 1
825 2730 1001 2773 traditur
1045 2730 1081 2770 in
1123 2727 1152 2783 ᾖ
1194 2728 1224 2769 2
1263 2730 1429 2782 propter
1463 2724 1539 2768 boc
1572 2726 1629 2767 sic
1664 2725 1762 2767 inci-

257 2886 268 2907 ¹
298 2885 478 2931 Epistola
503 2885 651 2919 Secret:
677 2884 829 2923 Status,
858 2884 879 2915 ‘2
905 2881 981 2915 Iul.
1011 2880 1116 2921 1912,
1144 2879 1221 2914 CO.
1261 2879 1330 2919 IV,
1363 2879 1444 2913 485.

222 2964 319 2992 BLAT
341 2979 360 2986 -
385 2964 509 2992 Oomm.
538 2965 622 2992 Tecti.
647 2962 723 2991 Cod.
745 2962 819 2990 [ur.
846 2960 928 2988 Can.
1644 2954 1683 2982 25
