1971 3261
176 168 269 204 Can.
295 168 363 203 967
751 167 836 200 ΤιΤ.
866 167 933 201 VI.
963 188 973 192 -
1002 167 1058 202 De
1088 168 1232 203 Ordine
1737 169 1805 203 351

176 287 272 322 nullo
311 291 409 332 paeto
435 285 556 322 docere
592 292 716 332 posset,
748 286 936 332 ipsummet
962 287 1165 322 clericorum
1195 288 1449 323 ordinationem
1481 299 1547 323 non
1590 288 1803 323 habiturum.

170 356 309 381 sacrum
340 345 598 392 presbyteratus
615 345 773 381 ordinem
801 346 1003 391 susciperet.
1034 346 1201 392 nullaque
1229 347 1407 382 interiecta
1430 358 1523 381 mora
1553 346 1742 382 Bononiam
1763 347 1803 382 ad

174 405 329 451 primum
355 404 565 439 sacrificium
603 415 672 439 non
702 405 778 439 sine
817 416 945 450 pompa
971 406 1185 439 offerendum
1215 411 1494 441 reverteretur».
1526 406 1561 441 Et
1604 407 1693 441 inira
1730 406 1804 452 Epi-

171 474 354 510 scoporum
390 463 548 509 querelas
587 464 750 506 refert,.«
773 464 862 509 quod
904 464 1098 509 superiores
1137 465 1324 509 regulares,
1353 466 1395 500 ad
1431 465 1643 500 eludendum
1679 466 1804 501 decreti

169 523 382 559 Clementini
406 522 679 565 observantiam,
707 523 977 558 advenientibus
1005 524 1265 558 ordinationum
1294 524 1521 569 temporibus,
1551 525 1708 559 subditos
1726 536 1806 559 suos

170 582 386 618 domicilium
423 587 596 620 moveant,
621 583 830 628 eosdemque
857 585 974 617 statim
1017 587 1090 628 post
1125 588 1301 627 susceptos
1328 583 1467 617 ordines
1496 584 1591 618 salsis
1625 584 1666 618 ‹lc
1692 585 1805 619 causis

167 642 213 677 ad
254 641 441 687 pristinum
477 641 727 677 monasterium
756 641 878 676 reverti
909 641 1049 676 iubeant
1072 654 1111 685 »ς
1140 646 1170 676 ct
1212 642 1332 675 merito
1360 642 1561 687 subiungit:
1597 658 1607 671 n
1631 643 1802 688 siquidem

170 701 346 746 regulares
373 700 572 736 huiusmodi
601 700 725 746 agendi
754 700 977 737 rationem...
1009 705 1081 735 tum
1110 712 1128 734 a
1157 700 1251 745 probi
1283 701 1342 734 viri
1373 702 1552 736 honestate
1578 706 1609 736 et
1639 702 1703 736 title
1723 703 1804 737 alie—

172 771 268 797 nam.
296 765 370 795 tum
397 760 501 795 etiam
530 760 666 795 debitae
684 771 763 805 erga
791 771 906 795 sacros
924 760 1236 795 ecclesiasticarum
1266 760 1439 794 antistites
1467 760 1706 796 observantiae
1724 773 1802 797 con-

170 820 313 855 trariam
340 830 428 862 esse,
459 820 520 866 ipsi
551 831 611 866 per
637 831 672 855 se
700 819 798 855 t'acile
825 823 1034 864 cognoscent
1058 833 1086 852 ».

290 928 363 971 His
398 927 626 972 rationibus
660 927 829 971 fulcitur
860 929 1048 984 aequitas
1081 940 1169 968 ean.
1205 929 1312 969 967.
1342 926 1535 977 faveant„
1565 928 1687 970 vetuit
1714 942 1733 971 a
1763 944 1802 971 re

172 999 377 1057 prohibita
414 1014 485 1056 per
518 1011 698 1043 canones
732 998 1042 1055 praecedentes,
1077 1012 1125 1042 eo
1159 998 1267 1055 quod
1304 1001 1487 1041 actiones
1528 1000 1802 1042 recensendae

168 1072 358 1129 (propter
391 1072 667 1114 inordinatam
693 1075 835 1114 contra
869 1084 940 1114 eos
966 1069 1218 1113 voluntatem
1251 1071 1315 1112 cui
1354 1069 1568 1125 uniuntur)
1591 1070 1802 1113 subiectae

167 1147 264 1186 sunt
295 1142 437 1186 sociali
484 1141 695 1186 Ecclesiae
741 1143 942 1198 potestati,
979 1146 1018 1184 et
1061 1143 1157 1199 quia
1201 1140 1429 1183 secundum
1479 1154 1561 1197 reg.
1599 1141 1700 1184 luris
1748 1142 1801 1184 88

170 1217 206 1256 in
244 1215 287 1257 6⁰
326 1214 538 1258 «Certum
573 1219 647 1267 est,
681 1213 790 1270 quod
827 1215 859 1255 is
891 1214 1112 1255 committit
1157 1215 1194 1254 iu
1242 1212 1390 1268 legem,
1425 1214 1492 1268 qui
1539 1212 1639 1267 legis
1676 1211 1800 1255 xerba

166 1285 463 1342 complectens,
498 1289 639 1328 contra
691 1284 791 1339 legis
840 1286 983 1327 nititur
1030 1283 1284 1326 voluntatem
1310 1299 1349 1323 ».
1401 1282 1494 1325 ldeo
1533 1299 1551 1323 «
1576 1289 1751 1326 caveant
1776 1300 1796 1322 ))

169 1356 418 1414 Superiores
461 1356 655 1412 reli'yiosi
699 1356 823 1398 iidem
869 1368 915 1398 ac
962 1357 998 1397 in
1035 1368 1123 1398 can.
1160 1355 1243 1397 965
1282 1360 1374 1397 sunt
1410 1354 1620 1409 declarati,
1668 1368 1716 1395 ne
1758 1354 1799 1396 in

166 1426 377 1486 fraudem,
411 1427 593 1471 scilicet:
628 1441 678 1470 ne
711 1426 873 1470 actibus
905 1426 1088 1470 celantes
1123 1428 1390 1469 intentionem
1443 1438 1519 1467 nou
1555 1430 1708 1468 rectam
1749 1428 1802 1467 vi-

168 1500 279 1543 tandi
316 1501 378 1542 ius
410 1498 613 1557 Episcopi
646 1498 886 1541 dioecesani
919 1498 967 1541 ad
1004 1511 1126 1554 quem
1163 1499 1200 1539 iu
1238 1495 1583 1553 praecedentibus
1616 1496 1799 1539 declara-

167 1575 252 1614 tum
278 1576 338 1614 est
372 1570 480 1628 quod
515 1572 692 1627 pertinet
716 1583 763 1612 ex
791 1571 879 1612 iure
915 1582 1163 1625 promovere
1186 1568 1420 1624 Superioris
1446 1567 1624 1623 religiosi
1649 1570 1687 1623 a)
1709 1566 1798 1609 sul)-

165 1642 298 1686 dicum
324 1640 609 1685 ordinandum
634 1643 757 1684 etiam
785 1654 856 1697 per
891 1642 1048 1697 primae
1072 1644 1265 1683 tonsurae
1289 1638 1566 1691 collationem,
1591 1638 1646 1681 (nl
1668 1637 1797 1681 alium

164 1713 411 1772 religiosam
459 1712 638 1763 domum,
683 1715 758 1756 etsi
802 1712 987 1755 eiusdem
1040 1711 1264 1768 religionis,
1310 1711 1497 1763 mittunt,
1539 1722 1643 1766 quae
1688 1710 1800 1752 fraus

165 1787 332 1829 eveniet
365 1785 532 1843 quando
568 1784 678 1827 nulla
713 1786 815 1827 iusta
850 1788 1046 1827 extranea
1081 1782 1331 1826 subsistente
1354 1794 1491 1826 causa.
1518 1783 1570 1824 ita
1605 1786 1800 1837 operatur

164 1857 362 1913 Superior
395 1857 562 1899 forsitan
598 1858 746 1898 timens
770 1855 821 1898 ab
854 1854 1057 1911 Episcopo
1093 1854 1365 1897 reiiciendum
1390 1866 1477 1896 esse
1510 1851 1721 1895 subditum
1747 1850 1798 1894 ab

164 1927 395 1982 ordinibus,
429 1926 540 1970 bunc
578 1926 867 1970 «mittendo»
905 1926 1099 1983 equidem
1148 1925 1197 1968 ad
1244 1929 1419 1980 tempus.
1464 1925 1503 1966 si
1539 1927 1679 1966 contra
1723 1923 1796 1965 Su-

165 2000 302 2055 perior
336 2000 374 2041 in
420 2000 612 2055 propriae
644 1999 902 2041 auctoritatis
937 2010 1011 2040 usu
1045 1996 1256 2040 subditum
1308 1995 1527 2038 transferat
1572 1996 1608 2036 iu
1654 2007 1799 2050 perpe-

165 2074 297 2125 tuum,
333 2082 554 2112 removens
587 2068 638 2112 ab
671 2068 748 2112 hac
781 2069 919 2123 domo,
952 2070 1025 2111 etsi
1060 2081 1152 2111 eum
1195 2069 1419 2109 intentione
1463 2070 1506 2109 ut
1539 2065 1699 2108 lacilius
1732 2079 1795 2107 or—

162 2139 296 2184 dinari
321 2145 459 2198 queat,
486 2139 547 2183 vel
575 2139 653 2183 alia
680 2142 782 2183 iusta
807 2142 1009 2182 existente
1033 2152 1170 2193 causa,
1192 2143 1286 2181 tunc
1313 2138 1423 2180 fraus
1449 2136 1656 2192 praedicta
1682 2135 1796 2180 abest

162 2213 346 2255 omnino.
369 2211 549 2255 Additur
580 2211 684 2255 alius
718 2211 937 2261 fraudandi
964 2211 1109 2253 modus
1138 2226 1154 2249 «
1176 2214 1317 2252 contra
1344 2208 1445 2264 legis
1472 2208 1724 2250 voluntatem
1746 2223 1793 2249 )):

159 2282 204 2339 h>
227 2287 302 2326 aut
335 2282 640 2326 concessionem
674 2282 915 2325 litterarum
941 2280 1299 2331 dimissoriarum,
1324 2292 1428 2336 quae
1452 2279 1634 2322 clausula
1662 2281 1796 2321 restri-

162 2355 319 2397 cttvam
338 2354 476 2397 firmat
495 2355 880 2411 interpretationem
901 2353 1037 2396 datam
1062 2351 1221 2395 verbis:
1253 2366 1272 2391 ((
1291 2353 1534 2407 Superiores
1554 2350 1734 2407 religiosi
1754 2365 1794 2403 >›‚

162 2423 214 2467 de
235 2424 453 2468 industria
475 2424 656 2469 scilicet:
682 2438 776 2469 cum
801 2424 879 2468 hoc
907 2425 1043 2467 studio
1067 2428 1103 2466 et
1132 2424 1339 2478 proposito
1364 2424 1401 2464 in
1427 2435 1508 2478 quo
1528 2421 1685 2464 fraudis
1702 2419 1794 2464 sub-

161 2498 310 2539 stantia
334 2498 466 2552 posita
489 2500 564 2551 est,
588 2495 630 2538 in
664 2494 710 2539 id
739 2500 898 2552 tempus
921 2494 1134 2552 differant,
1161 2507 1239 2551 qno
1269 2508 1288 2533 ((
1310 2492 1410 2549 legis
1437 2491 1560 2535 verba
1586 2491 1792 2548 complec-

162 2571 286 2609 tens»
305 2579 375 2610 eas
395 2569 557 2610 mittere
575 2571 699 2624 queat
717 2567 766 2610 ad
787 2566 913 2609 alium
930 2565 1177 2622 Episcopum
1200 2577 1277 2606 non
1298 2564 1605 2616 dioecesanum,
1622 2575 1791 2618 nempe:

162 2637 328 2695 quando
352 2636 588 2696 Episcopus
614 2637 674 2681 vel
699 2637 925 2696 obfuturas
949 2650 969 2680 a
995 2637 1188 2689 dioecesi,
1218 2638 1287 2692 qui
1323 2639 1383 2678 est
1416 2647 1537 2678 casus
1569 2640 1672 2678 can·.
1709 2635 1791 2677 966

162 2707 239 2752 sub
272 2708 407 2752 littera
440 2713 480 2766 c)
514 2709 764 2761 declaratus,
790 2709 851 2751 rel
875 2707 1016 2750 nullas
1041 2706 1262 2749 habiturus
1285 2706 1340 2748 sit
1364 2705 1656 2749 ordinationes
1681 2707 1791 2748 iuxta

162 2779 485 2836 explicationem
530 2779 653 2824 huius
685 2779 896 2824 clausulae
940 2782 977 2821 in
1023 2781 1091 2822 cit.
1133 2790 1222 2821 can.
1258 2775 1463 2830 Quamvis
1507 2776 1583 2819 hae
1627 2776 1793 2819 fraudes

162 2850 373 2894 multoties
405 2853 570 2907 ignotae
604 2850 843 2895 hominibus
877 2854 1069 2892 maneant
1092 2853 1132 2892 et
1156 2850 1396 2905 impunitae,
1432 2847 1534 2904 legis
1563 2852 1788 2903 transgres-

160 2934 298 2965 sorem
322 2921 502 2965 efficient
525 2934 665 2966 coram
690 2921 775 2965 Deo
800 2924 836 2964 in
874 2922 1040 2977 propria
1063 2921 1316 2963 conscientia
1350 2919 1472 2962 talem
1508 2920 1789 2975 Superiorem.
