1971 3261
185 135 278 171 Can.
304 134 462 169 955-9545
760 135 843 169 Trr.
872 135 931 169 VI.
959 155 969 160 -
1005 136 1061 169 De
1093 137 1238 171 Ordine
1751 135 1822 170 353

187 259 261 302 est,
294 266 457 298 cessare
489 253 655 303 debere,
701 259 737 297 et
784 257 845 297 ius
888 269 1111 299 commune
1144 270 1233 299 esse
1270 257 1585 310 restituendum,
1623 257 1817 300 incolumi

189 331 324 368 tamen
370 327 458 367 iure
501 324 663 380 collegii
699 327 736 368 5.
772 325 941 381 Congi·.⁶
975 326 1025 367 ‹le
1063 326 1330 383 l'ropagauda
1368 326 1464 369 Fide
1507 327 1558 370 ab
1599 327 1696 372 Urb.
1735 326 1816 369 t'lll

189 396 303 438 brevi
337 394 401 437 Ad
434 394 590 441 uberes.
624 395 705 437 (lici
749 395 797 437 18
833 394 924 438 Maii
965 396 1074 438 1638
1108 411 1317 448 concesso,
1355 397 1615 454 aliorumque
1639 400 1820 441 Semina·

188 468 343 508 riorum
382 479 455 508 seu
500 465 771 521 collegiorum
818 479 889 521 pro
937 467 1214 518 missionibus,
1249 472 1357 517 <nota
1395 468 1527 521 beneJ,
1561 482 1581 511 a
1616 471 1654 512 5.
1691 470 1731 510 (3.
1767 470 1818 512 ‹le

190 537 306 592 l'rop.
342 536 439 578 Fide
471 535 810 591 dependentium.
845 561 900 566 -——
935 539 1090 580 Ssmus.
1128 538 1275 580 lieneu.
1313 539 1382 580 l'l'.
1422 538 1491 580 ΧΥ
1530 539 1633 581 banc
1669 539 1819 582 resolu-

186 609 338 650 tionem
375 611 503 649 ratam
541 605 681 649 babuit
715 611 754 648 et
790 607 1069 660 conlirmat‘it5
1090 621 1265 664 emnquo
1292 608 1442 663 publici
1470 612 1569 651 iuris
1597 611 1683 651 lieri
1711 623 1820 652 man-

168 678 315 731 davit,
350 679 570 720 contrariis
602 676 855 734 quibuslibet
891 679 1060 719 minime
1095 677 1416 722 obstantibus».

302 746 479 791 Citatum
519 760 616 789 vero
650 752 772 803 caput
808 746 945 790 Conc.²
979 747 1104 789 'l'rid.i
1140 751 1319 790 continet
1356 750 1499 791 iisdem
1547 752 1628 792 lero
1667 751 1816 804 terliis,

183 832 231 862 ac
271 834 289 858 «
316 820 378 860 ius
414 822 531 861 vetus
564 832 613 860 ex
651 820 811 873 integro
848 820 1028 861 reterens
1054 836 1072 859 »
1111 819 1220 875 (can.
1248 821 1284 869 o,
1323 833 1358 861 n.
1387 819 1446 875 2⁰)
1472 827 1495 867 ξ
1523 822 1556 862 2.
1587 819 1818 877 [Episcopus-

181 888 385 946 proprius
421 891 458 931 in
497 901 587 932 can.
622 902 707 945 seq.
746 888 863 944 pleno
899 889 1228 945 cognoscendus,
1268 889 1377 931 iustu
1414 904 1540 931 wius-u
1577 904 1653 933 nou
1693 891 1816 948 impe-

184 958 314 1012 ditus,
350 973 384 1004 v.
421 974 480 1016 gr.
525 959 875 1016 «aegritudine»
924 974 972 1002 ex
1019 962 1086 1003 cit.
1127 960 1241 1004 Dec.⁰
1276 960 1502 1012 conciliari,
1547 975 1652 1017 quae
1696 976 1818 1005 cansa

186 1034 453 1088 interpretata
486 1032 559 1074 fuit
592 1031 643 1074 ab
677 1031 870 1075 omnibus
905 1036 1101 1088 tanquam
1137 1032 1390 1088 exemplum,
1425 1032 1490 1074 ille
1527 1032 1710 1075 iubetur:
1744 1047 1820 1087 per

183 1116 226 1145 se
258 1102 347 1160 ¹ipse
378 1116 475 1145 seces
512 1101 698 1145 subditos
734 1105 770 1144 in
808 1102 883 1146 bac
919 1117 960 1145 rc
999 1105 1110 1146 iuxta
1145 1116 1234 1145 can
1270 1116 1356 1160 seq.
1391 1103 1572 1155 ordinet,
1604 1106 1819 1146 conferens

188 1173 250 1217 vel
286 1176 461 1230 primam
499 1178 708 1216 tonsuram
750 1173 810 1217 vel
846 1174 1014 1217 ordines
1047 1173 1233 1230 singulos
1258 1187 1387 1231 usque
1411 1174 1460 1216 ad
1486 1173 1617 1216 solum
1655 1175 1820 1230 presb)-

186 1250 375 1293 tei-atum,
413 1246 525 1287 iuxta
561 1244 669 1287 dicta
704 1246 742 1287 in
780 1257 915 1301 praec.
949 1246 1018 1302 {⁰²
1055 1243 1128 1287 secl
1160 1258 1254 1288 cum
1289 1246 1478 1302 sequenti
1519 1244 1818 1300 prohibitione:

183 1314 394 1358 subditum
427 1314 502 1358 sibi
530 1317 567 1357 in
594 1315 669 1357 bac
697 1329 738 1358 re
762 1320 825 1358 ast
859 1315 1085 1358 orientalis
1120 1315 1245 1368 ritus,
1282 1331 1303 1356 c<
1328 1315 1555 1372 Episcopus
1581 1319 1771 1372 proprius
1795 1334 1814 1356 υ

185 1386 346 1441 latinus,
392 1399 516 1444 quam
562 1402 580 1427 ((
609 1399 732 1429 unam
777 1386 916 1430 Codex
962 1389 1130 1442 respicit
1174 1386 1450 1430 Ecclesiam»
1493 1387 1601 1441 (cau.
1642 1387 1694 1443 l),
1730 1388 1820 1429 siue

183 1455 414 1515 apostoliea
449 1455 615 1499 indulto
651 1462 818 1513 propter
852 1457 1095 1513 implicitam
1134 1456 1454 1513 prohibitionem
1480 1456 1595 1500 licite
1619 1457 1821 1500 ordinare

184 1541 265 1571 non
296 1533 446 1585 potest.
481 1527 609 1584 ldque
641 1530 833 1584 congruit
873 1528 1172 1584 «disciplinari
1220 1528 1314 1584 legi,
1358 1541 1464 1585 quae
1510 1542 1638 1585 usque
1683 1528 1818 1571 adbuc

125 1591 129 1595 ’
187 1601 316 1655 viguit
338 1615 358 1640 >›
398 1603 436 1642 et
470 1612 519 1642 ex
557 1599 679 1642 dictis
718 1614 738 1639 «
767 1601 849 1641 vim
886 1612 963 1641 non
999 1601 1187 1642 amisisse
1211 1600 1391 1643 dicenda
1414 1606 1512 1642 est»
1542 1600 1653 1656 (can.
1680 1602 1717 1649 6,
1740 1599 1816 1655 6⁰).

182 1672 248 1713 Sic
282 1672 391 1712 enim
429 1669 578 1726 legitur
604 1669 615 1691 ¹
653 1671 691 1712 in
729 1669 1036 1713 Decretalibus:
1069 1686 1087 1711 (ι
1107 1669 1208 1713 Cum
1243 1671 1474 1714 secundum
1503 1670 1667 1726 regulas
1691 1670 1819 1713 eccle-

181 1742 389 1784 siasticas:
427 1739 575 1793 ...Quia
614 1754 711 1784 vero
745 1740 872 1797 (sicut
906 1741 1076 1797 dicitnr)
1113 1743 1150 1783 in
1189 1741 1374 1797 partibus
1397 1741 1612 1785 Calabriae
1645 1741 1771 1784 Latini
1796 1754 1818 1784 a

181 1810 366 1865 Graecis,
398 1816 437 1854 et
471 1810 619 1855 Graeci
653 1824 673 1855 a
708 1811 863 1855 Latinis
895 1812 1125 1855 secundum
1162 1812 1403 1855 alterutrius
1447 1814 1713 1855 institutionis
1747 1811 1816 1855 ob-

183 1885 437 1926 servantiam
471 1882 736 1927 ordinantur:
772 1882 966 1926 nolumus
999 1883 1071 1939 (ait
1096 1882 1326 1927 Celestinus
1350 1883 1419 1940 lll)
1455 1884 1505 1926 de
1539 1888 1677 1926 cetero
1711 1896 1819 1926 com-

185 1955 405 1996 mixtiones
438 1958 478 1996 et
511 1954 834 1997 consuetudines
869 1956 1020 1997 rituum
1059 1956 1095 1996 in
1131 1954 1347 1997 ordinibus
1381 1954 1658 1998 observari».

303 2023 400 2068 303.
437 2026 713 2082 Episcopus
737 2027 968 2082 proprius
993 2027 1378 2071 ordinandorum
1402 2027 1744 2071 saecularium.
1761 2050 1804 2055 —

181 2095 245 2139 Ab
280 2095 356 2138 boc
390 2108 548 2139 canone
584 2098 727 2152 incipit
749 2095 888 2140 Codex
915 2101 1093 2139 tractare
1120 2098 1365 2152 praesertim
1391 2096 1441 2138 de
1465 2096 1576 2140 clero
1599 2095 1816 2146 saeculari,

181 2167 345 2210 dicente
379 2180 470 2209 ean.
505 2168 614 2210 956.
647 2165 884 2225 Episcopus
930 2166 1132 2224 proprius
1181 2169 1295 2210 iuxta
1349 2167 1666 2222 praecedentem
1717 2168 1818 2209 iuris

181 2237 578 2291 denominationem,
612 2237 722 2295 quod
755 2237 908 2281 attinet
942 2236 998 2281 (ια’
1028 2237 1356 2293 ordinationem,
1380 2237 1549 2281 exclusa
1582 2237 1815 2294 Episcopali

181 2311 494 2351 consecratione
528 2307 580 2352 ob
613 2321 703 2352 can.
738 2309 837 2364 953,
871 2308 1153 2351 saeevlw‘iwu
1180 2311 1269 2352 sive
1295 2308 1494 2352 laicorum
1529 2311 1618 2352 sive
1650 2308 1819 2352 clerico-

183 2392 272 2423 rum
300 2383 420 2435 prout
443 2379 580 2422 clerus
602 2380 829 2424 saecularis
863 2380 1134 2436 distinguitur
1169 2382 1206 2422 in
1241 2377 1394 2423 Codice
1418 2393 1438 2422 a
1464 2380 1575 2423 clero
1610 2379 1816 2435 religioso,

180 2454 240 2492 es!
275 2454 453 2503 tantum,
478 2451 587 2508 quod
612 2451 767 2494 dicitur
793 2456 962 2507 propter
990 2455 1308 2506 «opportunam
1335 2452 1664 2494 immutationem
1690 2463 1812 2507 quam

179 2520 317 2564 Codex
352 2520 471 2564 affert
510 2523 663 2577 vigenti
699 2521 778 2565 buc
815 2534 945 2577 usque
979 2521 1223 2577 disciplinae
1246 2537 1267 2561 »
1307 2521 1416 2579 (can.
1453 2524 1507 2575 6).

300 2590 534 2635 Bonit'acius
568 2595 678 2635 enim
717 2592 801 2635 Vlll
824 2592 837 2613 ²
871 2591 1196 2635 declarationem
1221 2598 1462 2649 sequentem
1489 2592 1640 2636 edidit:
1673 2593 1811 2635 «Cum

181 2661 317 2704 nullus
349 2662 549 2705 clericum
597 2663 818 2718 parochiae
851 2663 1009 2705 alienae
1043 2662 1190 2718 (idest:
1226 2663 1461 2719 dioecesis),
1499 2668 1663 2719 praeter
1693 2676 1811 2719 supe·

181 2734 300 2775 rioris
334 2734 460 2788 ipsius
494 2733 703 2778 licentiam
736 2733 887 2777 debeat
922 2734 1134 2776 ordinare:
1169 2737 1360 2789 superior
1385 2734 1628 2790 intelligitur
1663 2736 1700 2776 in
1737 2734 1811 2776 bor

250 2839 261 2860 ¹
289 2837 381 2882 Cap.
410 2838 445 2878 9,
474 2839 540 2874 tit.
569 2840 638 2881 XI,
665 2841 722 2874 De
748 2828 992 2884 temporibus
1019 2838 1328 2873 ordinationum.
1362 2860 1402 2864 —
1430 2840 1442 2861 '³
1470 2840 1560 2884 Cap.
1591 2840 1625 2879 ὃ,
1657 2840 1715 2873 tit.
1738 2839 1809 2881 IX,

177 2886 234 2920 De
261 2885 505 2930 bemporibus
532 2887 827 2922 ordinationum
854 2887 895 2920 in
923 2885 972 2919 6⁰.
