1971 3261
183 134 252 168 644
577 133 663 166 Lm.
690 132 764 166 111.
794 153 804 158 -
833 132 942 167 PARS
967 133 998 166 Ι.
1027 152 1042 159 -
1067 133 1125 168 De
1150 133 1416 169 sacramentis
1610 134 1705 170 Can.
1726 135 1818 170 1099

183 255 336 295 tionem
374 267 396 292 «
419 253 456 293 in
491 255 606 294 textu
641 256 680 294 et
720 256 915 295 contextu
960 251 1328 307 consideratam»,
1365 265 1584 308 possumus
1614 252 1682 296 hic
1715 253 1814 298 illud

182 325 431 378 restringere
475 335 547 378 pro
586 321 827 365 acatholicis
863 335 1028 379 semper
1062 321 1148 364 sive
1179 321 1405 380 baptizatis
1438 328 1554 366 extra
1589 322 1817 368 Ecclesiam

180 392 443 444 catholicam,
478 392 564 435 sice
597 394 765 435 omnino
800 406 881 435 non
912 391 1151 449 baptizatis,
1185 391 1301 446 Quae
1335 395 1618 450 interpretatio
1666 395 1814 438 confir-

183 468 318 507 matur
350 477 399 507 ex
433 465 645 520 supposita
679 463 998 519 dispensationis
1044 466 1255 520 sequentis
1307 466 1504 520 petitione
1542 464 1612 522 (de
1648 467 1821 522 impedi-

184 533 352 590 mentis)
389 547 496 591 quae
529 534 578 577 ad
615 546 806 577 normam
829 546 919 577 can.
941 533 1054 577 1060
1078 539 1117 577 et
1142 534 1253 577 1070
1277 536 1301 588 ἓ
1325 535 1343 577 1
1374 536 1663 579 tantummodo
1694 536 1818 581 habet

182 605 319 648 locum
354 607 391 647 in
430 607 722 661 coniugatione
758 606 884 661 partis
917 604 1159 648 catholicae.
1194 605 1260 648 Sic
1293 607 1402 648 enim
1427 605 1594 662 explicit
1619 613 1749 649 num.⁸
1773 608 1816 651 2:

181 676 309 719 etiam
339 680 432 734 post
469 674 679 718 obtentam
710 674 1084 733 dispensationem,
1105 688 1211 733 quae
1239 679 1485 733 supponitur
1518 680 1751 721 necessaria
1778 681 1816 721 in

181 760 278 791 casu
316 746 378 789 vel
413 760 486 803 pro
521 746 700 789 liceitate
739 749 990 790 matrimonii
1015 745 1064 789 ab
1087 746 1382 804 impedimento
1404 748 1564 791 mioetae
1595 748 1818 806 reliqionis

182 817 245 860 vel
279 817 552 875 disparitatis
585 816 723 860 cultas
766 818 816 860 ad
862 816 940 861 hoc
982 818 1092 874 quod
1138 817 1322 861 validum
1367 818 1685 862 matrimonium
1723 833 1816 863 con-

182 887 372 933 trahant.
410 886 592 931 Verbum
625 887 725 931 illud
765 904 787 929 «
810 890 933 931 etiam
959 903 979 929 ))
1018 890 1153 931 innuit
1185 888 1534 945 dispensationem
1559 889 1705 933 horum
1742 893 1816 934 im-

184 959 519 1016 pedimentorum
545 972 624 1001 non
649 959 903 1002 secumferre
927 958 1037 1002 illius
1061 960 1218 1002 formae
1240 963 1474 1004 servandae
1503 960 1816 1005 relaxationem.

301 1030 403 1076 Cum
439 1030 717 1074 excludantur
749 1029 802 1073 ab
840 1045 859 1070 ((
884 1035 1034 1073 statuta
1058 1032 1250 1087 superius
1274 1032 1404 1075 forma
1429 1047 1449 1072 ))
1488 1036 1650 1075 ceterae
1672 1035 1814 1076 coniu-

181 1105 372 1160 gationes
406 1102 456 1145 111
490 1107 530 1145 et
562 1100 613 1144 Vl
648 1104 686 1144 in
721 1104 745 1155 ἓ
776 1103 821 1155 2,
857 1106 896 1144 et
928 1115 1022 1145 cum
1067 1115 1118 1145 ex
1162 1104 1289 1158 ipsius
1336 1102 1475 1146 verbis
1511 1105 1749 1160 coniugatio
1783 1103 1813 1146 ll

180 1187 252 1217 seu
286 1175 393 1217 inter
425 1172 678 1216 acatholicos
723 1186 773 1215 ex
817 1172 1051 1216 defectione
1089 1172 1514 1229 comprehenderetur
1547 1187 1725 1231 quoque,
1758 1177 1817 1218 sic

183 1245 383 1288 limitatur
431 1246 755 1300 praescriptum:
790 1242 935 1287 Firmo
968 1249 1108 1286 antem
1145 1246 1255 1287 circa
1299 1244 1405 1288 hanc
1448 1244 1719 1301 multiplicem
1754 1259 1815 1289 se·

182 1321 377 1375 quentem
413 1317 748 1371 coniugationem
779 1314 1045 1372 praescripto
1079 1318 1106 1369 g
1140 1317 1177 1368 1,
1211 1330 1250 1358 n.
1287 1316 1312 1358 I
1349 1320 1521 1371 tantum,
1556 1321 1596 1358 et
1628 1318 1687 1359 sic
1720 1329 1812 1360 con-

185 1388 373 1430 firmatur
398 1385 583 1429 exclusio
609 1387 646 1428 in
672 1384 730 1427 0.ο
758 1385 801 1427 ⁶2⁰
826 1397 847 1428 3
872 1384 990 1428 nobis
1014 1386 1118 1428 facta
1142 1385 1467 1429 acatholicorum
1491 1399 1541 1429 ex
1566 1386 1815 1440 defectione,

181 1460 278 1516 quia
311 1470 431 1500 secus
464 1458 701 1512 coniugatio
739 1454 787 1498 Vl
822 1458 927 1499 inter
962 1469 1158 1512 personas
1194 1456 1469 1500 acatliolicam
1501 1470 1551 1500 ex
1585 1457 1815 1501 defectione

181 1541 229 1572 ac
263 1540 426 1584 semper
459 1526 731 1570 acatholicam
766 1526 842 1570 sub
876 1526 1031 1583 duplici
1075 1529 1261 1584 opposito
1305 1529 1559 1584 praescripto
1598 1527 1708 1571 illius
1740 1541 1813 1571 nu-

184 1601 284 1643 meri
318 1603 356 1642 et
390 1598 512 1641 huius
544 1597 581 1651 §³
614 1602 721 1641 esset
752 1602 957 1641 contenta.
982 1598 1178 1655 Sequitur
1200 1610 1351 1641 canon:
1387 1597 1616 1641 acatholici
1650 1601 1815 1655 proprie

180 1676 266 1714 tum
303 1684 351 1713 ex
387 1670 619 1713 defectione
652 1668 839 1726 (exclusa
873 1671 1165 1726 coniugatione
1188 1669 1219 1712 ll
1245 1672 1350 1713 inter
1374 1670 1515 1726 ipsos),
1540 1675 1624 1713 tum
1649 1683 1816 1727 semper

182 1739 286 1784 tales
320 1742 359 1782 in
394 1743 655 1783 antecessum
690 1739 776 1782 sive
808 1739 1013 1797 baptizati
1034 1740 1121 1782 sice
1143 1753 1225 1783 non
1262 1740 1467 1798 baptizati
1503 1742 1599 1795 sint,
1633 1740 1672 1783 si
1703 1740 1817 1783 inter

181 1824 225 1853 se
259 1807 528 1857 contrahant,
563 1822 656 1853 nam
702 1823 796 1853 cum
841 1809 1057 1853 catholicis
1099 1823 1242 1853 eorum
1282 1815 1521 1854 contractus
1554 1810 1815 1867 paragrapho

182 1880 226 1923 1⁰
264 1885 478 1937 reguntur,
516 1879 670 1923 nullibi
714 1885 910 1923 tenentur
949 1880 1004 1923 ad
1041 1879 1293 1924 catholicam
1336 1881 1601 1924 matrimonii
1631 1880 1813 1938 sormam

180 1950 447 2006 servandam,
481 1951 591 2009 quod
627 1953 861 1995 necessario
906 1953 981 1995 fuit
1025 1952 1264 1996 addendum
1298 1953 1568 1996 conformiter
1600 1953 1651 1996 ad
1687 1955 1811 1995 inter-

183 2025 456 2079 pretationem
491 2034 580 2066 can.
617 2023 668 2065 87
707 2024 744 2065 in
779 2021 1010 2067 Comment.
1045 2022 1198 2066 Textus
1233 2025 1430 2079 positam3
1469 2023 1663 2081 itemque,
1696 2035 1744 2066 ac
1777 2025 1808 2066 si

181 2093 409 2138 clausulam
455 2093 688 2137 «nullibi...
732 2098 810 2138 etc.
835 2109 855 2134 2)
906 2096 1087 2149 iteraret,
1122 2093 1172 2136 ab
1214 2093 1465 2138 acatholicis
1511 2096 1674 2150 proprie
1717 2095 1811 2151 quia

182 2178 261 2208 uon
296 2167 370 2221 ipsi
404 2165 722 2208 considerantur
764 2164 834 2208 sed
875 2165 927 2209 ab
958 2168 1018 2209 eis
1053 2165 1157 2219 nati.
1190 2166 1270 2208 etsi
1302 2166 1345 2208 in
1379 2164 1571 2209 Ecclesia
1603 2163 1809 2208 catholica

179 2235 384 2293 baptizati
416 2240 671 2293 quapropter
705 2235 782 2280 sub
815 2235 858 2290 ἕο
885 2237 926 2279 10
951 2238 1254 2292 invenirentur,
1279 2236 1356 2281 sub
1389 2237 1626 2280 conditione
1659 2236 1731 2294 qni
1763 2235 1813 2278 ab

181 2306 379 2364 infantili
412 2312 552 2349 aetate
585 2307 622 2350 id
658 2311 741 2351 est:
772 2322 792 2348 (c
815 2312 910 2351 ante
935 2307 1100 2364 plenum
1135 2310 1396 2364 septennium
1421 2323 1443 2348 »
1473 2307 1582 2364 (030.
1608 2308 1677 2357 88,
1699 2306 1727 2365 ἓ
1750 2307 1811 2360 3),

179 2377 346 2436 quando
385 2393 407 2418 «
432 2377 593 2433 legibus
617 2391 731 2421 mere
755 2378 1048 2422 ecclesiasticis
1071 2378 1208 2422 adhuc
1231 2392 1310 2421 non
1330 2383 1560 2422 tenentur»
1589 2378 1696 2433 (can.
1725 2376 1810 2435 1⁶2),

181 2453 221 2505 a)
255 2449 299 2491 in
333 2446 501 2491 haeresi
533 2449 667 2505 quoad
695 2451 1009 2492 instructionem
1035 2462 1082 2493 ac
1108 2462 1258 2504 mores,
1283 2448 1326 2506 1))
1349 2448 1412 2492 vel
1433 2447 1660 2491 schismate
1684 2448 1811 2492 idest:

181 2519 505 2573 independentia
554 2518 606 2563 31)
654 2518 838 2563 Ecclesia
887 2519 1086 2574 Romana,
1121 2519 1161 2577 c)
1196 2525 1270 2563 aut
1307 2519 1574 2576 infidelitate,
1608 2524 1812 2577 quatenus

180 2590 258 2634 sub
283 2590 507 2646 praedictis
531 2603 608 2633 non
633 2590 837 2647 designati
864 2590 1007 2634 falsam
1033 2591 1281 2647 religionem
1314 2596 1559 2648 sequuntur,
1579 2593 1660 2633 imo
1684 2590 1726 2647 d)
1749 2589 1813 2633 vel

179 2660 274 2703 sine
297 2659 388 2702 alla
410 2659 618 2717 reliyione
639 2662 823 2705 fortassis
845 2660 897 2705 01)
921 2661 1309 2705 indifferentismum
1334 2660 1620 2712 adoleverant,
1644 2661 1810 2718 quando

182 2731 420 2774 huiusmodi
470 2736 760 2787 permanentes
792 2744 840 2775 ac
873 2732 1035 2790 quoties
1078 2746 1168 2774 cum
1207 2737 1333 2789 parte
1374 2730 1611 2774 acatholica
1646 2733 1810 2788 proprie

180 2802 303 2857 dicta,
338 2804 428 2845 sive
461 2801 553 2844 talis
586 2801 638 2845 01)
671 2802 948 2846 defectionem
985 2805 1037 2846 sit
1078 2805 1168 2846 sive
1211 2802 1440 2846 acatholica
1473 2815 1638 2858 semper
1670 2802 1809 2857 fucrit,

181 2872 486 2917 contraoeerint.
521 2873 647 2916 Secus
682 2886 781 2929 ergo
815 2876 847 2917 si
882 2887 976 2917 cum
1012 2879 1128 2931 parte
1161 2877 1255 2918 actu
1299 2873 1501 2917 catholica
1535 2872 1584 2917 ad
1619 2885 1806 2916 normam
