<?xml version="1.0" encoding="UTF-8"?>
<!DOCTYPE html PUBLIC "-//W3C//DTD XHTML 1.0 Transitional//EN"
    "http://www.w3.org/TR/xhtml1/DTD/xhtml1-transitional.dtd">
<html xmlns="http://www.w3.org/1999/xhtml" xml:lang="en" lang="en">
 <head>
  <title>
</title>
<meta http-equiv="Content-Type" content="text/html;charset=utf-8" />
  <meta name='ocr-system' content='tesseract 3.04.00' />
  <meta name='ocr-capabilities' content='ocr_page ocr_carea ocr_par ocr_line ocrx_word'/>
</head>
<body>
  <div class='ocr_page' id='page_1' title='image "./p1commentariumte03blatuoft_0194.png"; bbox 0 0 1971 3261; ppageno 0'>
   <div class='ocr_carea' id='block_1_1' title="bbox 154 110 1787 148">
    <p class='ocr_par' dir='ltr' id='par_1_1' title="bbox 154 110 1787 148">
     <span class='ocr_line' id='line_1_1' title="bbox 154 110 1787 148; baseline -0.002 0"><span class='ocrx_word' id='word_1_1' title='bbox 154 114 223 148; x_wconf 84' lang='lat'>180</span> <span class='ocrx_word' id='word_1_2' title='bbox 548 112 632 146; x_wconf 74' lang='lat' dir='ltr'>Lm.</span> <span class='ocrx_word' id='word_1_3' title='bbox 662 112 735 146; x_wconf 88' lang='grc' dir='ltr'>ΠΙ.</span> <span class='ocrx_word' id='word_1_4' title='bbox 764 131 777 136; x_wconf 90' lang='grc'>-</span> <span class='ocrx_word' id='word_1_5' title='bbox 805 111 915 145; x_wconf 79' lang='lat' dir='ltr'><strong>PARS</strong></span> <span class='ocrx_word' id='word_1_6' title='bbox 941 111 972 145; x_wconf 90' lang='lat' dir='ltr'>I.</span> <span class='ocrx_word' id='word_1_7' title='bbox 1001 130 1014 137; x_wconf 93' lang='lat'><em>-</em></span> <span class='ocrx_word' id='word_1_8' title='bbox 1040 111 1098 146; x_wconf 82' lang='lat' dir='ltr'>De</span> <span class='ocrx_word' id='word_1_9' title='bbox 1122 111 1388 146; x_wconf 72' lang='lat' dir='ltr'>Sam-amentis</span> <span class='ocrx_word' id='word_1_10' title='bbox 1510 110 1604 146; x_wconf 82' lang='lat' dir='ltr'>Can.</span> <span class='ocrx_word' id='word_1_11' title='bbox 1630 110 1787 145; x_wconf 77' lang='lat'>848-849</span> 
     </span>
    </p>
   </div>
   <div class='ocr_carea' id='block_1_2' title="bbox 160 174 987 182">
    <p class='ocr_par' dir='ltr' id='par_1_2' title="bbox 160 174 987 182">
     <span class='ocr_line' id='line_1_2' title="bbox 160 174 987 182; baseline 0 0"><span class='ocrx_word' id='word_1_12' title='bbox 160 174 987 182; x_wconf 95' lang='lat' dir='ltr'> </span> 
     </span>
    </p>
   </div>
   <div class='ocr_carea' id='block_1_3' title="bbox 1213 173 1722 177">
    <p class='ocr_par' dir='ltr' id='par_1_3' title="bbox 1213 173 1722 177">
     <span class='ocr_line' id='line_1_3' title="bbox 1213 173 1722 177; baseline 0 0"><span class='ocrx_word' id='word_1_13' title='bbox 1213 173 1722 177; x_wconf 95' lang='lat' dir='ltr'> </span> 
     </span>
    </p>
   </div>
   <div class='ocr_carea' id='block_1_4' title="bbox 151 228 1807 2822">
    <p class='ocr_par' dir='ltr' id='par_1_4' title="bbox 158 228 1787 358">
     <span class='ocr_line' id='line_1_4' title="bbox 159 228 1787 290; baseline -0.003 -13"><span class='ocrx_word' id='word_1_14' title='bbox 159 233 330 277; x_wconf 73' lang='lat' dir='ltr'>etesium</span> <span class='ocrx_word' id='word_1_15' title='bbox 378 231 609 290; x_wconf 74' lang='lat' dir='ltr'>deferendi,</span> <span class='ocrx_word' id='word_1_16' title='bbox 655 230 842 288; x_wconf 68' lang='lat' dir='ltr'>pertinet</span> <span class='ocrx_word' id='word_1_17' title='bbox 873 228 933 273; x_wconf 79' lang='lat' dir='ltr'>ad</span> <span class='ocrx_word' id='word_1_18' title='bbox 958 228 1206 288; x_wconf 64' lang='lat' dir='ltr'>parochiam,</span> <span class='ocrx_word' id='word_1_19' title='bbox 1257 229 1336 273; x_wconf 92' lang='lat' dir='ltr'>illis</span> <span class='ocrx_word' id='word_1_20' title='bbox 1383 231 1618 273; x_wconf 86' lang='lat' dir='ltr'>constitutis</span> <span class='ocrx_word' id='word_1_21' title='bbox 1668 228 1787 272; x_wconf 76' lang='lat' dir='ltr'>intra</span> 
     </span>
     <span class='ocr_line' id='line_1_5' title="bbox 158 301 857 358; baseline -0.007 -10"><span class='ocrx_word' id='word_1_22' title='bbox 158 319 280 349; x_wconf 71' lang='lat' dir='ltr'>suzim</span> <span class='ocrx_word' id='word_1_23' title='bbox 314 303 577 347; x_wconf 59' lang='lat' dir='ltr'>territorium</span> <span class='ocrx_word' id='word_1_24' title='bbox 613 301 857 358; x_wconf 84' lang='lat' dir='ltr'>paroeciale.</span> 
     </span>
    </p>

    <p class='ocr_par' dir='ltr' id='par_1_5' title="bbox 151 370 1794 855">
     <span class='ocr_line' id='line_1_6' title="bbox 274 370 1790 432; baseline -0.004 -13"><span class='ocrx_word' id='word_1_25' title='bbox 274 374 586 432; x_wconf 83' lang='lat' dir='ltr'>Consequenter</span> <span class='ocrx_word' id='word_1_26' title='bbox 618 375 673 416; x_wconf 92' lang='lat' dir='ltr'>ait</span> <span class='ocrx_word' id='word_1_27' title='bbox 706 374 730 426; x_wconf 61' lang='grc' dir='ltr'>ἓ</span> <span class='ocrx_word' id='word_1_28' title='bbox 765 372 803 414; x_wconf 72' lang='lat'>⁶2.</span> <span class='ocrx_word' id='word_1_29' title='bbox 841 371 978 415; x_wconf 74' lang='lat' dir='ltr'>Ceteri</span> <span class='ocrx_word' id='word_1_30' title='bbox 1019 373 1275 427; x_wconf 72' lang='lat' dir='ltr'>scicerdoteS‚</span> <span class='ocrx_word' id='word_1_31' title='bbox 1321 371 1551 429; x_wconf 80' lang='lat' dir='ltr'>presbyteri</span> <span class='ocrx_word' id='word_1_32' title='bbox 1598 371 1661 415; x_wconf 85' lang='lat' dir='ltr'>vel</span> <span class='ocrx_word' id='word_1_33' title='bbox 1696 370 1790 428; x_wconf 90' lang='lat' dir='ltr'>Epi-</span> 
     </span>
     <span class='ocr_line' id='line_1_7' title="bbox 158 442 1794 504; baseline -0.004 -13"><span class='ocrx_word' id='word_1_34' title='bbox 158 449 272 504; x_wconf 88' lang='lat' dir='ltr'>scopi</span> <span class='ocrx_word' id='word_1_35' title='bbox 310 445 371 488; x_wconf 77' lang='lat' dir='ltr'>vel</span> <span class='ocrx_word' id='word_1_36' title='bbox 407 445 445 488; x_wconf 86' lang='lat' dir='ltr'>S.</span> <span class='ocrx_word' id='word_1_37' title='bbox 481 444 526 488; x_wconf 83' lang='lat' dir='ltr'>R.</span> <span class='ocrx_word' id='word_1_38' title='bbox 562 443 605 488; x_wconf 90' lang='lat' dir='ltr'>E.</span> <span class='ocrx_word' id='word_1_39' title='bbox 640 442 883 487; x_wconf 76' lang='lat' dir='ltr'>Cat-dinales</span> <span class='ocrx_word' id='word_1_40' title='bbox 914 442 960 486; x_wconf 73' lang='lat' dir='ltr'>id</span> <span class='ocrx_word' id='word_1_41' title='bbox 988 448 1166 501; x_wconf 72' lang='lat' dir='ltr'>possunt</span> <span class='ocrx_word' id='word_1_42' title='bbox 1201 448 1239 497; x_wconf 93' lang='lat' dir='ltr'>a)</span> <span class='ocrx_word' id='word_1_43' title='bbox 1271 443 1316 486; x_wconf 69' lang='lat' dir='ltr'>iii</span> <span class='ocrx_word' id='word_1_44' title='bbox 1349 457 1449 486; x_wconf 81' lang='lat' dir='ltr'>casu</span> <span class='ocrx_word' id='word_1_45' title='bbox 1475 448 1637 485; x_wconf 75' lang='lat' dir='ltr'>tantum</span> <span class='ocrx_word' id='word_1_46' title='bbox 1659 455 1794 484; x_wconf 66' lang='lat' dir='ltr'>neces-</span> 
     </span>
     <span class='ocr_line' id='line_1_8' title="bbox 156 512 1789 572; baseline -0.004 -11"><span class='ocrx_word' id='word_1_47' title='bbox 156 518 315 570; x_wconf 69' lang='lat' dir='ltr'>sitatis,</span> <span class='ocrx_word' id='word_1_48' title='bbox 354 530 389 559; x_wconf 75' lang='lat' dir='ltr'>v,</span> <span class='ocrx_word' id='word_1_49' title='bbox 425 530 488 572; x_wconf 86' lang='lat' dir='ltr'>gr.</span> <span class='ocrx_word' id='word_1_50' title='bbox 522 517 690 558; x_wconf 77' lang='lat' dir='ltr'>forsitan</span> <span class='ocrx_word' id='word_1_51' title='bbox 727 514 907 570; x_wconf 87' lang='lat' dir='ltr'>parocho</span> <span class='ocrx_word' id='word_1_52' title='bbox 941 515 1125 562; x_wconf 73' lang='lat' dir='ltr'>absente,</span> <span class='ocrx_word' id='word_1_53' title='bbox 1171 513 1213 571; x_wconf 89' lang='lat' dir='ltr'>b)</span> <span class='ocrx_word' id='word_1_54' title='bbox 1247 519 1322 557; x_wconf 78' lang='lat' dir='ltr'>aut</span> <span class='ocrx_word' id='word_1_55' title='bbox 1354 513 1405 557; x_wconf 81' lang='lat' dir='ltr'>de</span> <span class='ocrx_word' id='word_1_56' title='bbox 1436 513 1609 557; x_wconf 75' lang='lat' dir='ltr'>lieentia</span> <span class='ocrx_word' id='word_1_57' title='bbox 1643 512 1789 555; x_wconf 76' lang='lat' dir='ltr'>saltem</span> 
     </span>
     <span class='ocr_line' id='line_1_9' title="bbox 151 584 1791 647; baseline -0.003 -16"><span class='ocrx_word' id='word_1_58' title='bbox 151 592 444 647; x_wconf 74' lang='lat' dir='ltr'>praesumpta,</span> <span class='ocrx_word' id='word_1_59' title='bbox 482 600 518 627; x_wconf 80' lang='lat' dir='ltr'>v.</span> <span class='ocrx_word' id='word_1_60' title='bbox 554 600 615 641; x_wconf 84' lang='lat' dir='ltr'>gr.</span> <span class='ocrx_word' id='word_1_61' title='bbox 648 587 680 628; x_wconf 90' lang='lat' dir='ltr'>si</span> <span class='ocrx_word' id='word_1_62' title='bbox 715 584 945 641; x_wconf 80' lang='lat' dir='ltr'>Episcopus</span> <span class='ocrx_word' id='word_1_63' title='bbox 977 589 1047 628; x_wconf 86' lang='lat' dir='ltr'>aut</span> <span class='ocrx_word' id='word_1_64' title='bbox 1079 586 1119 629; x_wconf 85' lang='lat' dir='ltr'>S.</span> <span class='ocrx_word' id='word_1_65' title='bbox 1153 585 1198 629; x_wconf 79' lang='lat' dir='ltr'>R.</span> <span class='ocrx_word' id='word_1_66' title='bbox 1232 584 1277 628; x_wconf 91' lang='lat' dir='ltr'>E.</span> <span class='ocrx_word' id='word_1_67' title='bbox 1312 584 1543 629; x_wconf 86' lang='lat' dir='ltr'>Cardinalis</span> <span class='ocrx_word' id='word_1_68' title='bbox 1562 589 1667 628; x_wconf 90' lang='lat' dir='ltr'>esset</span> <span class='ocrx_word' id='word_1_69' title='bbox 1691 596 1711 627; x_wconf 88' lang='lat' dir='ltr'>a</span> <span class='ocrx_word' id='word_1_70' title='bbox 1738 586 1791 626; x_wconf 80' lang='lat' dir='ltr'>t&#39;a-</span> 
     </span>
     <span class='ocr_line' id='line_1_10' title="bbox 160 654 1792 713; baseline -0.003 -11"><span class='ocrx_word' id='word_1_71' title='bbox 160 660 272 703; x_wconf 81' lang='lat' dir='ltr'>milia</span> <span class='ocrx_word' id='word_1_72' title='bbox 306 660 517 711; x_wconf 74' lang='lat' dir='ltr'>invitatus,</span> <span class='ocrx_word' id='word_1_73' title='bbox 552 655 737 699; x_wconf 77' lang='lat' dir='ltr'>eiusdem</span> <span class='ocrx_word' id='word_1_74' title='bbox 769 655 947 713; x_wconf 76' lang='lat' dir='ltr'>parochi</span> <span class='ocrx_word' id='word_1_75' title='bbox 979 669 1027 700; x_wconf 88' lang='lat' dir='ltr'>ac</span> <span class='ocrx_word' id='word_1_76' title='bbox 1060 668 1186 713; x_wconf 87' lang='lat' dir='ltr'>supra</span> <span class='ocrx_word' id='word_1_77' title='bbox 1211 659 1249 698; x_wconf 95' lang='lat' dir='ltr'>in</span> <span class='ocrx_word' id='word_1_78' title='bbox 1273 659 1298 710; x_wconf 61' lang='lat' dir='ltr'>g</span> <span class='ocrx_word' id='word_1_79' title='bbox 1324 657 1365 698; x_wconf 81' lang='lat'>10</span> <span class='ocrx_word' id='word_1_80' title='bbox 1390 656 1604 708; x_wconf 72' lang='lat' dir='ltr'>declarati,</span> <span class='ocrx_word' id='word_1_81' title='bbox 1631 654 1692 698; x_wconf 72' lang='lat' dir='ltr'>vel</span> <span class='ocrx_word' id='word_1_82' title='bbox 1719 654 1792 698; x_wconf 75' lang='lat' dir='ltr'>Or-</span> 
     </span>
     <span class='ocr_line' id='line_1_11' title="bbox 158 725 1791 784; baseline -0.002 -11"><span class='ocrx_word' id='word_1_83' title='bbox 158 729 322 774; x_wconf 72' lang='lat' dir='ltr'>[linarii</span> <span class='ocrx_word' id='word_1_84' title='bbox 346 729 542 784; x_wconf 70' lang='lat' dir='ltr'>descripti</span> <span class='ocrx_word' id='word_1_85' title='bbox 569 729 778 782; x_wconf 76' lang='lat' dir='ltr'>territorii,</span> <span class='ocrx_word' id='word_1_86' title='bbox 805 729 872 784; x_wconf 83' lang='lat' dir='ltr'>qui</span> <span class='ocrx_word' id='word_1_87' title='bbox 900 727 1072 784; x_wconf 75' lang='lat' dir='ltr'>proinde</span> <span class='ocrx_word' id='word_1_88' title='bbox 1098 740 1177 770; x_wconf 94' lang='lat' dir='ltr'>non</span> <span class='ocrx_word' id='word_1_89' title='bbox 1202 731 1263 770; x_wconf 86' lang='lat' dir='ltr'>est</span> <span class='ocrx_word' id='word_1_90' title='bbox 1281 727 1521 783; x_wconf 85' lang='lat' dir='ltr'>designatus</span> <span class='ocrx_word' id='word_1_91' title='bbox 1543 726 1620 770; x_wconf 86' lang='lat' dir='ltr'>sub</span> <span class='ocrx_word' id='word_1_92' title='bbox 1646 726 1723 770; x_wconf 88' lang='lat' dir='ltr'>boc</span> <span class='ocrx_word' id='word_1_93' title='bbox 1745 725 1791 784; x_wconf 60' lang='grc' dir='ltr'>ἕο</span> 
     </span>
     <span class='ocr_line' id='line_1_12' title="bbox 155 797 1694 855; baseline -0.003 -11"><span class='ocrx_word' id='word_1_94' title='bbox 155 800 367 853; x_wconf 79' lang='lat' dir='ltr'>sacerdos,</span> <span class='ocrx_word' id='word_1_95' title='bbox 400 799 471 842; x_wconf 87' lang='lat' dir='ltr'>sed</span> <span class='ocrx_word' id='word_1_96' title='bbox 508 801 672 855; x_wconf 89' lang='lat' dir='ltr'>propria</span> <span class='ocrx_word' id='word_1_97' title='bbox 709 803 841 854; x_wconf 88' lang='lat' dir='ltr'>potest</span> <span class='ocrx_word' id='word_1_98' title='bbox 874 801 1119 841; x_wconf 88' lang='lat' dir='ltr'>auctoritate</span> <span class='ocrx_word' id='word_1_99' title='bbox 1153 802 1196 840; x_wconf 90' lang='lat' dir='ltr'>ut</span> <span class='ocrx_word' id='word_1_100' title='bbox 1230 797 1437 854; x_wconf 86' lang='lat' dir='ltr'>parochus</span> <span class='ocrx_word' id='word_1_101' title='bbox 1469 811 1518 840; x_wconf 85' lang='lat' dir='ltr'>ex</span> <span class='ocrx_word' id='word_1_102' title='bbox 1557 797 1602 853; x_wconf 64' lang='lat'>§⁰</span> <span class='ocrx_word' id='word_1_103' title='bbox 1639 797 1694 840; x_wconf 90' lang='lat'>1⁰.</span> 
     </span>
    </p>

    <p class='ocr_par' dir='ltr' id='par_1_6' title="bbox 161 871 1800 1709">
     <span class='ocr_line' id='line_1_13' title="bbox 279 871 1794 928; baseline -0.001 -14"><span class='ocrx_word' id='word_1_104' title='bbox 279 872 374 914; x_wconf 79' lang='grc'>166.</span> <span class='ocrx_word' id='word_1_105' title='bbox 398 872 488 923; x_wconf 88' lang='lat' dir='ltr'>Qui</span> <span class='ocrx_word' id='word_1_106' title='bbox 508 872 668 928; x_wconf 84' lang='lat' dir='ltr'>possit</span> <span class='ocrx_word' id='word_1_107' title='bbox 685 871 915 927; x_wconf 85' lang='lat' dir='ltr'>privatim</span> <span class='ocrx_word' id='word_1_108' title='bbox 935 871 1133 916; x_wconf 77' lang='lat' dir='ltr'>deferre</span> <span class='ocrx_word' id='word_1_109' title='bbox 1151 871 1359 915; x_wconf 80' lang='lat' dir='ltr'>infirmis</span> <span class='ocrx_word' id='word_1_110' title='bbox 1377 883 1570 915; x_wconf 87' lang='lat' dir='ltr'>sacram</span> <span class='ocrx_word' id='word_1_111' title='bbox 1590 882 1794 915; x_wconf 86' lang='lat' dir='ltr'>commu-</span> 
     </span>
     <span class='ocr_line' id='line_1_14' title="bbox 162 938 1794 998; baseline -0.006 -9"><span class='ocrx_word' id='word_1_112' title='bbox 162 945 372 989; x_wconf 86' lang='lat' dir='ltr'>nionem.</span> <span class='ocrx_word' id='word_1_113' title='bbox 396 968 453 972; x_wconf 96' lang='lat'>—</span> <span class='ocrx_word' id='word_1_114' title='bbox 479 940 578 984; x_wconf 70' lang='lat' dir='ltr'>Csm.</span> <span class='ocrx_word' id='word_1_115' title='bbox 613 943 721 984; x_wconf 79' lang='grc'><em>849.</em></span> <span class='ocrx_word' id='word_1_116' title='bbox 744 940 772 998; x_wconf 61' lang='grc' dir='ltr'><strong>ξ</strong></span> <span class='ocrx_word' id='word_1_117' title='bbox 798 941 833 984; x_wconf 81' lang='lat' dir='ltr'>l.</span> <span class='ocrx_word' id='word_1_118' title='bbox 863 939 1203 992; x_wconf 73' lang='lat' dir='ltr'>Commmiionem</span> <span class='ocrx_word' id='word_1_119' title='bbox 1236 939 1550 982; x_wconf 75' lang='lat' dir='ltr'>ministrandam</span> <span class='ocrx_word' id='word_1_120' title='bbox 1574 938 1794 996; x_wconf 71' lang='lat' dir='ltr'>privatim,</span> 
     </span>
     <span class='ocr_line' id='line_1_15' title="bbox 163 1008 1797 1070; baseline -0.003 -13"><span class='ocrx_word' id='word_1_121' title='bbox 163 1016 222 1057; x_wconf 88' lang='lat' dir='ltr'>uti</span> <span class='ocrx_word' id='word_1_122' title='bbox 256 1013 509 1070; x_wconf 85' lang='lat' dir='ltr'>explicatum</span> <span class='ocrx_word' id='word_1_123' title='bbox 544 1016 683 1055; x_wconf 90' lang='lat' dir='ltr'>manet</span> <span class='ocrx_word' id='word_1_124' title='bbox 717 1013 756 1054; x_wconf 91' lang='lat' dir='ltr'>in</span> <span class='ocrx_word' id='word_1_125' title='bbox 791 1023 882 1055; x_wconf 90' lang='lat' dir='ltr'>can.</span> <span class='ocrx_word' id='word_1_126' title='bbox 917 1011 1017 1063; x_wconf 74' lang='lat'>847,</span> <span class='ocrx_word' id='word_1_127' title='bbox 1052 1009 1108 1053; x_wconf 81' lang='lat' dir='ltr'>ad</span> <span class='ocrx_word' id='word_1_128' title='bbox 1140 1010 1329 1067; x_wconf 70' lang='lat' dir='ltr'>infirmos</span> <span class='ocrx_word' id='word_1_129' title='bbox 1361 1022 1661 1067; x_wconf 77' lang='lat' dir='ltr'>quoscumque,</span> <span class='ocrx_word' id='word_1_130' title='bbox 1681 1008 1797 1052; x_wconf 82' lang='lat' dir='ltr'>salva</span> 
     </span>
     <span class='ocr_line' id='line_1_16' title="bbox 162 1079 1796 1139; baseline -0.003 -12"><span class='ocrx_word' id='word_1_131' title='bbox 162 1084 406 1128; x_wconf 73' lang='lat' dir='ltr'>limitatione</span> <span class='ocrx_word' id='word_1_132' title='bbox 439 1085 576 1127; x_wconf 86' lang='lat' dir='ltr'>statim</span> <span class='ocrx_word' id='word_1_133' title='bbox 613 1082 831 1126; x_wconf 85' lang='lat' dir='ltr'>referenda</span> <span class='ocrx_word' id='word_1_134' title='bbox 866 1084 905 1124; x_wconf 93' lang='lat' dir='ltr'>in</span> <span class='ocrx_word' id='word_1_135' title='bbox 940 1095 1029 1125; x_wconf 84' lang='lat' dir='ltr'>can.</span> <span class='ocrx_word' id='word_1_136' title='bbox 1066 1081 1166 1132; x_wconf 76' lang='lat'>850,</span> <span class='ocrx_word' id='word_1_137' title='bbox 1202 1079 1375 1139; x_wconf 78' lang='lat' dir='ltr'>quilibet</span> <span class='ocrx_word' id='word_1_138' title='bbox 1408 1079 1604 1123; x_wconf 70' lang='lat' dir='ltr'>sacerdos</span> <span class='ocrx_word' id='word_1_139' title='bbox 1627 1084 1796 1137; x_wconf 87' lang='lat' dir='ltr'>propter</span> 
     </span>
     <span class='ocr_line' id='line_1_17' title="bbox 161 1149 1798 1212; baseline -0.004 -13"><span class='ocrx_word' id='word_1_140' title='bbox 161 1168 321 1199; x_wconf 91' lang='lat' dir='ltr'>sacram</span> <span class='ocrx_word' id='word_1_141' title='bbox 359 1154 673 1212; x_wconf 63' lang='lat' dir='ltr'>paesbyteratus</span> <span class='ocrx_word' id='word_1_142' title='bbox 705 1153 1008 1196; x_wconf 84' lang='lat' dir='ltr'>ordinationem</span> <span class='ocrx_word' id='word_1_143' title='bbox 1045 1152 1216 1210; x_wconf 73' lang='lat' dir='ltr'>deferre</span> <span class='ocrx_word' id='word_1_144' title='bbox 1247 1156 1387 1210; x_wconf 76' lang='lat' dir='ltr'>polest</span> <span class='ocrx_word' id='word_1_145' title='bbox 1420 1150 1460 1209; x_wconf 92' lang='lat' dir='ltr'>a)</span> <span class='ocrx_word' id='word_1_146' title='bbox 1495 1151 1546 1194; x_wconf 77' lang='lat' dir='ltr'>de</span> <span class='ocrx_word' id='word_1_147' title='bbox 1568 1150 1689 1193; x_wconf 74' lang='lat' dir='ltr'>venia</span> <span class='ocrx_word' id='word_1_148' title='bbox 1712 1149 1798 1193; x_wconf 79' lang='lat' dir='ltr'>sal-</span> 
     </span>
     <span class='ocr_line' id='line_1_18' title="bbox 165 1223 1797 1284; baseline -0.003 -15"><span class='ocrx_word' id='word_1_149' title='bbox 165 1232 243 1269; x_wconf 83' lang='lat' dir='ltr'>lem</span> <span class='ocrx_word' id='word_1_150' title='bbox 274 1230 563 1284; x_wconf 71' lang='lat' dir='ltr'>praesmnpta,</span> <span class='ocrx_word' id='word_1_151' title='bbox 597 1237 704 1282; x_wconf 86' lang='lat' dir='ltr'>quae</span> <span class='ocrx_word' id='word_1_152' title='bbox 738 1224 789 1268; x_wconf 91' lang='lat' dir='ltr'>ob</span> <span class='ocrx_word' id='word_1_153' title='bbox 824 1223 1070 1268; x_wconf 83' lang='lat' dir='ltr'>rationabile</span> <span class='ocrx_word' id='word_1_154' title='bbox 1104 1223 1417 1266; x_wconf 75' lang='lat' dir='ltr'>fundamentum</span> <span class='ocrx_word' id='word_1_155' title='bbox 1458 1223 1678 1266; x_wconf 89' lang='lat' dir='ltr'>coniicitur</span> <span class='ocrx_word' id='word_1_156' title='bbox 1701 1234 1797 1265; x_wconf 88' lang='lat' dir='ltr'>con-</span> 
     </span>
     <span class='ocr_line' id='line_1_19' title="bbox 162 1292 1797 1347; baseline -0.004 -7"><span class='ocrx_word' id='word_1_157' title='bbox 162 1297 362 1343; x_wconf 83' lang='lat' dir='ltr'>cedenda,</span> <span class='ocrx_word' id='word_1_158' title='bbox 398 1295 645 1347; x_wconf 71' lang='lat' dir='ltr'>sacerdotis,</span> <span class='ocrx_word' id='word_1_159' title='bbox 680 1295 747 1338; x_wconf 72' lang='lat' dir='ltr'>eiii</span> <span class='ocrx_word' id='word_1_160' title='bbox 779 1294 970 1338; x_wconf 70' lang='lat' dir='ltr'>custodia</span> <span class='ocrx_word' id='word_1_161' title='bbox 1004 1294 1265 1337; x_wconf 70' lang='lat' dir='ltr'>sanctissimi</span> <span class='ocrx_word' id='word_1_162' title='bbox 1297 1293 1556 1336; x_wconf 55' lang='lat' dir='ltr'>§aeramenti</span> <span class='ocrx_word' id='word_1_163' title='bbox 1578 1292 1797 1336; x_wconf 74' lang='lat' dir='ltr'>commissa</span> 
     </span>
     <span class='ocr_line' id='line_1_20' title="bbox 164 1365 1800 1424; baseline -0.003 -13"><span class='ocrx_word' id='word_1_164' title='bbox 164 1374 239 1419; x_wconf 74' lang='lat' dir='ltr'>est,</span> <span class='ocrx_word' id='word_1_165' title='bbox 273 1367 449 1411; x_wconf 88' lang='lat' dir='ltr'>scilicet:</span> <span class='ocrx_word' id='word_1_166' title='bbox 485 1368 535 1410; x_wconf 93' lang='lat' dir='ltr'>de</span> <span class='ocrx_word' id='word_1_167' title='bbox 569 1380 648 1424; x_wconf 86' lang='lat' dir='ltr'>qua</span> <span class='ocrx_word' id='word_1_168' title='bbox 694 1369 732 1409; x_wconf 91' lang='lat' dir='ltr'>in</span> <span class='ocrx_word' id='word_1_169' title='bbox 778 1379 866 1409; x_wconf 86' lang='lat' dir='ltr'>can.</span> <span class='ocrx_word' id='word_1_170' title='bbox 908 1366 1016 1409; x_wconf 73' lang='lat'>1⁶.)69</span> <span class='ocrx_word' id='word_1_171' title='bbox 1050 1366 1078 1424; x_wconf 62' lang='grc' dir='ltr'>ξ</span> <span class='ocrx_word' id='word_1_172' title='bbox 1112 1365 1134 1407; x_wconf 88' lang='lat'>4</span> <span class='ocrx_word' id='word_1_173' title='bbox 1171 1366 1324 1408; x_wconf 89' lang='lat' dir='ltr'>dicitur</span> <span class='ocrx_word' id='word_1_174' title='bbox 1366 1369 1578 1407; x_wconf 81' lang='lat' dir='ltr'>«onerata</span> <span class='ocrx_word' id='word_1_175' title='bbox 1614 1365 1800 1420; x_wconf 81' lang='lat' dir='ltr'>graviter</span> 
     </span>
     <span class='ocr_line' id='line_1_21' title="bbox 167 1435 1798 1494; baseline -0.004 -11"><span class='ocrx_word' id='word_1_176' title='bbox 167 1441 419 1483; x_wconf 85' lang='lat' dir='ltr'>conscientia</span> <span class='ocrx_word' id='word_1_177' title='bbox 453 1438 694 1492; x_wconf 78' lang='lat' dir='ltr'>sacerdotis,</span> <span class='ocrx_word' id='word_1_178' title='bbox 730 1440 798 1494; x_wconf 82' lang='lat' dir='ltr'>qui</span> <span class='ocrx_word' id='word_1_179' title='bbox 833 1436 1035 1481; x_wconf 84' lang='lat' dir='ltr'>ecclesiae</span> <span class='ocrx_word' id='word_1_180' title='bbox 1071 1436 1134 1479; x_wconf 80' lang='lat' dir='ltr'>vel</span> <span class='ocrx_word' id='word_1_181' title='bbox 1172 1438 1357 1489; x_wconf 72' lang='lat' dir='ltr'>oratorii,</span> <span class='ocrx_word' id='word_1_182' title='bbox 1399 1435 1465 1479; x_wconf 89' lang='lat' dir='ltr'>ubi</span> <span class='ocrx_word' id='word_1_183' title='bbox 1491 1437 1798 1478; x_wconf 86' lang='lat' dir='ltr'>sanctissimum</span> 
     </span>
     <span class='ocr_line' id='line_1_22' title="bbox 163 1506 1798 1563; baseline -0.003 -10"><span class='ocrx_word' id='word_1_184' title='bbox 163 1511 479 1554; x_wconf 85' lang='lat' dir='ltr'>Sacramentum</span> <span class='ocrx_word' id='word_1_185' title='bbox 513 1514 766 1561; x_wconf 66' lang='lat' dir='ltr'>asservatur,</span> <span class='ocrx_word' id='word_1_186' title='bbox 800 1520 942 1552; x_wconf 87' lang='lat' dir='ltr'>curam</span> <span class='ocrx_word' id='word_1_187' title='bbox 980 1507 1103 1551; x_wconf 89' lang='lat' dir='ltr'>habet</span> <span class='ocrx_word' id='word_1_188' title='bbox 1123 1523 1162 1548; x_wconf 85' lang='grc'>)).</span> <span class='ocrx_word' id='word_1_189' title='bbox 1187 1507 1293 1550; x_wconf 87' lang='lat' dir='ltr'>Hinc</span> <span class='ocrx_word' id='word_1_190' title='bbox 1318 1506 1516 1563; x_wconf 81' lang='lat' dir='ltr'>implicite</span> <span class='ocrx_word' id='word_1_191' title='bbox 1539 1507 1798 1562; x_wconf 83' lang='lat' dir='ltr'>supponitur,</span> 
     </span>
     <span class='ocr_line' id='line_1_23' title="bbox 164 1577 1798 1633; baseline -0.004 -9"><span class='ocrx_word' id='word_1_192' title='bbox 164 1581 297 1625; x_wconf 89' lang='lat' dir='ltr'>solum</span> <span class='ocrx_word' id='word_1_193' title='bbox 331 1594 379 1624; x_wconf 80' lang='lat' dir='ltr'>ex</span> <span class='ocrx_word' id='word_1_194' title='bbox 416 1580 480 1623; x_wconf 88' lang='lat' dir='ltr'>his</span> <span class='ocrx_word' id='word_1_195' title='bbox 513 1579 700 1623; x_wconf 86' lang='lat' dir='ltr'>ecclesiis</span> <span class='ocrx_word' id='word_1_196' title='bbox 743 1578 804 1622; x_wconf 70' lang='lat' dir='ltr'>vel</span> <span class='ocrx_word' id='word_1_197' title='bbox 830 1581 1034 1633; x_wconf 74' lang='lat' dir='ltr'>oratoriis,</span> <span class='ocrx_word' id='word_1_198' title='bbox 1060 1592 1138 1621; x_wconf 86' lang='lat' dir='ltr'>non</span> <span class='ocrx_word' id='word_1_199' title='bbox 1165 1591 1214 1621; x_wconf 82' lang='lat' dir='ltr'>ex</span> <span class='ocrx_word' id='word_1_200' title='bbox 1240 1577 1344 1627; x_wconf 91' lang='lat' dir='ltr'>aliis,</span> <span class='ocrx_word' id='word_1_201' title='bbox 1372 1591 1409 1620; x_wconf 75' lang='lat' dir='ltr'>v,</span> <span class='ocrx_word' id='word_1_202' title='bbox 1433 1590 1494 1633; x_wconf 84' lang='lat' dir='ltr'>gr.</span> <span class='ocrx_word' id='word_1_203' title='bbox 1519 1581 1607 1633; x_wconf 90' lang='lat' dir='ltr'>post</span> <span class='ocrx_word' id='word_1_204' title='bbox 1632 1578 1798 1619; x_wconf 90' lang='lat' dir='ltr'>missam</span> 
     </span>
     <span class='ocr_line' id='line_1_24' title="bbox 168 1648 1728 1709; baseline -0.004 -14"><span class='ocrx_word' id='word_1_205' title='bbox 168 1654 206 1695; x_wconf 91' lang='lat' dir='ltr'>in</span> <span class='ocrx_word' id='word_1_206' title='bbox 241 1665 318 1709; x_wconf 87' lang='lat' dir='ltr'>qua</span> <span class='ocrx_word' id='word_1_207' title='bbox 354 1656 623 1694; x_wconf 87' lang='lat' dir='ltr'>consecretur</span> <span class='ocrx_word' id='word_1_208' title='bbox 656 1650 873 1707; x_wconf 83' lang='lat' dir='ltr'>particula,</span> <span class='ocrx_word' id='word_1_209' title='bbox 908 1649 1012 1692; x_wconf 81' lang='lat' dir='ltr'>lianc</span> <span class='ocrx_word' id='word_1_210' title='bbox 1043 1654 1158 1692; x_wconf 81' lang='lat' dir='ltr'>extra</span> <span class='ocrx_word' id='word_1_211' title='bbox 1184 1648 1402 1692; x_wconf 87' lang='lat' dir='ltr'>ecclesiam</span> <span class='ocrx_word' id='word_1_212' title='bbox 1429 1648 1582 1691; x_wconf 85' lang='lat' dir='ltr'>deferri</span> <span class='ocrx_word' id='word_1_213' title='bbox 1611 1660 1728 1702; x_wconf 89' lang='lat' dir='ltr'>posse</span> 
     </span>
    </p>

    <p class='ocr_par' dir='ltr' id='par_1_7' title="bbox 165 1720 1807 2481">
     <span class='ocr_line' id='line_1_25' title="bbox 283 1720 1799 1779; baseline -0.004 -14"><span class='ocrx_word' id='word_1_214' title='bbox 283 1721 383 1766; x_wconf 88' lang='lat' dir='ltr'>Cum</span> <span class='ocrx_word' id='word_1_215' title='bbox 421 1726 610 1778; x_wconf 85' lang='lat' dir='ltr'>respectu</span> <span class='ocrx_word' id='word_1_216' title='bbox 646 1721 697 1764; x_wconf 89' lang='lat' dir='ltr'>ad</span> <span class='ocrx_word' id='word_1_217' title='bbox 729 1720 770 1779; x_wconf 52' lang='grc' dir='ltr'>ξι</span> <span class='ocrx_word' id='word_1_218' title='bbox 809 1720 843 1762; x_wconf 74' lang='lat'>1¹</span> <span class='ocrx_word' id='word_1_219' title='bbox 878 1722 1179 1777; x_wconf 88' lang='lat' dir='ltr'>praescriptum</span> <span class='ocrx_word' id='word_1_220' title='bbox 1225 1724 1264 1762; x_wconf 91' lang='lat' dir='ltr'>et</span> <span class='ocrx_word' id='word_1_221' title='bbox 1303 1724 1404 1776; x_wconf 72' lang='lat' dir='ltr'>seq³.</span> <span class='ocrx_word' id='word_1_222' title='bbox 1448 1720 1618 1761; x_wconf 89' lang='lat' dir='ltr'>canonis</span> <span class='ocrx_word' id='word_1_223' title='bbox 1660 1722 1799 1760; x_wconf 92' lang='lat' dir='ltr'>monet</span> 
     </span>
     <span class='ocr_line' id='line_1_26' title="bbox 165 1788 1802 1850; baseline -0.005 -13"><span class='ocrx_word' id='word_1_224' title='bbox 165 1792 314 1837; x_wconf 88' lang='lat' dir='ltr'>iubens</span> <span class='ocrx_word' id='word_1_225' title='bbox 347 1795 371 1846; x_wconf 65' lang='grc' dir='ltr'>ξ</span> <span class='ocrx_word' id='word_1_226' title='bbox 406 1793 442 1835; x_wconf 63' lang='lat'>⁶2.</span> <span class='ocrx_word' id='word_1_227' title='bbox 482 1791 660 1845; x_wconf 66' lang='lat' dir='ltr'>Quando</span> <span class='ocrx_word' id='word_1_228' title='bbox 681 1791 882 1850; x_wconf 71' lang='lat' dir='ltr'>privatim</span> <span class='ocrx_word' id='word_1_229' title='bbox 908 1804 1031 1833; x_wconf 75' lang='lat' dir='ltr'>sacra</span> <span class='ocrx_word' id='word_1_230' title='bbox 1056 1789 1302 1846; x_wconf 60' lang='lat' dir='ltr'>commmatio,</span> <span class='ocrx_word' id='word_1_231' title='bbox 1338 1791 1499 1832; x_wconf 88' lang='lat' dir='ltr'>etiamsi</span> <span class='ocrx_word' id='word_1_232' title='bbox 1536 1801 1608 1845; x_wconf 91' lang='lat' dir='ltr'>per</span> <span class='ocrx_word' id='word_1_233' title='bbox 1633 1788 1802 1830; x_wconf 88' lang='lat' dir='ltr'>modum</span> 
     </span>
     <span class='ocr_line' id='line_1_27' title="bbox 171 1858 1803 1919; baseline -0.004 -13"><span class='ocrx_word' id='word_1_234' title='bbox 171 1863 330 1916; x_wconf 58' lang='lat' dir='ltr'>viatici,</span> <span class='ocrx_word' id='word_1_235' title='bbox 365 1862 545 1919; x_wconf 77' lang='lat' dir='ltr'>infirmis</span> <span class='ocrx_word' id='word_1_236' title='bbox 577 1862 865 1912; x_wconf 53' lang='lat' dir='ltr'>inimisit-aim,</span> <span class='ocrx_word' id='word_1_237' title='bbox 909 1866 995 1904; x_wconf 87' lang='lat' dir='ltr'>tum</span> <span class='ocrx_word' id='word_1_238' title='bbox 1035 1863 1074 1903; x_wconf 94' lang='lat' dir='ltr'>in</span> <span class='ocrx_word' id='word_1_239' title='bbox 1119 1860 1326 1903; x_wconf 90' lang='lat' dir='ltr'>delatione</span> <span class='ocrx_word' id='word_1_240' title='bbox 1366 1858 1564 1915; x_wconf 88' lang='lat' dir='ltr'>implicite</span> <span class='ocrx_word' id='word_1_241' title='bbox 1610 1871 1803 1915; x_wconf 90' lang='lat' dir='ltr'>praesup-</span> 
     </span>
     <span class='ocr_line' id='line_1_28' title="bbox 165 1930 1804 1992; baseline -0.004 -15"><span class='ocrx_word' id='word_1_242' title='bbox 165 1937 312 1992; x_wconf 80' lang='lat' dir='ltr'>posita,</span> <span class='ocrx_word' id='word_1_243' title='bbox 346 1939 431 1977; x_wconf 90' lang='lat' dir='ltr'>tum</span> <span class='ocrx_word' id='word_1_244' title='bbox 454 1936 492 1976; x_wconf 94' lang='lat' dir='ltr'>in</span> <span class='ocrx_word' id='word_1_245' title='bbox 513 1934 870 1976; x_wconf 89' lang='lat' dir='ltr'>administratione</span> <span class='ocrx_word' id='word_1_246' title='bbox 896 1935 997 1989; x_wconf 73' lang='lat' dir='ltr'>ipsa,</span> <span class='ocrx_word' id='word_1_247' title='bbox 1022 1931 1284 1974; x_wconf 74' lang='lat' dir='ltr'>reverentiae</span> <span class='ocrx_word' id='word_1_248' title='bbox 1309 1944 1381 1987; x_wconf 91' lang='lat' dir='ltr'>pro</span> <span class='ocrx_word' id='word_1_249' title='bbox 1405 1930 1620 1973; x_wconf 86' lang='lat' dir='ltr'>Maiestate</span> <span class='ocrx_word' id='word_1_250' title='bbox 1643 1940 1804 1972; x_wconf 89' lang='lat' dir='ltr'>summa</span> 
     </span>
     <span class='ocr_line' id='line_1_29' title="bbox 167 1999 1803 2061; baseline -0.004 -13"><span class='ocrx_word' id='word_1_251' title='bbox 167 2020 216 2048; x_wconf 78' lang='lat' dir='ltr'>ae</span> <span class='ocrx_word' id='word_1_252' title='bbox 248 2005 465 2048; x_wconf 74' lang='lat' dir='ltr'>decentiae</span> <span class='ocrx_word' id='word_1_253' title='bbox 499 2004 623 2048; x_wconf 91' lang='lat' dir='ltr'>idest:</span> <span class='ocrx_word' id='word_1_254' title='bbox 659 2016 764 2061; x_wconf 81' lang='lat' dir='ltr'>quae</span> <span class='ocrx_word' id='word_1_255' title='bbox 800 2005 1107 2060; x_wconf 86' lang='lat' dir='ltr'>proportionata</span> <span class='ocrx_word' id='word_1_256' title='bbox 1141 2004 1193 2045; x_wconf 89' lang='lat' dir='ltr'>sit</span> <span class='ocrx_word' id='word_1_257' title='bbox 1229 2007 1345 2044; x_wconf 74' lang='lat' dir='ltr'>lanto</span> <span class='ocrx_word' id='word_1_258' title='bbox 1389 2001 1570 2044; x_wconf 84' lang='lat' dir='ltr'>scilicet:</span> <span class='ocrx_word' id='word_1_259' title='bbox 1604 1999 1803 2055; x_wconf 85' lang='lat' dir='ltr'>singulari</span> 
     </span>
     <span class='ocr_line' id='line_1_30' title="bbox 170 2069 1806 2132; baseline -0.004 -13"><span class='ocrx_word' id='word_1_260' title='bbox 170 2089 266 2132; x_wconf 86' lang='lat' dir='ltr'>prae</span> <span class='ocrx_word' id='word_1_261' title='bbox 301 2076 391 2118; x_wconf 85' lang='lat' dir='ltr'>aliis</span> <span class='ocrx_word' id='word_1_262' title='bbox 424 2080 689 2118; x_wconf 35' lang='lat' dir='ltr'>‘sacramento</span> <span class='ocrx_word' id='word_1_263' title='bbox 723 2073 886 2117; x_wconf 81' lang='lat' dir='ltr'>debitae</span> <span class='ocrx_word' id='word_1_264' title='bbox 918 2071 1077 2126; x_wconf 66' lang='lat' dir='ltr'>sedulo,</span> <span class='ocrx_word' id='word_1_265' title='bbox 1119 2073 1246 2116; x_wconf 86' lang='lat' dir='ltr'>idest:</span> <span class='ocrx_word' id='word_1_266' title='bbox 1273 2074 1382 2114; x_wconf 90' lang='lat' dir='ltr'>omni</span> <span class='ocrx_word' id='word_1_267' title='bbox 1409 2084 1504 2114; x_wconf 86' lang='lat' dir='ltr'>cum</span> <span class='ocrx_word' id='word_1_268' title='bbox 1528 2069 1806 2114; x_wconf 90' lang='lat' dir='ltr'>sollicitudine</span> 
     </span>
     <span class='ocr_line' id='line_1_31' title="bbox 171 2140 1807 2200; baseline -0.004 -12"><span class='ocrx_word' id='word_1_269' title='bbox 171 2145 429 2192; x_wconf 74' lang='lat' dir='ltr'>consulatur,</span> <span class='ocrx_word' id='word_1_270' title='bbox 455 2158 501 2188; x_wconf 86' lang='lat' dir='ltr'>ac</span> <span class='ocrx_word' id='word_1_271' title='bbox 527 2145 829 2188; x_wconf 82' lang='lat' dir='ltr'>determinatur</span> <span class='ocrx_word' id='word_1_272' title='bbox 853 2147 943 2187; x_wconf 64' lang='lat' dir='ltr'>via:</span> <span class='ocrx_word' id='word_1_273' title='bbox 978 2142 1158 2186; x_wconf 69' lang='lat' dir='ltr'>servatis</span> <span class='ocrx_word' id='word_1_274' title='bbox 1183 2157 1206 2185; x_wconf 79' lang='lat' dir='ltr'>a</span> <span class='ocrx_word' id='word_1_275' title='bbox 1229 2142 1333 2185; x_wconf 79' lang='lat' dir='ltr'>Sede</span> <span class='ocrx_word' id='word_1_276' title='bbox 1352 2140 1595 2200; x_wconf 79' lang='lat' dir='ltr'>Apostoliea</span> <span class='ocrx_word' id='word_1_277' title='bbox 1615 2154 1689 2197; x_wconf 90' lang='lat' dir='ltr'>pro</span> <span class='ocrx_word' id='word_1_278' title='bbox 1707 2145 1807 2182; x_wconf 91' lang='lat' dir='ltr'>tem-</span> 
     </span>
     <span class='ocr_line' id='line_1_32' title="bbox 171 2210 1806 2273; baseline -0.003 -15"><span class='ocrx_word' id='word_1_279' title='bbox 171 2229 269 2272; x_wconf 92' lang='lat' dir='ltr'>pore</span> <span class='ocrx_word' id='word_1_280' title='bbox 290 2215 570 2273; x_wconf 66' lang='lat' dir='ltr'>praescriptis</span> <span class='ocrx_word' id='word_1_281' title='bbox 594 2215 779 2261; x_wconf 67' lang='lat' dir='ltr'>normis,-</span> <span class='ocrx_word' id='word_1_282' title='bbox 800 2213 980 2257; x_wconf 87' lang='lat' dir='ltr'>scilicet:</span> <span class='ocrx_word' id='word_1_283' title='bbox 1007 2215 1395 2270; x_wconf 85' lang='lat' dir='ltr'>impraesentiarum</span> <span class='ocrx_word' id='word_1_284' title='bbox 1422 2212 1558 2269; x_wconf 85' lang='lat' dir='ltr'>quoad</span> <span class='ocrx_word' id='word_1_285' title='bbox 1586 2213 1713 2268; x_wconf 88' lang='lat' dir='ltr'>ipsius</span> <span class='ocrx_word' id='word_1_286' title='bbox 1736 2210 1806 2253; x_wconf 86' lang='lat' dir='ltr'>de-</span> 
     </span>
     <span class='ocr_line' id='line_1_33' title="bbox 175 2281 1804 2341; baseline -0.004 -12"><span class='ocrx_word' id='word_1_287' title='bbox 175 2286 367 2330; x_wconf 76' lang='lat' dir='ltr'>lationem</span> <span class='ocrx_word' id='word_1_288' title='bbox 402 2285 518 2329; x_wconf 83' lang='lat' dir='ltr'>Dec0.</span> <span class='ocrx_word' id='word_1_289' title='bbox 558 2301 577 2327; x_wconf 82' lang='lat'>«</span> <span class='ocrx_word' id='word_1_290' title='bbox 603 2285 711 2329; x_wconf 86' lang='lat' dir='ltr'>Inter</span> <span class='ocrx_word' id='word_1_291' title='bbox 745 2287 987 2341; x_wconf 81' lang='lat' dir='ltr'>omnigenas</span> <span class='ocrx_word' id='word_1_292' title='bbox 1011 2300 1030 2325; x_wconf 74' lang='grc'>1)</span> <span class='ocrx_word' id='word_1_293' title='bbox 1060 2282 1154 2326; x_wconf 83' lang='lat' dir='ltr'>Ben.</span> <span class='ocrx_word' id='word_1_294' title='bbox 1183 2281 1271 2326; x_wconf 71' lang='lat' dir='ltr'>xlv</span> <span class='ocrx_word' id='word_1_295' title='bbox 1296 2296 1421 2339; x_wconf 87' lang='lat' dir='ltr'>supra</span> <span class='ocrx_word' id='word_1_296' title='bbox 1446 2285 1619 2326; x_wconf 89' lang='lat' dir='ltr'>citatum</span> <span class='ocrx_word' id='word_1_297' title='bbox 1641 2282 1690 2324; x_wconf 89' lang='lat' dir='ltr'>ad</span> <span class='ocrx_word' id='word_1_298' title='bbox 1715 2293 1804 2324; x_wconf 89' lang='lat' dir='ltr'>can.</span> 
     </span>
     <span class='ocr_line' id='line_1_34' title="bbox 175 2355 1806 2412; baseline -0.004 -12"><span class='ocrx_word' id='word_1_299' title='bbox 175 2358 272 2409; x_wconf 77' lang='lat'>847,</span> <span class='ocrx_word' id='word_1_300' title='bbox 306 2363 343 2400; x_wconf 89' lang='lat' dir='ltr'>et</span> <span class='ocrx_word' id='word_1_301' title='bbox 378 2360 486 2400; x_wconf 73' lang='lat' dir='ltr'>circa</span> <span class='ocrx_word' id='word_1_302' title='bbox 515 2359 642 2412; x_wconf 87' lang='lat' dir='ltr'>ipsam</span> <span class='ocrx_word' id='word_1_303' title='bbox 669 2357 1069 2399; x_wconf 87' lang='lat' dir='ltr'>administrationem</span> <span class='ocrx_word' id='word_1_304' title='bbox 1111 2358 1199 2397; x_wconf 74' lang='lat' dir='ltr'>sive</span> <span class='ocrx_word' id='word_1_305' title='bbox 1233 2355 1484 2398; x_wconf 89' lang='lat' dir='ltr'>ordinariam</span> <span class='ocrx_word' id='word_1_306' title='bbox 1512 2356 1602 2396; x_wconf 67' lang='lat' dir='ltr'>sive</span> <span class='ocrx_word' id='word_1_307' title='bbox 1626 2366 1699 2409; x_wconf 91' lang='lat' dir='ltr'>per</span> <span class='ocrx_word' id='word_1_308' title='bbox 1722 2365 1806 2394; x_wconf 89' lang='lat' dir='ltr'>mo-</span> 
     </span>
     <span class='ocr_line' id='line_1_35' title="bbox 169 2427 781 2481; baseline 0 -10"><span class='ocrx_word' id='word_1_309' title='bbox 169 2429 270 2471; x_wconf 93' lang='lat' dir='ltr'>dum</span> <span class='ocrx_word' id='word_1_310' title='bbox 310 2430 464 2481; x_wconf 60' lang='lat' dir='ltr'>italici,</span> <span class='ocrx_word' id='word_1_311' title='bbox 496 2427 575 2472; x_wconf 73' lang='lat' dir='ltr'>lllt.</span> <span class='ocrx_word' id='word_1_312' title='bbox 610 2427 726 2471; x_wconf 87' lang='lat' dir='ltr'>Rom.</span> <span class='ocrx_word' id='word_1_313' title='bbox 754 2428 781 2471; x_wconf 78' lang='lat'>¹.</span> 
     </span>
    </p>

    <p class='ocr_par' dir='ltr' id='par_1_8' title="bbox 170 2530 1806 2624">
     <span class='ocr_line' id='line_1_36' title="bbox 266 2530 1806 2577; baseline -0.003 -11"><span class='ocrx_word' id='word_1_314' title='bbox 266 2534 276 2555; x_wconf 84' lang='lat'>1</span> <span class='ocrx_word' id='word_1_315' title='bbox 304 2533 384 2566; x_wconf 84' lang='lat' dir='ltr'>Tit.</span> <span class='ocrx_word' id='word_1_316' title='bbox 414 2533 467 2566; x_wconf 65' lang='lat' dir='ltr'>IV</span> <span class='ocrx_word' id='word_1_317' title='bbox 510 2533 598 2577; x_wconf 84' lang='lat' dir='ltr'>Cap.</span> <span class='ocrx_word' id='word_1_318' title='bbox 626 2533 691 2573; x_wconf 67' lang='lat' dir='ltr'>IV,</span> <span class='ocrx_word' id='word_1_319' title='bbox 722 2545 760 2566; x_wconf 89' lang='lat' dir='ltr'>n.</span> <span class='ocrx_word' id='word_1_320' title='bbox 792 2535 833 2566; x_wconf 92' lang='grc'>11</span> <span class='ocrx_word' id='word_1_321' title='bbox 872 2532 919 2566; x_wconf 88' lang='lat' dir='ltr'>In</span> <span class='ocrx_word' id='word_1_322' title='bbox 946 2531 1065 2565; x_wconf 77' lang='lat' dir='ltr'>huius</span> <span class='ocrx_word' id='word_1_323' title='bbox 1091 2532 1325 2576; x_wconf 73' lang='lat' dir='ltr'>praescripti</span> <span class='ocrx_word' id='word_1_324' title='bbox 1363 2535 1545 2575; x_wconf 81' lang='lat' dir='ltr'>respectu</span> <span class='ocrx_word' id='word_1_325' title='bbox 1571 2530 1806 2564; x_wconf 71' lang='lat' dir='ltr'>tacultatem</span> 
     </span>
     <span class='ocr_line' id='line_1_37' title="bbox 170 2576 1803 2624; baseline -0.002 -10"><span class='ocrx_word' id='word_1_326' title='bbox 170 2580 349 2615; x_wconf 84' lang='lat' dir='ltr'>concedit</span> <span class='ocrx_word' id='word_1_327' title='bbox 379 2580 415 2614; x_wconf 75' lang='lat' dir='ltr'>S.</span> <span class='ocrx_word' id='word_1_328' title='bbox 444 2580 586 2623; x_wconf 81' lang='lat' dir='ltr'>Congr.</span> <span class='ocrx_word' id='word_1_329' title='bbox 616 2580 661 2614; x_wconf 85' lang='lat' dir='ltr'>de</span> <span class='ocrx_word' id='word_1_330' title='bbox 690 2580 804 2624; x_wconf 84' lang='lat' dir='ltr'>Prop.</span> <span class='ocrx_word' id='word_1_331' title='bbox 826 2580 920 2613; x_wconf 87' lang='lat' dir='ltr'>Fide</span> <span class='ocrx_word' id='word_1_332' title='bbox 940 2579 980 2612; x_wconf 88' lang='lat' dir='ltr'>in</span> <span class='ocrx_word' id='word_1_333' title='bbox 1001 2579 1186 2612; x_wconf 85' lang='lat' dir='ltr'>Formula</span> <span class='ocrx_word' id='word_1_334' title='bbox 1213 2584 1381 2623; x_wconf 84' lang='lat' dir='ltr'>utraque</span> <span class='ocrx_word' id='word_1_335' title='bbox 1401 2579 1521 2612; x_wconf 82' lang='lat' dir='ltr'>tertia</span> <span class='ocrx_word' id='word_1_336' title='bbox 1540 2576 1803 2611; x_wconf 87' lang='lat' dir='ltr'>solummodo:</span> 
     </span>
    </p>

    <p class='ocr_par' dir='ltr' id='par_1_9' title="bbox 170 2625 1807 2814">
     <span class='ocr_line' id='line_1_38' title="bbox 178 2625 1807 2677; baseline -0.003 -15.897"><span class='ocrx_word' id='word_1_337' title='bbox 178 2630 267 2662; x_wconf 71' lang='lat'>‹1.5</span> <span class='ocrx_word' id='word_1_338' title='bbox 296 2628 562 2661; x_wconf 83' lang='lat' dir='ltr'>Permittendi</span> <span class='ocrx_word' id='word_1_339' title='bbox 589 2628 672 2661; x_wconf 80' lang='lat' dir='ltr'>suis</span> <span class='ocrx_word' id='word_1_340' title='bbox 690 2627 952 2661; x_wconf 81' lang='lat' dir='ltr'>missionariis</span> <span class='ocrx_word' id='word_1_341' title='bbox 972 2627 1140 2670; x_wconf 80' lang='lat' dir='ltr'>(ratione</span> <span class='ocrx_word' id='word_1_342' title='bbox 1161 2626 1437 2677; x_wconf 76' lang='lat' dir='ltr'>subiectionis)</span> <span class='ocrx_word' id='word_1_343' title='bbox 1464 2631 1510 2658; x_wconf 84' lang='lat' dir='ltr'>ut</span> <span class='ocrx_word' id='word_1_344' title='bbox 1529 2625 1807 2658; x_wconf 78' lang='lat' dir='ltr'>administrare</span> 
     </span>
     <span class='ocr_line' id='line_1_39' title="bbox 170 2671 1804 2719; baseline -0.003 -11"><span class='ocrx_word' id='word_1_345' title='bbox 170 2676 329 2709; x_wconf 76' lang='lat' dir='ltr'>valeant</span> <span class='ocrx_word' id='word_1_346' title='bbox 357 2674 589 2708; x_wconf 77' lang='lat' dir='ltr'>christianis</span> <span class='ocrx_word' id='word_1_347' title='bbox 617 2676 810 2718; x_wconf 80' lang='lat' dir='ltr'>(notetur)</span> <span class='ocrx_word' id='word_1_348' title='bbox 839 2678 876 2717; x_wconf 73' lang='grc' dir='ltr'>ιι)</span> <span class='ocrx_word' id='word_1_349' title='bbox 905 2675 1081 2719; x_wconf 76' lang='lat' dir='ltr'>gravitei</span> <span class='ocrx_word' id='word_1_350' title='bbox 1112 2679 1334 2718; x_wconf 81' lang='lat' dir='ltr'>aegrotant</span> <span class='ocrx_word' id='word_1_351' title='bbox 1327 2673 1413 2706; x_wconf 81' lang='lat' dir='ltr'>bus</span> <span class='ocrx_word' id='word_1_352' title='bbox 1445 2672 1622 2707; x_wconf 70' lang='lat' dir='ltr'>SS‘mcim</span> <span class='ocrx_word' id='word_1_353' title='bbox 1653 2671 1804 2705; x_wconf 74' lang='lat' dir='ltr'>Eucha-</span> 
     </span>
     <span class='ocr_line' id='line_1_40' title="bbox 170 2719 1803 2766; baseline -0.003 -10"><span class='ocrx_word' id='word_1_354' title='bbox 170 2726 325 2757; x_wconf 75' lang='lat' dir='ltr'>ristiam</span> <span class='ocrx_word' id='word_1_355' title='bbox 367 2725 451 2756; x_wconf 73' lang='lat' dir='ltr'>sine</span> <span class='ocrx_word' id='word_1_356' title='bbox 491 2723 641 2756; x_wconf 70' lang='lat' dir='ltr'>lumine</span> <span class='ocrx_word' id='word_1_357' title='bbox 668 2729 709 2755; x_wconf 84' lang='lat' dir='ltr'>et</span> <span class='ocrx_word' id='word_1_358' title='bbox 735 2722 821 2755; x_wconf 83' lang='lat' dir='ltr'>sine</span> <span class='ocrx_word' id='word_1_359' title='bbox 860 2721 1145 2766; x_wconf 81' lang='lat' dir='ltr'>superpelliceo</span> <span class='ocrx_word' id='word_1_360' title='bbox 1185 2728 1224 2753; x_wconf 84' lang='lat' dir='ltr'>et</span> <span class='ocrx_word' id='word_1_361' title='bbox 1263 2720 1376 2761; x_wconf 88' lang='lat' dir='ltr'>stola,</span> <span class='ocrx_word' id='word_1_362' title='bbox 1412 2719 1620 2753; x_wconf 88' lang='lat' dir='ltr'>dummodo</span> <span class='ocrx_word' id='word_1_363' title='bbox 1647 2721 1803 2752; x_wconf 84' lang='lat' dir='ltr'>constet</span> 
     </span>
     <span class='ocr_line' id='line_1_41' title="bbox 171 2764 1806 2822; baseline -0.003 -19"><span class='ocrx_word' id='word_1_364' title='bbox 171 2770 299 2814; x_wconf 79' lang='lat' dir='ltr'>(giavi</span> <span class='ocrx_word' id='word_1_365' title='bbox 339 2768 633 2822; x_wconf 79' lang='lat' dir='ltr'>probabilitate</span> <span class='ocrx_word' id='word_1_366' title='bbox 675 2780 773 2813; x_wconf 89' lang='lat' dir='ltr'>quae</span> <span class='ocrx_word' id='word_1_367' title='bbox 812 2769 946 2802; x_wconf 78' lang='lat' dir='ltr'>morali</span> <span class='ocrx_word' id='word_1_368' title='bbox 989 2768 1224 2802; x_wconf 69' lang='lat' dir='ltr'>certitudini</span> <span class='ocrx_word' id='word_1_369' title='bbox 1250 2767 1532 2812; x_wconf 77' lang='lat' dir='ltr'>aequipolleat)</span> <span class='ocrx_word' id='word_1_370' title='bbox 1559 2766 1604 2800; x_wconf 84' lang='lat' dir='ltr'>de</span> <span class='ocrx_word' id='word_1_371' title='bbox 1631 2764 1806 2810; x_wconf 80' lang='lat' dir='ltr'>periculo</span> 
     </span>
    </p>
   </div>
   <div class='ocr_carea' id='block_1_5' title="bbox 173 2814 1805 2907">
    <p class='ocr_par' dir='ltr' id='par_1_10' title="bbox 173 2814 1805 2907">
     <span class='ocr_line' id='line_1_42' title="bbox 174 2814 1805 2867; baseline -0.003 -17"><span class='ocrx_word' id='word_1_372' title='bbox 174 2818 238 2850; x_wconf 87' lang='lat' dir='ltr'>cui</span> <span class='ocrx_word' id='word_1_373' title='bbox 265 2827 557 2861; x_wconf 78' lang='lat' dir='ltr'>exponeientur</span> <span class='ocrx_word' id='word_1_374' title='bbox 595 2817 627 2849; x_wconf 81' lang='lat' dir='ltr'>si</span> <span class='ocrx_word' id='word_1_375' title='bbox 668 2816 879 2850; x_wconf 83' lang='lat' dir='ltr'>induerent</span> <span class='ocrx_word' id='word_1_376' title='bbox 919 2815 1248 2867; x_wconf 79' lang='lat' dir='ltr'>superpelliceum</span> <span class='ocrx_word' id='word_1_377' title='bbox 1275 2821 1315 2849; x_wconf 90' lang='lat' dir='ltr'>et</span> <span class='ocrx_word' id='word_1_378' title='bbox 1341 2815 1499 2856; x_wconf 84' lang='lat' dir='ltr'>stolam,</span> <span class='ocrx_word' id='word_1_379' title='bbox 1536 2814 1720 2846; x_wconf 72' lang='lat' dir='ltr'>lumenve</span> <span class='ocrx_word' id='word_1_380' title='bbox 1746 2823 1805 2845; x_wconf 82' lang='lat' dir='ltr'>ac-</span> 
     </span>
     <span class='ocr_line' id='line_1_43' title="bbox 173 2861 1696 2907; baseline -0.003 -9"><span class='ocrx_word' id='word_1_381' title='bbox 173 2864 407 2898; x_wconf 79' lang='lat' dir='ltr'>cenderetur</span> <span class='ocrx_word' id='word_1_382' title='bbox 425 2877 457 2897; x_wconf 84' lang='lat'>›&gt;</span> <span class='ocrx_word' id='word_1_383' title='bbox 491 2863 601 2905; x_wconf 84' lang='lat' dir='ltr'>Quod</span> <span class='ocrx_word' id='word_1_384' title='bbox 630 2864 670 2897; x_wconf 89' lang='lat' dir='ltr'>in</span> <span class='ocrx_word' id='word_1_385' title='bbox 699 2864 816 2897; x_wconf 74' lang='lat' dir='ltr'>teiris</span> <span class='ocrx_word' id='word_1_386' title='bbox 844 2862 1066 2897; x_wconf 86' lang='lat' dir='ltr'>infidelium</span> <span class='ocrx_word' id='word_1_387' title='bbox 1093 2863 1241 2907; x_wconf 86' lang='lat' dir='ltr'>poterit</span> <span class='ocrx_word' id='word_1_388' title='bbox 1266 2861 1425 2896; x_wconf 72' lang='lat' dir='ltr'>facilius</span> <span class='ocrx_word' id='word_1_389' title='bbox 1451 2862 1696 2905; x_wconf 83' lang='lat' dir='ltr'>contingere.</span> 
     </span>
    </p>
   </div>
   <div class='ocr_carea' id='block_1_6' title="bbox 1915 0 1971 3261">
    <p class='ocr_par' dir='ltr' id='par_1_11' title="bbox 1915 0 1971 3261">
     <span class='ocr_line' id='line_1_44' title="bbox 1915 0 1971 3261; baseline 1.929 -2948"><span class='ocrx_word' id='word_1_390' title='bbox 1915 0 1971 3261; x_wconf 95' lang='lat' dir='ltr'>   </span> 
     </span>
    </p>
   </div>
   <div class='ocr_carea' id='block_1_7' title="bbox 1905 331 1924 390">
    <p class='ocr_par' dir='ltr' id='par_1_12' title="bbox 1905 331 1924 390">
     <span class='ocr_line' id='line_1_45' title="bbox 1921 331 1924 340; baseline 0 0"><span class='ocrx_word' id='word_1_391' title='bbox 1921 331 1924 340; x_wconf 70' lang='grc'><strong><em>,</em></strong></span> 
     </span>
     <span class='ocr_line' id='line_1_46' title="bbox 1905 346 1921 390; baseline 0 0"><span class='ocrx_word' id='word_1_392' title='bbox 1905 346 1921 390; x_wconf 66' lang='lat'>¹}</span> 
     </span>
    </p>
   </div>
  </div>
 </body>
</html>
