1971 3261
147 123 240 160 Oan.
270 122 472 158 1104-1105
652 122 735 156 Tm
768 121 852 155 VII.
884 142 895 147 -
924 121 980 156 De
1008 123 1267 155 Matrimonz'o
1710 119 1779 154 659

266 244 367 287 Cum
405 255 502 285 vero
550 254 680 285 canon
731 243 1009 284 nominaverit
1047 257 1069 281 «
1094 242 1402 283 matrimonium
1436 241 1776 291 conscientiae»,

147 313 359 369 subiungit
391 314 479 355 eius
512 314 735 358 notionem,
770 312 933 354 dicens:
970 311 1075 353 idest
1110 310 1425 353 matrimoniemi
1449 310 1678 353 celebretur
1715 322 1777 352 ra·

149 384 229 428 lide
260 383 420 434 saltem,
453 384 535 424 imo
570 382 680 425 licite
730 385 841 425 iuxta
884 388 1035 438 praec.⁸
1067 395 1246 425 canones
1277 385 1319 432 a)
1352 380 1518 423 omissis
1551 380 1777 423 denuncia-

149 453 330 498 tionibus
362 452 567 507 omnibus,
598 465 705 510 (piae
738 453 839 496 alias
873 453 1086 496 faciendae
1110 457 1259 504 essent,
1293 452 1331 505 b)
1354 457 1393 494 et
1415 457 1586 507 secreto,
1613 456 1778 507 propter

147 525 255 583 quod
291 523 346 567 ad
378 536 565 566 normam
601 537 806 566 canonum
841 524 912 580 qui
945 528 1177 580 sequuntur
1209 523 1260 566 de
1296 522 1404 565 illius
1450 524 1597 565 secreti
1633 521 1778 578 ampli-

147 595 289 639 tudine
321 607 369 638 ac
402 596 722 651 consequentiis.

268 666 364 710 51¹1.
400 666 653 718 Quaenam
688 680 933 723 personae
956 670 1148 712 secreto
1181 667 1567 721 adstringuntur.
1597 689 1640 694 —
1677 664 1776 707 (jum

147 738 185 778 in
220 748 309 780 can.
350 737 414 790 16,
448 740 472 790 ξ
507 737 527 778 2
562 739 865 793 praescriptum
901 738 971 779 sit:
1015 738 1289 792 «ignorantia
1332 735 1393 777 vel
1430 748 1547 777 error
1579 738 1687 778 circa
1724 734 1777 778 le-

145 820 240 863 gem
274 812 344 850 aut
376 810 486 851 circa
522 808 675 851 sactum
711 809 923 864 proprium
958 809 1186 863 generatim
1224 820 1301 848 non
1338 808 1677 862 praesumitur»,
1713 806 1779 848 de-

146 881 314 922 nunciat
349 891 544 935 personas
576 882 736 921 secreto
784 879 1003 922 adstrictas
1050 892 1140 922 ean.
1178 879 1301 921 1105.
1341 876 1564 919 Permissio
1598 875 1776 918 celebra-

147 949 274 992 tionis
309 949 571 993 matrimonii
602 949 883 992 eonscientiae
915 949 965 992 de
998 961 1078 1006 qua
1114 951 1149 990 in
1186 961 1277 991 can.
1303 961 1453 1003 praec.,
1489 953 1525 990 et
1562 949 1672 990 iuxta
1708 960 1777 989 no-

144 1023 298 1063 tionem
333 1019 455 1063 huius
504 1022 754 1063 matrimonii
803 1018 1029 1073 seezcmfert
1072 1018 1395 1077 promissionem
1444 1019 1496 1061 ob
1543 1023 1775 1073 susceptam

147 1095 303 1147 partem
340 1093 378 1133 in
415 1093 541 1146 ipsius
572 1090 853 1134 celebratione
877 1095 947 1133 aut
980 1092 1181 1141 notitiam,
1205 1094 1243 1131 et
1274 1103 1446 1146 orarem
1479 1087 1775 1145 obtiqationem

145 1175 195 1205 ex
228 1161 426 1204 fidelitate
459 1174 506 1205 ac
544 1164 580 1203 vi
615 1161 737 1204 huius
769 1163 939 1204 canonis
977 1162 1278 1215 confirmatam,
1313 1159 1464 1202 secreti
1496 1159 1694 1201 servandi
1727 1159 1777 1201 de

145 1232 211 1275 illa
245 1232 524 1276 celebratione
558 1233 846 1286 determinata,
871 1246 922 1274 ea*
952 1237 1076 1289 porte
1103 1232 1144 1287 a)
1168 1230 1401 1273 sucerdotis
1425 1230 1666 1273 assistentis
1689 1232 1777 1273 sive

143 1316 238 1346 cum
272 1302 410 1346 debita
445 1303 719 1359 delegatione,
751 1305 841 1346 sive
875 1302 1079 1358 parochus
1112 1303 1234 1345 t'uerit
1268 1301 1345 1345 loci
1380 1303 1418 1343 in
1453 1314 1534 1358 quo
1570 1303 1777 1343 matrimo-
1827 1298 1829 1300 ’

144 1376 258 1416 nium
292 1374 374 1428 fiat,
410 1374 459 1417 ad
496 1374 604 1431 quod
640 1374 857 1417 assistendi
885 1386 1036 1416 munus
1071 1373 1219 1417 Bened.
1246 1371 1335 1415 xlv
1374 1372 1502 1415 voluit
1541 1371 1774 1428 «deputari

145 1444 370 1501 parochum
405 1444 576 1488 alterius
609 1458 659 1488 ex
694 1444 1049 1498 contrahentibus,
1082 1457 1205 1502 quem
1232 1446 1373 1486 notitia
1400 1456 1685 1500 personarum,
1710 1456 1777 1486 ex-

145 1518 359 1573 perientia,
393 1520 433 1559 et
464 1516 686 1559 diuturnus
719 1529 858 1559 rerum
894 1529 992 1559 usus
1024 1517 1173 1572 quovis
1196 1514 1411 1558 sacerdote
1443 1519 1642 1558 extraneo
1677 1516 1779 1570 peri-

143 1589 291 1630 tiorem
324 1587 511 1631 effecisse
547 1591 881 1643 praesumuntur.
916 1586 955 1629 Si
990 1599 1097 1643 quae
1146 1590 1283 1629 tamen
1333 1589 1553 1629 occurrant
1602 1587 1777 1628 circum-

140 1660 329 1713 stantiae,
363 1670 470 1716 quae
503 1658 631 1701 alium
663 1657 925 1701 sacerdotem
951 1656 1039 1700 loco
1074 1657 1241 1714 parochi
1276 1669 1503 1713 exposcere
1541 1655 1773 1709 videantur,

143 1729 264 1786 gravi
301 1728 526 1785 impellenti
571 1741 709 1783 causa,
745 1731 778 1772 is
815 1728 1011 1772 sacerdos
1058 1728 1248 1784 eligatur,
1283 1729 1350 1784 qui
1387 1726 1605 1783 probitate,
1639 1731 1678 1769 et
1711 1726 1779 1769 do·

144 1802 288 1854 ctrina,
323 1805 363 1843 et
395 1799 576 1843 obeundi
625 1801 810 1843 muneris
858 1801 1003 1856 peritia
1046 1799 1421 1843 commendetur».
1455 1796 1572 1850 Quae
1611 1797 1780 1840 Benedi-

143 1872 197 1914 cti
232 1869 322 1914 XlV
364 1875 582 1927 praecepta
633 1871 879 1928 prudentiae
929 1870 1063 1927 plena,
1095 1869 1239 1913 saltem
1293 1874 1334 1912 ut
1383 1882 1526 1912 norma
1575 1869 1777 1912 directiva

144 1946 313 1998 propter
345 1943 610 1985 omissionem
642 1943 680 1984 in
705 1939 856 1985 Codice
880 1940 1094 1985 observari
1119 1940 1478 1984 commendantur.
1513 1939 1774 1982 Sei-vandum

143 2015 266 2056 etiam
301 2016 521 2068 secretum,
558 2017 600 2056 ut
632 2025 772 2069 supra,
811 2027 831 2053 ((
854 2025 905 2055 ex
940 2016 1099 2068 parte»
1133 2010 1177 2068 b)
1203 2010 1371 2054 testium
1404 2010 1548 2054 saltem
1583 2010 1777 2062 (luorum,

144 2085 276 2127 forma
310 2086 419 2127 enim
453 2085 652 2127 canoniea
685 2083 892 2127 servanda
925 2087 999 2131 est,
1034 2082 1074 2138 c)
1112 2080 1339 2125 Ordinarii
1360 2084 1450 2125 sive
1473 2081 1665 2138 Episcopi
1692 2094 1779 2138 per-

144 2154 356 2209 mittentis,
390 2157 480 2198 sive
514 2153 666 2198 Vicarii
701 2167 868 2212 quoque
901 2153 1122 2210 generalis,
1156 2153 1322 2210 quando
1356 2152 1422 2196 hic
1455 2166 1550 2196 cum
1586 2152 1778 2196 mandato

143 2226 312 2283 speciali
348 2228 660 2283 permissionem
686 2225 844 2277 tribuit,
878 2225 922 2282 d)
947 2225 1118 2282 eiusque
1146 2240 1165 2265 a
1189 2222 1401 2269 Ordinarii
1426 2240 1448 2265 ))
1476 2237 1778 2274 suceessorum,

144 2297 185 2354 e)
217 2303 256 2340 et
287 2297 415 2340 etiam
448 2296 629 2340 alterius
662 2296 866 2354 eoniuyis,
906 2296 1009 2340 alias
1040 2301 1245 2340 secretum
1271 2309 1350 2339 non
1385 2300 1492 2339 esset
1524 2295 1777 2338 sufficienter

146 2372 401 2424 protectum:
435 2373 474 2412 et
507 2370 603 2426 quia
639 2370 676 2411 in
712 2370 937 2424 coniugum
973 2366 1190 2410 utilitatem
1229 2371 1426 2410 statutum
1463 2371 1523 2409 est
1555 2370 1777 2418 secretum,

144 2439 334 2483 additur:
369 2438 505 2482 altero
537 2441 715 2496 coniuge
740 2452 819 2482 non
845 2438 1129 2482 consentiente
1150 2436 1449 2494 divulgationi.
1484 2462 1542 2468 —
1574 2437 1777 2490 Quamvis

145 2510 251 2554 desit
283 2510 478 2566 explicita
513 2512 680 2565 mentio,
713 2512 902 2567 sequitur
935 2514 1072 2552 tamen
1118 2509 1343 2564 prudenter
1390 2510 1549 2552 servari
1583 2509 1778 2565 quamvis

144 2594 224 2625 non
258 2584 492 2625 necessario
525 2595 575 2625 ex
608 2586 737 2625 const.
773 2580 1037 2624 Benedictina
1072 2580 1117 2638 (ἓ
1149 2580 1207 2637 9),
1241 2580 1349 2638 quod
1391 2595 1411 2620 c(
1435 2578 1619 2623 Ministro
1652 2579 1778 2635 depu-

146 2652 269 2696 tando
302 2653 489 2697 districte
522 2654 815 2709 praecipiatur,
850 2665 900 2695 ne
935 2653 1198 2694 matrimonio
1243 2653 1417 2705 intersit,
1451 2653 1524 2694 nisi
1562 2652 1674 2707 prius
1710 2662 1775 2706 pa-

146 2728 261 2767 terna
295 2722 496 2767 charitate
529 2725 728 2780 coniuges
763 2725 800 2766 in
827 2722 1000 2765 Domino
1025 2724 1243 2770 monuerit,
1267 2721 1450 2765 sobolem
1477 2721 1774 2778 procreandam

147 2796 384 2851 regenerari
418 2796 728 2852 quamprimum
777 2799 969 2850 oportere
1016 2806 1134 2837 sacro
1185 2792 1442 2850 baptismatis
1485 2793 1680 2845 lavam-03
1729 2808 1776 2835 ac

146 2864 308 2910 Christo
341 2865 466 2908 iudici
500 2865 729 2909 districtam
765 2865 1001 2908 reddituros
1033 2877 1122 2908 esse
1157 2866 1372 2912 rationem,
1398 2866 1472 2907 nisi
1509 2863 1614 2907 tilios
1650 2868 1691 2906 ut
1727 2862 1777 2906 le-
