1971 3261
194 140 261 173 154
589 136 675 170 Lm.
703 136 774 170 III.
804 156 815 160 -
843 135 953 169 PARS
978 135 1009 168 1.
1039 154 1051 161 -
1076 134 1133 169 Dc
1158 134 1423 170 Sacramentis
1630 133 1724 169 Can.
1751 133 1822 168 824

192 257 229 292 ll.
246 256 407 301 Negative
432 256 474 290 ad
504 254 651 300 primam
681 258 833 299 partem;
862 252 1068 288 affirmative
1093 252 1136 287 ad
1163 252 1364 294 secundam,
1382 256 1522 298 excepto
1539 262 1622 288 casu
1642 252 1820 288 ultroneae

188 315 388 355 oblationis,
419 314 522 350 vetita
548 318 665 348 tamen
694 323 761 347 non
790 311 903 346 solum
933 311 1110 358 petitione,
1140 311 1199 346 sed
1217 311 1323 347 ctiam
1343 321 1564 357 quacumque
1582 310 1820 347 insinuatione

190 379 227 409 ut
252 374 473 419 eleemosyna
501 372 609 407 maior
635 370 812 406 ordinaria
837 381 857 405 a
884 369 1046 406 fidelibus
1072 369 1234 405 offeratur
1254 384 1286 404 n.
1315 369 1437 414 Quoad
1463 369 1550 405 alias
1575 370 1662 404 duas
1697 369 1820 405 Missas

188 433 385 479 quaesitum
414 432 494 466 fuit.-
525 445 539 463 «
557 430 609 465 111.
639 430 798 465 Potestne
824 427 1036 464 Sacerdos...
1065 429 1197 474 aliquid
1224 428 1380 475 accipere
1418 429 1551 464 ratione
1578 428 1718 473 laboris,
1759 439 1818 464 seu

187 491 398 528 incommodi
427 489 623 529 extrinseci,
656 493 737 534 puta
763 487 790 522 si
818 488 862 523 ad
888 488 1037 524 aliorum
1063 488 1287 523 commodum
1307 488 1384 523 illas
1404 487 1577 524 celebrare
1595 488 1718 523 debeat
1736 491 1821 524 bora

187 551 237 585 vel
266 551 338 585 loco
363 550 447 585 satis
475 548 705 589 incommodo,
735 552 816 593 puta
842 547 878 581 iu
905 558 1031 582 aurora
1069 547 1123 582 vel
1149 547 1241 582 circa
1280 547 1475 591 meridiem,
1518 547 1554 581 in
1592 547 1737 582 ecclesia
1763 547 1818 582 vel

185 610 334 645 oratorio
360 608 479 647 rurali,
506 612 565 642 aut
591 606 809 642 coemeterii:
852 606 902 641 vel
930 617 973 641 ne
1008 607 1071 641 boc
1109 605 1209 641 titulo
1247 606 1358 641 valeat
1391 605 1524 652 aliquid
1565 605 1815 652 perciperet)...

189 669 288 714 Resp.
318 668 369 703 Ad
396 666 449 703 lll.
476 665 639 711 Negative
664 666 707 701 ad
737 665 884 711 primam
913 670 1059 711 partem,
1087 665 1292 700 affirmative
1317 665 1361 700 ad
1390 665 1632 706 secundam»,
1658 665 1819 711 quamvis

187 728 272 763 alias
299 727 428 766 liceret,
459 737 538 761 nam
569 725 722 760 Pontifex
751 724 929 760 liberalem
956 724 1214 760 concessionem
1244 723 1372 759 faciens
1401 728 1509 770 potest
1536 735 1711 770 apponere
1737 735 1817 760 con-

185 787 334 822 ditiones
361 785 424 819 sibi
454 784 646 820 benevisas.
677 805 719 810 -
749 783 1012 818 Rationabiliter
1050 787 1230 823 statutum,
1269 783 1350 828 quia
1387 786 1438 818 est
1473 782 1650 818 concessio
1689 783 1818 819 utenda

186 845 289 880 unice
315 845 351 879 in
378 844 579 879 animarum
610 843 774 878 favorem.
806 841 962 887 Denique
987 841 1094 877 dubio
1123 855 1138 873 «
1156 840 1211 875 lV.
1243 841 1403 877 Potestne
1430 840 1611 882 Sacerdos
1639 842 1745 877 etiam
1771 853 1818 878 re-

188 909 279 939 moto
305 903 426 949 quovis
453 902 580 937 motivo
607 902 706 941 lucri,
735 901 822 936 alias
849 901 936 936 duas
962 899 1085 935 Missas
1110 899 1171 935 illa
1196 899 1252 935 die
1279 911 1339 946 pro
1377 911 1439 935 suo
1472 899 1618 935 arbitrio
1643 900 1820 946 applicare

184 968 219 998 et
243 962 368 1009 stipem
396 961 582 1008 percipere,
608 966 641 996 et
668 960 939 1006 insequentibus
965 959 1090 995 diebus
1116 959 1292 1004 applicare
1320 970 1378 1005 per
1400 970 1436 994 se
1453 959 1506 994 vel
1527 970 1587 1005 per
1604 959 1715 994 alium
1733 959 1819 995 duas

186 1022 323 1063 Missas,
351 1032 458 1056 unam
488 1032 549 1067 pro
577 1020 684 1056 tidelss.
714 1019 905 1060 defunctis,
933 1019 1079 1054 alteram
1105 1019 1149 1054 ad
1178 1023 1330 1054 mentem
1360 1018 1537 1054 Pontificis
1551 1018 1614 1053 ⁴2...
1645 1018 1745 1065 Resp.
1767 1019 1818 1054 Ad

186 1081 242 1116 lV.
272 1081 435 1126 Negative
454 1095 482 1116 ».
511 1080 620 1115 lmmo
650 1094 664 1111 α
689 1079 726 1113 V.
758 1079 917 1115 Potestne
944 1078 1144 1124 Episcopus
1164 1088 1311 1124 poenam
1332 1078 1585 1124 suspensionis,
1606 1078 1710 1114 ctiam
1731 1078 1820 1114 latae

184 1141 391 1181 sententiae,
420 1145 453 1175 et
482 1151 549 1175 non
579 1139 725 1175 faciendi
754 1150 856 1174 suum
885 1137 1111 1184 stipendium,
1141 1138 1295 1182 irrogare
1322 1137 1357 1171 in
1385 1148 1442 1172 eos
1469 1137 1528 1183 qui
1548 1138 1596 1173 ita
1612 1138 1809 1182 agerentP..

187 1200 288 1246 Resp.
318 1200 368 1235 Ad
400 1199 438 1234 ν.
468 1199 683 1234 Affirmative
1812 1181 1821 1190 ’

304 1259 343 1294 Et
369 1259 417 1294 sic
444 1258 564 1304 Aplca.
595 1257 700 1293 Sedes
729 1257 877 1304 providit
904 1261 941 1291 ut
967 1257 1184 1292 sacerdotum
1209 1256 1356 1292 avaritia
1382 1261 1660 1301 compesceretur
1686 1257 1721 1291 in
1742 1267 1820 1292 con-

185 1318 340 1354 cessione
365 1329 385 1353 a
411 1317 579 1353 charitate
605 1317 680 1352 sola
707 1316 943 1362 proveniente.

303 1376 424 1421 Quoad
451 1376 647 1412 sacerdotes
672 1380 789 1411 autem
817 1380 890 1410 tum
918 1376 1112 1411 saeculares
1139 1380 1212 1409 tum
1240 1375 1415 1420 regulares
1448 1379 1527 1410 actu
1564 1380 1818 1412 commorantes

184 1438 220 1472 in
251 1437 378 1482 Regnis
403 1441 508 1482 atque
537 1435 705 1471 Dominiis
734 1435 925 1481 Hispaniae
950 1439 1054 1480 atque
1082 1434 1313 1479 Portugalliae
1350 1434 1609 1479 Algarbiorum‚
1649 1435 1820 1470 servanda

184 1501 236 1532 est
260 1501 372 1531 const.
405 1510 419 1528 «
441 1494 542 1539 Quod
568 1495 730 1540 expensis
750 1509 764 1527 »
794 1493 923 1530 Bened.
955 1493 1056 1529 ΧΙΥ1
1085 1493 1121 1527 in
1148 1497 1167 1535 ξ
1189 1507 1203 1525 «
1227 1492 1363 1529 Scimus
1382 1492 1486 1528 etiam
1508 1508 1536 1533 »‚
1557 1493 1613 1528 ubi
1639 1507 1653 1525 «
1673 1493 1715 1529 de
1734 1493 1816 1535 illis,

185 1555 244 1601 qui
271 1559 352 1590 ante
379 1554 442 1589 hoc
468 1559 605 1599 tempus
631 1556 730 1598 (suae
757 1551 1036 1592 Constitutionisi
1059 1551 1094 1586 in
1125 1552 1319 1596 Aragoniae
1345 1562 1451 1596 regno
1477 1551 1577 1592 duas,
1607 1551 1657 1587 vel
1685 1556 1754 1587 tres
1771 1562 1820 1588 re-

185 1614 337 1660 spective
366 1614 492 1648 missas
521 1613 696 1659 praedicta
721 1613 776 1647 die
802 1612 1018 1647 celebrantes
1047 1611 1208 1656 (scilicet2
1249 1611 1335 1646 duas
1371 1609 1573 1646 Sacerdotes
1610 1611 1815 1651 saeculares,

183 1678 252 1709 tres
277 1678 392 1709 autem
427 1672 629 1717 Regulares)
654 1672 740 1707 duas
759 1671 810 1706 vel
832 1675 901 1706 tres
927 1670 1169 1716 eleemosynas
1194 1669 1426 1716 accipiebant,
1453 1669 1543 1704 nihil
1575 1669 1818 1705 innovandum

184 1738 335 1768 censet»
368 1732 494 1767 Bened.
526 1730 614 1766 XIV.
647 1730 684 1766 Et
710 1730 792 1776 quia
818 1730 902 1765 haec
928 1729 1109 1776 dispositio
1128 1729 1283 1765 continet
1325 1728 1435 1763 «iura
1472 1728 1551 1764 aliis
1588 1729 1752 1774 quaesita,
1782 1729 1816 1763 in

185 1803 249 1826 usu
275 1791 388 1826 adhuc
428 1802 491 1826 nec
518 1795 688 1828 revocata,
718 1790 853 1834 integra
881 1793 1073 1829 manent»,
1116 1788 1197 1834 quia
1238 1786 1409 1823 «Codicis
1437 1787 1634 1823 canonibus
1659 1798 1819 1833 expresse

185 1862 255 1886 non
283 1855 489 1886 revocantur
508 1863 523 1882 ›>
554 1852 647 1894 (can.
677 1848 724 1893 4).
754 1848 975 1894 Prosequitur
1003 1847 1129 1883 Bened.
1150 1846 1225 1882 th'
1246 1848 1298 1891 (in
1317 1851 1428 1882 const.
1462 1860 1477 1879 «
1498 1846 1597 1890 Quod
1616 1848 1779 1892 expensis
1798 1862 1813 1878 2,

184 1915 222 1952 §⁰
248 1910 339 1953 cit0.)
371 1923 386 1942 «
406 1909 450 1944 lis
478 1920 569 1953 vero,
597 1909 654 1954 qui
685 1909 912 1954 imposterum
940 1907 974 1941 in
994 1907 1115 1942 eodem
1136 1906 1252 1951 Regno
1271 1906 1407 1941 tertiam
1429 1905 1570 1940 Missam
1590 1905 1706 1950 vigore
1724 1916 1818 1952 prae·

185 1970 293 2005 sentis
312 1969 439 2004 indulti
467 1969 705 2009 celebrabunt,
734 1968 834 2003 iustis
859 1967 900 2003 de
926 1967 1081 2002 causis...
1108 1966 1264 2001 districte
1291 1965 1525 2011 prohibemus
1566 1975 1610 2000 ne
1648 1975 1709 2011 pro
1743 1965 1817 2011 ipsa

186 2029 291 2064 Missa
317 2029 424 2063 ullam
451 2029 709 2074 eleemosynam
736 2027 893 2073 accipere
919 2030 1157 2072 praesumant,
1187 2025 1276 2060 sicut
1301 2025 1405 2060 etiam
1428 2024 1481 2065 iis,
1503 2024 1619 2070 quiin
1638 2024 1716 2060 aliis
1734 2024 1818 2060 locis

185 2089 247 2123 hoc
279 2088 397 2123 eodem
433 2088 570 2122 ludulto
607 2086 880 2132 comprehensis
920 2084 1109 2120 secundam
1152 2084 1360 2129 tertiamque
1399 2083 1542 2118 Missam
1576 2083 1815 2122 celebrabunt,

184 2147 291 2182 simili
320 2148 493 2183 ratione...
524 2146 695 2187 iubemus,
723 2150 759 2181 ut
787 2157 857 2181 non
884 2144 951 2179 nisi
972 2155 1077 2179 unam
1096 2143 1269 2189 accipiant
1289 2143 1560 2190 eleemosynam,
1581 2142 1738 2178 videlicet
1758 2154 1818 2188 pro

189 2206 300 2252 prima
326 2206 431 2241 Missa
457 2207 649 2246 dumtaxat,
675 2205 781 2251 (quod
803 2215 897 2239 nunc
914 2203 1145 2239 substituatur
1165 2213 1222 2248 per
1242 2201 1522 2237 favorabiliorem
1541 2201 1818 2248 responsionem,

187 2270 223 2300 ut
249 2267 381 2311 supra),
407 2270 439 2300 et
466 2265 501 2299 in
529 2275 569 2300 ea
594 2269 730 2299 tantum
757 2263 952 2309 quantitate
977 2273 1044 2308 qua
1070 2272 1109 2297 ea
1136 2260 1372 2308 Synodalibus
1399 2260 1729 2301 Constitutionibus,
1757 2271 1816 2296 seu

185 2335 205 2359 a
232 2324 295 2359 loci
324 2324 576 2359 consuetudine
606 2323 811 2368 regulariter
850 2321 1033 2368 praefinita
1073 2321 1187 2357 suerit.
1230 2320 1461 2356 Decernentes
1500 2319 1634 2354 nullam
1672 2319 1817 2355 omnino

186 2394 341 2424 causam,
369 2383 577 2428 nullumque
606 2387 831 2428 praetextum,
857 2385 918 2417 aut
943 2380 1139 2421 obtentum,
1167 2380 1209 2415 ad
1237 2379 1484 2415 declinandam
1511 2379 1615 2413 huius
1641 2379 1813 2424 praecepti

186 2443 294 2479 nostri
321 2441 581 2478 observantiam
601 2441 782 2486 suffragari
804 2451 922 2487 posse;
942 2450 985 2475 ne
1004 2439 1236 2474 voluntariam
1256 2438 1397 2484 quidem
1418 2437 1572 2473 fidelium
1592 2437 1816 2475 oblationem.

186 2513 267 2537 nam
295 2512 359 2536 nec
383 2511 403 2535 a
421 2505 544 2546 sponte
569 2500 736 2535 dantibus
775 2501 861 2544 (non
892 2499 959 2534 iam
988 2498 1078 2533 ultra
1116 2502 1230 2532 taxam
1260 2508 1320 2543 pro
1345 2507 1417 2532 una
1453 2507 1492 2531 ex
1531 2496 1643 2531 tribus
1677 2495 1730 2531 vel
1757 2506 1817 2541 pro

186 2560 266 2601 illis,
298 2571 357 2606 pro
383 2559 511 2605 quibus
537 2559 614 2594 licet
640 2559 898 2605 eleemosynam
926 2557 1092 2603 accipere,
1111 2557 1169 2591 sed
1191 2568 1250 2602 pro
1267 2556 1360 2599 aliis)
1380 2555 1572 2601 quidquam
1592 2554 1696 2600 recipi
1719 2565 1816 2600 posse

184 2619 390 2660 statuimus;
418 2629 481 2653 nec
508 2618 616 2653 alium
644 2628 900 2664 quemcumque
926 2616 1124 2656 colorem»,
1153 2621 1184 2651 et
1212 2619 1367 2651 recenset
1385 2625 1443 2649 sex
1461 2624 1547 2659 quos
1565 2612 1733 2654 dissolvit,
1760 2623 1816 2658 po-

184 2683 254 2714 stea
283 2678 332 2713 sic
358 2677 524 2712 claudens
553 2677 880 2723 praescriptionem:
914 2690 929 2707 a
949 2675 986 2710 ln
1010 2685 1147 2710 summa
1168 2674 1326 2710 volumus
1343 2678 1375 2709 et
1394 2672 1593 2713 statuimus,
1612 2670 1812 2707 huiusmodi

187 2737 309 2772 Missas
334 2736 377 2772 de
404 2746 491 2771 novo
516 2746 697 2771 concessas
722 2736 802 2777 (hac
820 2746 882 2770 sua
908 2733 1177 2772 Constitutione)
1205 2732 1369 2768 omnibus
1389 2732 1424 2767 in
1444 2730 1622 2767 communi
1643 2729 1811 2765 Fidelium

306 2878 314 2898 1
342 2877 386 2910 21
416 2877 519 2920 Aug.
552 2877 654 2911 1748.
