1971 3261
631 179 718 212 Lus.
746 178 820 213 III.
852 199 862 204 -
888 179 999 213 PARS
1024 179 1055 213 I.
1085 200 1096 205 -
1123 180 1180 215 De
1210 180 1475 215 Sam-amentis

355 297 451 342 46⁶2.
487 300 748 355 Inscriptio
772 300 948 355 eapitis
971 312 1030 345 ac
1052 300 1509 356 impedimentorum
1532 301 1861 347 dirimentium

236 370 399 425 logica
431 370 754 414 coordinatio.
774 393 829 399 —
846 368 1040 425 Sequitur
1058 368 1209 412 deinde
1230 367 1365 426 Caput
1382 367 1406 412 I
1417 368 1455 414 V.
1476 368 1537 412 De
1549 369 1861 427 impedimentis

235 438 543 493 ‹tii·imeuti't›ic3‚
592 451 664 481 seu
697 438 748 481 de
783 438 1129 494 prohibitionibus
1179 443 1264 482 tum
1315 441 1415 483 iuris
1463 440 1594 483 divini
1642 444 1730 484 tum
1764 442 1868 485 iuris

235 509 518 564 ecelesiastici,
553 521 660 566 quae
691 509 837 552 saltem
875 511 913 551 vi
948 509 1069 552 huius
1101 522 1352 567 semperque
1398 512 1555 553 ratione
1589 523 1860 566 personarum

237 582 400 623 irritum
434 579 614 623 reddunt
647 582 971 632 matrimonium,
1005 580 1115 638 quod
1151 584 1290 637 utpote
1324 582 1362 623 in
1396 582 1532 637 seipso
1555 585 1863 624 sacramentnm

238 651 305 694 illo
339 649 495 707 duplici
531 652 620 693 iure
654 655 811 694 tantum
846 653 1017 707 regitur,
1051 653 1211 694 etiamsi
1243 653 1491 694 sacramenti
1526 651 1728 706 dignitate
1747 651 1867 695 orba·

238 726 324 764 tum
357 721 494 776 fuerit,
527 734 575 764 eo
607 721 717 778 quod
752 734 859 765 unus
891 734 940 764 ex
974 720 1314 765 contrahentibus
1347 720 1575 778 baptizatus
1608 735 1686 765 non
1711 724 1774 767 sit.
1800 721 1860 766 De

238 805 415 849 quorum
450 792 843 847 impedimentorum
877 796 1000 849 atque
1032 805 1160 836 censu
1193 792 1367 835 aliorum
1405 792 1626 845 desectum,
1653 795 1722 850 qui
1746 792 1861 836 illum

239 866 496 906 contractum
533 862 880 906 matrimonialem
904 865 1077 906 irritant
1109 865 1148 905 in
1185 865 1387 919 praesenti
1433 860 1596 906 Codicis
1629 863 1865 919 disciplina,

239 938 350 976 certe
383 935 636 990 computatio
669 938 709 976 et
741 933 998 976 coordinatio
1031 933 1162 989 logica
1185 937 1407 990 sequentes
1429 933 1518 977 dari
1538 938 1717 990 queunt:
1742 932 1871 986 Quin·
1940 980 1941 984 ,

239 1017 319 1061 que
354 1006 511 1047 ratione
544 1004 670 1048 debiti
705 1017 943 1055 consensus,
977 1009 1015 1048 et
1048 1009 1154 1047 sunt:
1189 1004 1375 1048 defectus
1397 1003 1562 1047 debitae
1586 1004 1864 1057 discretionis,
1938 998 1940 1002 ¹

239 1088 368 1131 error,
403 1074 626 1129 simulati0‚
662 1077 722 1118 vis
754 1080 794 1118 et
826 1080 959 1118 metus
993 1080 1116 1132 atque
1149 1075 1335 1118 defectus
1368 1075 1616 1119 conditionis
1640 1077 1867 1132 appositae.

239 1146 352 1191 Unus
384 1159 435 1189 ex
470 1151 584 1202 parte
628 1147 784 1189 formae
827 1151 1077 1202 contractus,
1123 1151 1379 1203 vocaturque
1423 1145 1745 1189 clandestinitas.
1788 1146 1866 1190 De-

239 1219 365 1274 nique
399 1230 549 1260 novem
585 1217 882 1273 impedimenta
918 1219 1083 1273 proprie
1116 1217 1240 1271 dieta,
1272 1229 1344 1260 seu
1368 1229 1416 1260 ex
1443 1220 1557 1273 parte
1598 1229 1868 1272 personarum

240 1287 588 1344 contrahentium,
620 1291 679 1332 sic
713 1293 849 1331 tamen
885 1292 928 1331 ut
962 1301 1091 1332 unum
1125 1301 1272 1331 eorum
1311 1300 1367 1331 sc.
1412 1289 1569 1331 crimen
1604 1287 1865 1345 quadruplex

240 1361 305 1410 sit,
339 1364 379 1402 et
411 1358 522 1402 aliud
558 1359 903 1415 impedimentum
950 1357 1143 1402 videlicet
1184 1360 1375 1414 cognatio
1415 1362 1577 1414 sumpta
1622 1361 1666 1401 ut
1699 1359 1867 1414 propin-

242 1431 378 1486 quitas
410 1429 653 1487 quintuplex
690 1431 939 1474 inveniatur.

361 1547 491 1583 Horum
518 1553 635 1583 autem
661 1548 819 1583 omnium
849 1548 960 1593 logica
986 1548 1140 1583 recensio
1166 1547 1215 1582 sic
1230 1546 1348 1593 -accipi
1394 1551 1503 1593 potest
1529 1557 1567 1582 ex
1598 1545 1635 1581 D.
1666 1546 1729 1581 Th.
1751 1547 1763 1569 1
1789 1556 1870 1581 cum

241 1606 499 1642 additionibus:
532 1622 546 1638 «
570 1607 680 1642 Potest
707 1607 1109 1652 matrimonium(quoad
1126 1607 1292 1649 valorem)
1327 1605 1487 1651 impediri
1515 1609 1575 1640 aut
1601 1616 1640 1640 ex
1668 1609 1764 1651 parte
1789 1616 1869 1640 con·
1891 1628 1894 1629 ν
1922 1624 1936 1643 -,
1970 1602 1971 1611 ’

243 1671 373 1701 tractus
400 1666 629 1708 matrimonii,
657 1671 717 1701 aut
741 1678 781 1702 ex
811 1672 905 1712 parte
929 1665 1226 1701 contrabentium.
1249 1664 1282 1700 Si
1306 1665 1417 1711 primo
1436 1664 1550 1708 modo⁷
1572 1675 1649 1699 cum
1670 1667 1870 1699 contractus
1929 1663 1943 1699 .’

245 1725 458 1761 matrimonii
489 1726 546 1760 fiat
573 1737 632 1771 per
659 1725 895 1761 voluntarium
922 1736 1132 1760 consensum
1153 1738 1167 1756 1>
1198 1724 1351 1769 legitime
1377 1734 1592 1770 expressum,
1625 1724 1683 1769 qui
1711 1723 1870 1759 volunta-

243 1784 315 1819 rius
341 1795 532 1820 consensus
558 1784 691 1820 tollitur
717 1785 830 1830 quoad
857 1784 1072 1820 intellectum
1095 1795 1155 1830 per
1181 1782 1406 1829 iquorantiam
1434 1782 1539 1817 idest:
1566 1782 1609 1818 ob
1635 1782 1799 1829 defectum
1818 1782 1870 1817 de·
1927 1778 1931 1797 ³
1954 1818 1958 1822 ,

244 1844 329 1880 bitae
355 1843 576 1885 discretionis,
602 1848 635 1879 et
658 1855 716 1890 per
741 1855 898 1888 errorem,
926 1849 959 1878 et
985 1843 1096 1889 quoad
1130 1843 1343 1878 voluntatem
1362 1841 1406 1877 ab
1425 1841 1618 1877 extrinseco
1648 1841 1788 1887 quidem
1813 1852 1873 1887 per
1926 1878 1935 1890 y,
1952 1854 1969 1893 7'·

246 1903 310 1939 nim
324 1910 354 1939 et
373 1910 494 1938 metum
520 1907 553 1938 et
578 1903 621 1938 ab
648 1902 838 1938 intrinseco
861 1914 920 1949 per
945 1902 1205 1943 simulationem,
1223 1906 1256 1937 et
1281 1901 1386 1935 simul
1412 1900 1456 1936 ab
1485 1900 1674 1935 intrinseco
1699 1904 1731 1936 et
1756 1900 1799 1935 ab
1817 1910 1873 1935 ex·
1928 1922 1930 1924 v
1957 1906 1961 1919 ¹

244 1963 394 1998 trinseco
418 1969 550 2009 propter
575 1962 735 2008 defectum
763 1961 806 1997 ob
837 1966 1015 1997 externam
1048 1960 1266 1996 conditionem
1301 1959 1495 1995 voluntarie
1529 1959 1735 2006 apposuerim
1768 1963 1873 1995 erunt

245 2021 402 2068 quinque
427 2022 581 2056 defectus
608 2020 877 2056 substantiales:
905 2020 1051 2067 defectus
1076 2019 1202 2055 debitae
1227 2018 1452 2060 discretionis,
1481 2029 1585 2053 error.
1614 2017 1663 2052 vis
1689 2008 1719 2053 et
1752 2024 1875 2058 metim,

244 2081 430 2122 simulatio,
459 2084 492 2116 et
517 2080 663 2125 desectus
691 2079 889 2115 conditionis
915 2079 1095 2126 appositae.
1139 2077 1194 2114 Ob
1231 2078 1404 2114 defectum
1435 2077 1666 2123 expressionis
1694 2076 1869 2121 legitimae

246 2150 436 2177 consensus
461 2139 571 2174 oritur
595 2138 848 2174 clandestinitas
876 2138 1125 2173 matrimonium
1151 2137 1305 2173 irritans.

369 2212 383 2231 «
406 2198 450 2233 Ex
479 2203 574 2244 parte
599 2198 740 2233 demum
768 2208 995 2244 personarum
1022 2196 1349 2233 contrahentium...
1378 2196 1428 2230 sic
1453 2195 1735 2240 distinguuntur:
1763 2197 1874 2240 potest

245 2257 340 2292 enim
367 2257 494 2303 aliquis
520 2256 681 2302 impediri
707 2268 728 2292 a
754 2256 978 2292 matrimonio
1016 2255 1253 2291 contrahendo
1292 2254 1344 2290 vel
1383 2254 1600 2300 simpliciten
1634 2253 1685 2289 vel
1712 2257 1869 2299 respectu

246 2316 394 2351 alicuius
422 2326 599 2362 personae.
628 2314 663 2351 Si
690 2315 908 2361 simpliciter,
938 2320 974 2350 ut
999 2326 1079 2350 cum
1106 2314 1203 2350 nulla
1230 2314 1337 2360 possit
1365 2312 1628 2348 matrimonium
1655 2312 1872 2354 contrahere,
1925 2339 1929 2343 l
1960 2316 1962 2354 j

247 2375 310 2410 hoe
336 2386 406 2410 non
448 2379 556 2421 potest
593 2385 680 2420 esse,
710 2374 776 2409 nisi
812 2375 892 2420 quia
932 2374 1120 2420 impeditur
1145 2385 1165 2409 a
1191 2372 1441 2408 matrimoniali
1481 2376 1573 2407 actu.
1604 2369 1704 2415 Quod
1730 2371 1872 2417 quidem
1923 2369 1961 2407 ἦ-

247 2429 419 2478 eontingit
444 2433 650 2479 dupliciter:
679 2433 790 2480 primo
816 2433 897 2479 quia
926 2444 994 2468 non
1023 2437 1132 2479 potest
1157 2433 1199 2468 de
1219 2432 1307 2468 facto
1327 2431 1414 2476 (sive
1429 2435 1651 2476 temporanee
1667 2434 1771 2475 atque
1789 2430 1875 2466 inef-
1911 2465 1914 2471 ,

248 2492 398 2528 ficaciter
423 2492 459 2526 ob
486 2495 653 2537 aetatem),
680 2493 751 2528 sive
777 2493 859 2538 quia
884 2492 1030 2528 omnino
1056 2503 1126 2527 non
1155 2491 1273 2537 possit,
1303 2495 1335 2526 et
1361 2490 1410 2525 sio
1437 2489 1578 2535 ponitur
1604 2488 1871 2535 impedimentum

248 2551 507 2598 impotentia...;
536 2551 688 2587 secundo
714 2552 796 2597 quia
823 2562 893 2587 non
922 2551 1013 2587 licite
1040 2555 1160 2597 potest,
1187 2554 1220 2585 et
1246 2550 1309 2585 hoc
1343 2548 1537 2584 secundum
1568 2547 1659 2593 quod
1685 2547 1728 2582 ad
1762 2547 1875 2582 conti·
1905 2568 1913 2578 .-
1942 2549 1959 2579 ζ’

249 2610 405 2646 nentiam
431 2610 617 2655 obligatur,
639 2611 729 2656 quod
748 2610 921 2655 contingit
937 2609 1141 2656 dupliciter;
1162 2608 1213 2645 vel
1232 2608 1314 2654 quia
1327 2607 1501 2652 obligatur
1516 2617 1555 2642 ex
1570 2606 1680 2642 officio
1698 2610 1873 2652 suscepto,

247 2674 279 2704 et
306 2669 355 2704 sic
379 2674 430 2705 est
456 2669 725 2715 impedimentum
759 2669 910 2704 ordinis:
947 2669 998 2704 vel
1025 2679 1063 2703 ex
1092 2673 1168 2703 voto
1202 2667 1342 2709 emisso,
1371 2671 1404 2702 et
1430 2667 1480 2701 sic
1514 2665 1659 2711 impedit
1685 2670 1807 2700 votum.
1836 2662 1872 2699 Si

247 2733 363 2764 autem
391 2728 581 2774 impeditur
606 2727 735 2774 aliquis
761 2739 781 2763 a
809 2727 1031 2763 matrimonio
1069 2738 1140 2762 nou
1179 2726 1396 2772 simpliciter,
1437 2724 1496 2760 sed
1531 2728 1687 2769 respectu
1725 2722 1873 2758 alicuius

251 2797 428 2833 personae,
459 2786 510 2821 vel
538 2787 601 2821 boc
625 2791 675 2822 est
704 2792 841 2833 propter
865 2786 1114 2831 obligationem
1142 2785 1326 2830 (eamdem)
1348 2783 1391 2819 ad
1410 2783 1555 2819 alteram
1571 2792 1767 2828 personam,
1785 2781 1874 2816 sicut

1909 2837 1922 2850 ι(

367 2928 378 2949 ¹
406 2926 540 2972 Suppl.
570 2938 603 2971 q.
630 2926 673 2960 L.
699 2931 771 2960 art.
799 2938 867 2960 un.
895 2938 926 2960 c.
