1971 3261
178 146 248 180 592
583 143 668 177 [ΑΒ.
697 143 769 176 111.
800 162 812 167 —
842 142 950 176 PARS
975 142 993 175 I
1039 162 1048 168 -
1076 143 1132 177 De
1156 142 1422 177 Sao-ramentis
1592 141 1688 178 Gan.
1714 142 1808 178 1076

180 263 292 307 auth.
328 261 717 320 interpretandos¹z
755 261 866 306 «IV.
902 262 939 306 ὃ.
974 261 1083 316 Quid
1132 263 1163 305 si
1208 261 1357 318 copula
1399 260 1542 305 illicita
1575 266 1615 304 et
1647 261 1810 305 occulta

181 336 451 391 praecesserit
474 335 733 376 nativitatem
768 332 1002 387 nubemtae,
1025 333 1076 375 de
1099 345 1181 390 qua
1206 332 1385 376 dubitari
1418 335 1544 388 possit
1575 344 1626 375 an
1650 334 1702 375 sit
1725 331 1808 375 tilia

183 405 245 447 vel
268 417 385 448 soror
408 404 578 447 alterius
602 403 760 460 partis?
782 402 928 459 Resp.:
954 402 1171 446 Provisum
1197 416 1270 460 per
1292 415 1492 446 canonem
1522 402 1647 453 1076,
1670 402 1698 460 ἓ
1721 402 1745 445 3
1768 418 1809 445 )).

298 510 342 546 De
370 509 604 545 matrimoniis
643 510 678 544 in
707 509 915 545 infidelitate
942 509 1144 550 contractis,
1173 508 1299 544 silente
1337 507 1473 550 Codice,
1507 509 1591 544 hacc
1625 508 1811 544 memorari

177 574 321 616 oportet.
351 568 385 605 Si
413 574 562 615 utraque
590 579 668 615 pars
693 573 744 604 est
783 568 946 609 infidelis
975 568 1241 603 matrimonium
1270 569 1305 602 in
1347 568 1382 602 10
1408 568 1518 612 gradu
1556 567 1669 603 lineae
1694 572 1810 603 rectae

175 634 226 664 est
255 633 346 664 certe
373 628 521 670 nullum,
542 628 590 663 ita
617 633 653 663 ut
680 627 707 662 si
735 627 911 672 coniuges
942 628 1080 663 favente
1107 627 1228 662 divina
1253 627 1376 672 gratia.
1395 627 1439 662 ad
1467 626 1570 662 fidem
1601 625 1811 661 catholicam

174 692 436 728 convertantur,
464 687 617 733 separari
645 687 807 728 debeant,
833 690 866 722 et
894 686 1028 732 possint
1054 697 1162 721 novas
1189 685 1331 731 nuptias
1357 685 1458 727 inire,
1487 696 1567 720 cum
1593 689 1627 721 et
1652 684 1812 720 infideles

177 746 250 781 iure
275 745 394 780 divino
419 750 621 780 teneantur.

294 803 317 839 E
342 804 516 839 contrario
543 803 808 839 matrimonium
829 803 864 837 in
893 802 930 837 :2⁰
949 801 986 836 3⁰
1011 807 1043 837 et
1070 802 1107 837 4⁰
1132 802 1242 847 gradu
1263 802 1375 838 lineae
1401 807 1620 837 transversae
1645 806 1696 837 est
1721 806 1811 837 certe

174 863 343 907 validum,
372 862 438 897 nisi
468 862 519 898 lex
546 863 659 898 civilis
686 862 771 897 illud
799 862 929 897 irritet:
948 866 981 897 et
1007 862 1034 896 si
1062 861 1227 906 coniuges
1254 861 1470 907 baptismum
1497 860 1671 907 recipiant
1700 871 1810 906 «pos-

173 927 255 957 sunt
281 922 374 957 licite
400 932 581 957 remanere
614 920 807 961 coniuncti,
832 931 913 956 cum
947 931 1007 967 per
1045 925 1304 956 sacramentum
1332 920 1497 966 baptismi
1531 930 1604 955 non
1631 919 1812 955 solvantur

173 980 344 1026 coniugia,
372 980 430 1016 sed
459 981 609 1016 erimina
646 980 920 1021 dimittantur»,
949 984 986 1014 ut
1023 979 1166 1015 docetur
1191 990 1353 1025 expresse
1390 978 1434 1014 ab
1469 978 1546 1013 lnn.
1579 978 1616 1014 111
1657 978 1693 1013 in
1728 989 1759 1014 c.
1789 976 1810 1012 8

176 1055 194 1074 «
211 1041 254 1076 de
279 1040 436 1075 divortiis
455 1053 473 1073 »
504 1039 575 1082 (Ν,
608 1038 676 1083 13).

292 1099 555 1134 Matrimonium
583 1099 619 1133 in
646 1098 765 1144 aliquo
793 1098 862 1134 alio
887 1098 997 1143 gradu
1024 1098 1138 1133 lineae
1163 1102 1277 1133 rectae
1304 1102 1381 1143 post
1401 1097 1568 1143 primum,
1585 1096 1733 1132 dubium
1759 1101 1812 1132 est

173 1170 219 1194 an
248 1158 401 1194 validum
428 1158 472 1192 sit
499 1168 624 1200 necne,
655 1158 872 1204 praecisione
894 1158 982 1192 iacta
1006 1168 1027 1192 a
1053 1157 1146 1192 civili
1174 1157 1259 1202 lege.
1288 1156 1380 1192 Hinc
1405 1156 1657 1202 applicandum
1678 1155 1807 1201 princi-

174 1217 288 1264 pium:
320 1231 335 1249 «
357 1217 393 1252 ln
419 1217 525 1252 dubio
551 1218 716 1252 standum
744 1221 794 1252 est
833 1227 894 1263 pro
929 1216 1043 1252 valore
1071 1216 1286 1251 matrimonii
1307 1232 1320 1246 »
1346 1215 1491 1261 ideoque
1516 1215 1690 1250 videretur
1716 1215 1807 1260 quod

172 1276 337 1322 coniuges
363 1287 425 1312 nec
454 1281 597 1322 possunt
625 1287 689 1311 nec
715 1276 844 1312 debent
869 1275 1036 1322 separari,
1067 1275 1133 1310 nisi
1163 1275 1248 1311 forte
1276 1275 1371 1310 favor
1398 1274 1475 1310 fidei
1507 1274 1601 1309 aliud
1628 1278 1806 1320 exposcat.

173 1338 305 1372 Wernz
325 1340 441 1371 tamen
460 1335 710 1371 animadvertit
728 1336 742 1357 2
768 1347 803 1372 n.
822 1334 890 1370 410
918 1337 1013 1380 (nota
1035 1333 1111 1378 58):
1133 1346 1152 1368 <4
1171 1333 1204 1370 Si
1234 1334 1394 1369 infideles
1420 1333 1576 1369 conversi
1605 1333 1805 1368 huiusmodi

173 1395 396 1430 matrimonio
422 1395 643 1441 reperiantur
670 1394 771 1434 uniti,
791 1399 823 1429 et
852 1406 880 1429 v.
900 1405 951 1439 gr.
984 1405 1070 1429 avus
1108 1394 1262 1429 duxisset
1289 1397 1442 1439 neptem,
1470 1397 1562 1428 certe
1590 1392 1723 1438 privata
1748 1403 1810 1427 an-

170 1454 328 1490 ctoritate
356 1454 567 1489 missionarii
596 1454 632 1488 in
659 1465 721 1489 suo
747 1453 924 1489 connubio
950 1453 1101 1499 relinqui
1131 1464 1202 1488 non
1231 1456 1386 1499 possunt,
1407 1457 1442 1487 ut
1468 1457 1558 1487 recte
1577 1455 1695 1487 monet
1713 1450 1806 1497 Feije

172 1513 193 1549 l.
220 1524 248 1548 c.
265 1524 301 1547 n.
324 1511 390 1547 366
418 1524 468 1558 sq.
494 1517 616 1548 contra
646 1512 871 1548 Verricellum
898 1512 1065 1558 aliosque.
1097 1512 1155 1547 sed
1183 1512 1306 1547 saitem
1335 1516 1473 1558 propter
1498 1510 1707 1546 theoreticas
1733 1509 1805 1556 opi-

173 1572 294 1607 niones
322 1572 501 1607 doctorum
529 1570 634 1607 Sedes
662 1571 785 1617 Aplca.
809 1576 899 1607 esset
925 1571 1141 1606 consulenda
1161 1587 1191 1605 υ.

288 1630 442 1676 ldipsum
470 1630 605 1666 dicatur
633 1631 763 1666 fortiori
792 1631 927 1666 ratione
963 1631 1005 1666 de
1032 1630 1258 1665 matrimonio
1285 1630 1320 1664 in
1361 1629 1394 1664 1⁰
1419 1629 1528 1674 gradu
1557 1628 1669 1664 lineae
1694 1634 1808 1663 trans-

172 1700 287 1725 versae
313 1689 356 1724 ob
381 1690 623 1725 auctoritatem
651 1691 884 1725 extrinsecam
915 1689 983 1724 DD.
1015 1700 1164 1734 magnae
1196 1694 1298 1724 notae
1333 1689 1415 1723 hinc
1443 1688 1523 1723 inde
1552 1688 1810 1734 pugnantium;

171 1749 330 1794 quamvis
356 1751 499 1784 attentis
517 1749 712 1784 rationibus
738 1749 955 1792 intrinsecis,
976 1759 1052 1784 meo
1079 1748 1220 1792 iudicio,
1242 1748 1342 1783 valde
1362 1747 1550 1794 probabilis
1578 1747 1622 1781 sit
1639 1751 1699 1781 aut
1717 1750 1810 1782 certa

170 1808 345 1844 sententia
373 1819 504 1853 negans
532 1808 745 1843 validitatem
774 1808 881 1843 huius
909 1807 1076 1843 connubii
1105 1818 1143 1842 ex
1171 1807 1245 1842 iure
1272 1812 1418 1842 naturae
1443 1805 1666 1841 secundario.
1697 1804 1808 1840 Potest
1843 1837 1846 1841 .

170 1867 302 1902 consuli
332 1869 463 1902 Wernz
492 1867 527 1901 in
556 1878 591 1901 n.
622 1866 683 1901 411
716 1878 795 1902 curn
825 1867 920 1902 notis
946 1878 966 1902 a
993 1867 1031 1901 61
1064 1867 1090 1907 23
1121 1867 1178 1901 ubi
1206 1866 1336 1912 optime
1370 1864 1472 1900 solvit
1497 1868 1707 1910 argumenta
1731 1874 1810 1898 con-

168 1926 294 1961 trariae
319 1926 525 1962 sententiae.
545 1925 711 1961 Nonnulli
738 1926 917 1961 affirmant
938 1926 1072 1972 praxim
1101 1925 1272 1960 Ecclesiae
1290 1935 1364 1960 esse
1384 1924 1445 1959 hos
1463 1924 1629 1969 coniuges
1648 1924 1805 1968 (fratrem

168 1990 201 2021 ct
227 1987 391 2029 sororem)
418 1996 602 2020 conversos
629 1996 766 2031 semper
791 1985 994 2031 separandi,
1019 1985 1221 2030 eisdemque
1250 1995 1356 2019 novas
1396 1983 1537 2029 nuptias
1566 1981 1805 2029 permittendi.

170 2042 205 2079 Si
233 2044 317 2079 haec
345 2044 458 2089 praxis
478 2055 557 2079 vera
585 2044 669 2080 soret
689 2045 794 2080 etiam
825 2045 860 2078 in
887 2055 970 2079 casu
996 2055 1064 2090 quo
1092 2044 1155 2079 hoc
1175 2043 1465 2089 impedimentum
1486 2042 1559 2087 lege
1576 2041 1668 2077 civili
1695 2041 1806 2076 latum

168 2114 239 2138 non
265 2108 328 2144 est⁷
356 2114 441 2138 sane
469 2103 628 2149 probaret
667 2103 752 2139 illud
783 2103 1050 2138 matrimonium
1080 2103 1185 2138 fuisse
1225 2103 1298 2138 iure
1337 2102 1456 2137 divino
1495 2101 1647 2136 nullum.
1678 2101 1722 2136 At
1748 2099 1808 2136 illa

172 2162 284 2207 praxis
309 2162 459 2206 gratuito
485 2162 651 2197 affirmari
682 2163 832 2198 videtur.
863 2161 950 2197 Nam
978 2173 1017 2197 ex
1046 2173 1118 2197 una
1146 2167 1241 2207 parte
1276 2161 1413 2196 nullum
1440 2160 1681 2205 cognoscimus
1707 2159 1808 2194 docu-

171 2225 327 2256 mentum
356 2220 390 2255 S.
421 2220 460 2256 C.
488 2221 530 2256 de
563 2220 665 2267 Prop.
698 2220 775 2257 Fide
811 2221 862 2256 vel
903 2219 939 2256 S.
969 2220 1008 2256 C.
1039 2219 1075 2256 S.
1106 2218 1233 2263 Officii,
1266 2231 1334 2265 quo
1372 2219 1581 2255 insinuetur.
1608 2223 1641 2254 et
1672 2229 1712 2253 ex
1737 2217 1806 2253 alia

168 2280 402 2315 communiter
428 2281 500 2315 AA.
530 2280 572 2316 de
609 2291 649 2316 ea
676 2280 793 2322 silent,
818 2291 859 2316 ac
886 2281 1089 2325 negativum
1116 2284 1365 2324 argumentum
1400 2289 1439 2314 ex
1473 2289 1503 2313 c.
1533 2276 1553 2313 8
1580 2277 1622 2313 de
1647 2276 1804 2312 divortiis

170 2339 439 2384 peremptorium
469 2350 537 2374 non
564 2344 627 2375 est.
658 2339 730 2375 lmo
756 2338 915 2375 Sanchez
942 2350 1103 2385 expresse
1130 2339 1249 2374 docet:
1274 2351 1292 2372 «
1311 2337 1350 2373 Et
1376 2348 1503 2372 sanum
1521 2336 1709 2372 consilium
1735 2335 1809 2371 exi-

168 2398 271 2433 stimo
297 2398 355 2432 ubi
382 2409 483 2443 aegre
504 2399 632 2434 ferrent
659 2398 849 2442 (infideles)
869 2398 1139 2445 separationem,
1159 2397 1441 2443 amplectendam
1467 2407 1541 2432 esse
1560 2396 1651 2430 hanc
1671 2399 1803 2441 partem

168 2456 332 2501 (scilicetz
362 2468 430 2492 non
458 2468 531 2492 esse
557 2458 785 2504 separandos)
804 2463 836 2493 et
863 2457 976 2493 sicin
1004 2456 1152 2503 pristino
1171 2456 1397 2491 matrimonio
1415 2455 1673 2501 relinquendos
1695 2458 1732 2489 ut
1750 2453 1802 2489 vel

168 2515 218 2550 sic
244 2516 385 2550 suavius
410 2527 450 2551 ac
479 2516 613 2551 facilius
640 2516 683 2551 ad
710 2516 814 2552 fidem
833 2516 1038 2551 invitentur.
1058 2514 1098 2550 Et
1120 2514 1298 2551 Verricelli
1325 2515 1452 2550 diserte
1478 2513 1583 2549 tradit
1610 2513 1643 2547 id
1662 2523 1805 2548 servan-

167 2574 252 2609 dum
278 2584 352 2609 esse
377 2586 397 2609 a
424 2575 658 2610 missionariis
678 2588 711 2609 ι).

287 2669 384 2714 475.
419 2673 824 2727 Impedimentum
847 2672 1111 2716 affinitatis
1144 2671 1413 2713 constitutum
1438 2673 1499 2712 est
1527 2683 1546 2709 <c
1569 2668 1715 2711 eadem
1740 2679 1805 2710 ra-

168 2742 290 2795 tione,
325 2753 405 2798 qna
438 2745 477 2784 et
509 2744 891 2798 consanguinitatis.
926 2741 1116 2784 Scilicet:
1150 2743 1257 2784 sicut
1291 2742 1395 2783 inest
1428 2741 1651 2782 necessitas
1679 2749 1804 2796 quae·

168 2893 226 2927 Fd
268 2847 298 2928 1¹
324 2847 381 2881 2-3
407 2847 495 2880 Iun.
526 2847 637 2887 191&
668 2847 744 2881 CO.
774 2846 907 2881 x-346.
938 2867 985 2872 —
1009 2846 1024 2868 2
1049 2846 1117 2880 Ius
1143 2846 1422 2880 Decretalium.
1443 2845 1553 2879 Tom.
1573 2844 1640 2878 IV.
1661 2855 1699 2888 p.
1719 2843 1802 2878 630.

1916 2471 1933 2484 :a

1916 2486 1934 2514 ἐ

1917 2531 1935 2554 θ’·

1910 2555 1934 2607 ιλμῑῖ
1930 2518 1937 2531 ⁴
