1971 3261
115 160 209 197 Can.
236 161 306 196 880
643 161 728 196 Tm
757 162 824 196 IV.
853 183 864 187 -
893 164 948 197 De
978 166 1218 200 l‘oenitentta
1681 169 1751 202 229

116 280 226 324 sarii
259 293 410 322 'nivinus
444 281 468 323 i.
503 293 538 323 e.
573 282 847 323 ministerium
887 281 983 324 illud
1021 283 1285 339 interdicere,
1327 287 1424 341 quin
1460 288 1747 329 sacramentali

117 351 402 394 iurisdictione
436 350 635 393 alteruter
670 353 709 392 ri
746 350 867 394 liuius
900 356 1068 395 canonis
1103 356 1305 409 prix-etur,
1339 355 1453 398 salvo
1495 370 1666 398 refutas-u
1699 358 1746 399 ad

115 421 406 465 infirmandam
443 420 555 463 illam
591 420 921 464 interdictionem
960 422 999 464 in
1034 422 1282 478 (ΙθυοΙιιΙίι-ο,
1317 426 1496 469 scilicet:
1534 430 1627 483 quia
1662 440 1746 469 ser-

117 492 251 536 vanda
285 497 345 535 est
380 491 615 534 interdictio
650 505 728 534 non
782 491 968 535 obstante
1003 493 1070 535 illo
1106 508 1273 538 recursu
1308 495 1364 538 ml
1397 496 1539 539 Sedena
1576 499 1747 554 Aposto-

116 562 255 606 licam.

232 633 428 690 Sequitur
451 631 641 675 limitatio
665 634 689 685 ἓ
717 633 728 674 l
761 632 978 689 desumpta
1005 648 1052 676 cx
1075 640 1204 677 coust.
1230 652 1249 675 «
1273 636 1457 692 Superna
1485 654 1504 677 »
1530 637 1656 679 (ilem.
1680 637 1749 688 X¹‚

114 704 184 748 sed
221 703 434 747 moderata
470 716 542 759 per
574 702 883 759 ampliationem
925 704 973 746 ad
1012 704 1225 760 religiosos
1264 720 1563 764 ‹piosa-umque.
1599 722 1645 750 ac
1680 721 1749 763 per

115 777 418 819 restrictionem
453 773 588 831 quoad
625 773 839 830 religiosas
873 774 1030 817 domos.
1058 775 1114 818 En
1153 781 1287 819 textus
1320 782 1487 820 const·.:
1518 779 1746 820 «Attamen

114 847 395 890 confessiones
432 844 627 889 audiendi
663 844 898 888 facultatem
952 845 1143 889 omnibus
1176 847 1295 889 simul
1349 851 1468 891 unius
1523 853 1752 891 contentus

117 916 381 974 regularibus
413 915 721 959 confessoribus
739 916 863 959 adimi
886 915 936 959 ab
960 915 1181 973 Episcopo,
1202 920 1430 961 inconsulta
1462 919 1565 962 sede
1591 919 1748 975 .-tplca..

115 987 351 1032 nullatenus
387 1000 504 1044 posse
530 1002 567 1028 ³).
603 1012 656 1017 —
695 987 916 1044 Sequentis
951 1000 1048 1030 vero
1083 991 1237 1038 tenoris
1265 994 1321 1031 est
1350 991 1377 1044 ς’
1417 990 1454 1031 3.
1488 989 1577 1033 tlon
1614 996 1748 1031 lamen

114 1058 211 1102 licet
243 1057 466 1116 Episcopo,
490 1060 558 1116 qui
583 1057 718 1101 valide
741 1060 974 1114 oppositum
1006 1058 1157 1101 faceret
1182 1071 1202 1101 a
1240 1060 1445 1115 religiosis
1483 1060 1748 1104 sei-iamlam.

114 1135 153 1174 et
186 1143 209 1173 a
243 1131 400 1173 fortiori
436 1142 512 1172 nec
545 1126 770 1173 Ordinario
813 1128 889 1171 loci
924 1131 1187 1186 cuicumque,
1243 1129 1477 1172 inconsulto
1504 1130 1606 1173 Sede
1638 1132 1744 1186 „lpo-

112 1200 263 1244 stoliea
295 1200 454 1244 scilicet
476 1200 514 1244 S.
549 1198 716 1255 congr-0.
751 1199 801 1242 de
836 1198 1053 1255 religiosis,
1088 1199 1125 1241 si
1148 1199 1197 1241 (le
1220 1199 1339 1243 (ionio
1362 1200 1549 1257 formala
1574 1206 1749 1257 assatur,

112 1283 286 1327 nempe:
324 1285 344 1311 <c
370 1273 408 1313 in
443 1282 521 1327 qua
557 1283 627 1313 sex
662 1269 806 1313 saltem
859 1269 1039 1326 religiosi
1082 1272 1251 1327 protessi
1287 1271 1455 1327 degunt,
1490 1284 1683 1327 quorum,
1716 1274 1746 1313 si

111 1344 260 1397 agatur
307 1341 358 1384 de
406 1340 607 1397 religione
656 1339 854 1393 clericali,
902 1344 1080 1397 quatuor
1127 1340 1271 1383 saltem
1325 1343 1403 1383 sint
1456 1341 1744 1384 sacerdotes»

111 1412 221 1467 (can.
257 1412 354 1461 488,
390 1425 428 1455 n.
466 1410 545 1466 5⁰),
569 1424 662 1454 nam
689 1411 739 1453 de
763 1410 854 1454 aliis
878 1410 1071 1454 domibus
1096 1411 1298 1467 religiosis
1322 1414 1443 1455 etiam
1486 1411 1748 1468 regularibus

112 1497 191 1527 non
229 1487 348 1539 urget
380 1495 528 1536 canon,
562 1482 697 1540 quoad
734 1482 931 1526 formatas
968 1495 1066 1525 vero
1100 1482 1259 1534 domos,
1293 1485 1367 1525 etsi
1402 1496 1480 1525 non
1515 1485 1591 1525 sint
1629 1495 1747 1538 regu-

112 1554 260 1598 larium
305 1558 551 1607 conventus,
584 1552 696 1596 nulla
745 1546 966 1609 excipitur,
998 1555 1056 1596 sic
1106 1553 1299 1610 loquente
1333 1566 1511 1597 canone:
1560 1552 1747 1595 omnihus

111 1624 295 1669 alieuius
315 1624 543 1682 reliqiosae
560 1623 707 1667 domus
740 1622 1017 1681 eonsessariis
1043 1637 1125 1666 mm
1149 1623 1290 1679 sz'nml,
1317 1624 1436 1667 aliter
1468 1624 1688 1667 dicendum
1715 1626 1745 1666 si

109 1709 253 1741 eorum
275 1698 419 1739 maiori
440 1708 614 1738 numero
637 1694 699 1738 vel
719 1696 956 1738 successive
976 1694 1169 1738 omnibus
1183 1697 1271 1738 sine
1294 1695 1440 1738 morali
1461 1697 1746 1743 continuitate,

113 1766 448 1810 iurisdictionem
498 1765 699 1819 adimere,
731 1767 926 1823 quamvis
962 1779 1033 1822 per
1067 1767 1264 1809 intlictam
1301 1768 1631 1822 suspensionem,
1677 1778 1747 1821 pro

111 1838 256 1882 eodem
292 1850 472 1895 namque
505 1836 742 1881 habendum
779 1841 837 1880 est
871 1849 919 1880 ac
953 1838 984 1879 si
1022 1837 1305 1880 iurisdictione
1337 1841 1538 1879 carerent.

227 1937 300 1974 Hoc
325 1942 443 1974 tamen
472 1937 617 1973 vetitum
645 1937 710 1972 iuri
739 1937 960 1983 praecedenti
989 1947 1189 1981 congruens
1213 1936 1324 1982 quoad
1353 1936 1600 1976 substantiam,
1628 1935 1746 1970 aedit-

112 1998 227 2034 ferens
252 2001 390 2033 tantum
418 1997 530 2043 quoad
558 1997 692 2040 domos
721 2001 772 2032 est
799 1996 1067 2039 intelligendum
1104 1997 1198 2031 iuxta
1225 2006 1297 2041 seq.
1344 1994 1502 2031 poclm-111.
1542 1995 1576 2029 in
1605 1994 1747 2039 Angelo-

112 2056 268 2103 politana
285 2056 310 2091 ².
332 2056 375 2091 ad
396 2055 429 2090 l:
459 2068 479 2089 ‹
499 2055 686 2102 Episcopos
712 2055 892 2090 indiarum
923 2065 1020 2100 posse
1048 2054 1188 2100 quidem
1218 2054 1385 2089 omnibus
1411 2054 1518 2088 simul
1545 2054 1651 2088 unius
1679 2064 1748 2087 mo-

111 2115 256 2151 nasterii
285 2115 337 2151 vel
377 2115 511 2160 collegii
531 2117 638 2159 (nunc
658 2115 847 2160 temporis:
865 2114 990 2149 domus
1019 2114 1200 2157 formatae)
1221 2113 1446 2148 confessariis
1464 2112 1619 2148 adimere
1641 2112 1746 2147 facul-

110 2178 217 2210 tatem
243 2173 482 2210 confessiones
507 2173 673 2209 audiendi
704 2184 931 2219 personarum
960 2172 1207 2213 saecularium,
1233 2171 1338 2206 etiam
1368 2171 1565 2207 inconsulta
1594 2170 1628 2204 S.
1657 2169 1727 2205 Con

111 2233 359 2279 gregatione...
380 2244 459 2269 eum
488 2233 665 2269 decretum
685 2232 728 2268 ab
747 2243 788 2268 ea
805 2231 935 2268 editum
955 2234 1003 2275 (et
1022 2231 1267 2266 confirmatum
1288 2242 1306 2265 a
1326 2231 1440 2266 Elem.
1464 2229 1552 2275 X)...
1574 2242 1611 2265 ex
1634 2230 1745 2263 inten-

109 2292 216 2329 tionis
240 2293 391 2334 defectu‚
419 2297 452 2328 et
486 2291 736 2328 convenientia
770 2291 905 2334 morali,
937 2302 1007 2326 non
1047 2290 1254 2326 extendatur
1280 2290 1322 2325 ad
1362 2290 1521 2334 regiones
1550 2290 1637 2330 illas,
1676 2293 1743 2323 tam

110 2352 212 2397 longe
235 2351 280 2387 ab
308 2350 398 2387 Urbe
423 2351 576 2387 dissitas.
609 2349 736 2387 Verum
762 2350 806 2386 ab
827 2350 891 2385 bae
909 2349 1060 2395 generali
1090 2349 1331 2395 suspensione.
1363 2359 1451 2394 quae
1474 2348 1526 2382 vix
1554 2348 1627 2383 sine
1646 2358 1744 2382 scan-

109 2411 188 2446 dalo
212 2415 245 2447 et
270 2410 470 2447 animarum
500 2410 654 2457 pernicie
691 2410 894 2454 contingere
929 2413 1051 2455 potest,
1077 2408 1328 2443 abstinendum
1356 2418 1429 2443 esse
1457 2407 1645 2453 Episcopis.
1675 2406 1742 2440 nisi

109 2469 317 2515 gravissima
353 2470 566 2506 subsistente
603 2479 722 2510 causa,
751 2480 855 2515 super
893 2479 961 2514 quo
988 2466 1023 2501 S.
1062 2466 1296 2512 Congregatio
1337 2467 1474 2501 illorum
1513 2465 1744 2501 conscientias

109 2528 260 2574 graviter
286 2528 394 2564 voluit
419 2539 494 2565 esse
519 2533 682 2564 oneratas
702 2542 734 2562 ».

230 2618 326 2662 204-
356 2621 538 2665 Norma
570 2620 891 2664 subiectionis
911 2629 1034 2673 erga
1062 2618 1284 2673 singulos
1305 2616 1605 2662 sacramenti
1630 2626 1738 2669 poe-

109 2690 346 2735 nitentiae
378 2691 645 2735 ministros.
671 2714 724 2719 —
751 2688 790 2731 ln
817 2686 1163 2745 praecedentibus
1186 2701 1238 2730 ss.
1264 2685 1494 2729 canonibus
1518 2689 1653 2727 actum
1680 2688 1736 2725 est

111 2759 162 2802 de
184 2762 451 2803 concessione
485 2764 570 2803 tum
609 2759 744 2803 valida
770 2764 857 2802 tum
884 2758 992 2802 licita
1019 2758 1314 2801 iurisdictionis
1337 2770 1384 2800 ac
1409 2755 1611 2802 licentiae,
1636 2766 1739 2809 (tuae

228 2912 239 2933 ί
258 2913 301 2946 21
321 2912 397 2947 Iul.
430 2913 531 2947 1670.
560 2931 604 2938 —
631 2912 645 2933 ‘2
673 2911 710 2946 S.
733 2913 772 2946 O.
790 2911 869 2946 EE.
887 2916 926 2946 et
945 2911 1044 2951 RR.‚
1066 2911 1111 2943 20
1129 2910 1227 2944 Nov.
1259 2910 1360 2944 1615.
