1971 3261
210 108 280 142 640
612 108 695 143 Lm.
724 107 794 143 [Π.
821 128 835 133 -
863 109 966 143 PARS
991 108 1023 143 I.
1051 127 1067 134 -
1090 108 1148 144 De
1172 109 1439 170 Sacramenfis
1629 110 1723 147 Gan.
1742 111 1836 146 1099

213 238 246 261 n.
280 226 310 265 1,
331 226 512 262 acatholici
535 225 607 262 sive
624 225 790 272 baptizati
817 226 890 262 sive
916 237 987 262 non
1063 226 1194 273 ptizati‚
1222 226 1280 273 qui
1307 226 1351 263 ab
1378 227 1533 263 infantili
1560 232 1671 264 aetate
1696 228 1734 264 in
1760 229 1838 265 hae-

211 274 387 319 baptizati‚
414 273 440 307 si
476 273 567 308 inter
592 284 629 309 se
665 273 885 315 contrahant,
909 273 986 309 nul—
1060 273 1125 309 resi
1156 274 1207 310 vel
1245 274 1434 310 schismate
1458 279 1519 310 aut
1551 275 1758 312 infidelitate
1784 276 1836 313 vel

210 320 269 355 libi
297 325 462 356 tenentur
479 320 521 355 ad
540 320 750 356 catholicam
770 320 985 356 matrimonii
1060 321 1136 357 sine
1161 321 1233 357 ulla
1259 321 1427 366 religione
1444 322 1682 367 adoleverunt,
1702 324 1837 369 quoties

210 368 357 403 formam
384 368 611 409 servandam3
642 368 723 403 item
749 367 794 403 ab
818 368 986 403 acatholi-
1059 379 1137 404 cum
1167 373 1262 415 parte
1288 369 1480 405 acatholica
1505 369 1755 406 contraxerint.

209 414 258 450 cis
285 417 369 456 nati,
395 415 459 450 etsi
488 415 524 449 in
552 414 703 450 Ecclesia
728 415 899 451 catholica
924 415 984 451 ba·

529 544 580 579 Ad
608 544 755 580 sormam
782 543 1027 580 celebrationis
1054 544 1272 580 matrimonii
1300 545 1527 581 servandam:

626 608 794 639 tenentur
818 603 978 638 catholici
1007 603 1098 639 inter
1124 614 1160 639 se
1187 608 1205 646 ξ
1233 603 1270 638 10
1298 614 1335 638 n.
1367 603 1417 638 10.

837 1382 928 1413 non
964 1372 1171 1417 tenentur

300 1538 391 1574 inter
416 1549 452 1574 se
477 1542 642 1574 tenentur
667 1538 850 1574 acatholici
1136 1539 1228 1575 inter
1253 1549 1289 1574 se
1319 1553 1334 1571 «
1354 1539 1536 1575 acatholici
1564 1549 1703 1585 semper
1721 1550 1740 1572 ›>

299 1597 342 1634 ob
368 1597 596 1633 defectionem
624 1601 643 1640 ξ
672 1597 702 1639 1,
729 1609 765 1632 n.
797 1598 848 1633 10.
1263 1609 1334 1634 non
1361 1602 1526 1634 tenentur
1551 1602 1570 1640 ἓ
1597 1597 1629 1633 2.

321 1718 408 1756 Cum
437 1721 548 1756 lineae
572 1725 678 1766 atque
703 1720 848 1756 vertices
874 1720 1040 1766 trianguli
1069 1720 1258 1766 designent
1284 1725 1501 1756 contractum
1537 1720 1835 1756 matrimonialem

203 1780 293 1817 inter
319 1780 429 1816 virum
448 1783 481 1815 et
500 1779 693 1822 mulierem,
716 1779 991 1815 considerandae
1008 1783 1091 1815 sunt
1110 1779 1188 1815 illae
1206 1779 1243 1814 in
1262 1791 1334 1815 una
1351 1779 1554 1822 directione,
1575 1785 1608 1816 et
1627 1780 1690 1816 hoc
1708 1779 1836 1815 sufficit

323 1873 471 1919 Regulae
496 1878 579 1909 sunt
604 1874 717 1920 quoad
745 1874 850 1909 ritum
879 1873 1053 1909 latinum:

374 1932 411 1967 la
436 1932 605 1969 Catholici
633 1932 724 1968 inter
749 1944 785 1968 se
811 1933 1059 1968 contrahentes
1085 1937 1250 1968 tenentur
1276 1932 1319 1968 ob
1345 1937 1365 1975 ξ
1394 1933 1426 1977 i,
1456 1933 1507 1968 1⁰.

368 1992 409 2026 '2³
436 1990 604 2028 Catholici
631 2003 709 2028 cum
737 1991 940 2027 acatholicis
966 1992 1009 2027 ob
1034 1991 1265 2027 defectionem
1293 1996 1459 2027 tenentur
1484 1992 1526 2027 oh
1553 1996 1572 2035 ἓ
1602 1992 1629 2033 1,
1657 2003 1692 2028 n.
1722 1992 1775 2027 1⁰.

368 2050 409 2084 32
436 2049 604 2086 Catholici
632 2061 712 2086 cum
739 2061 878 2096 semper
905 2050 1109 2086 acatholicis
1135 2055 1300 2086 tenentur
1325 2050 1368 2086 ob
1395 2055 1414 2093 ξ
1443 2050 1474 2092 1,
1503 2062 1540 2085 n.
1570 2050 1622 2085 20.

369 2108 409 2145 4³
436 2110 627 2146 Acatholici
653 2110 696 2145 ob
723 2109 955 2145 defectionem
984 2109 1075 2145 inter
1100 2120 1136 2145 se
1162 2114 1327 2145 tenentur
1354 2109 1399 2145 ob
1425 2110 1444 2156 ξ
1474 2109 1485 2144 1
1518 2121 1553 2144 n.
1584 2109 1631 2145 1⁰.

370 2168 407 2204 50
434 2169 623 2205 Acatholici
662 2169 706 2205 ob
732 2168 962 2204 defectionem
991 2179 1070 2204 cum
1097 2180 1234 2215 semper
1271 2168 1473 2204 acatholicis
1498 2179 1570 2203 non
1603 2172 1769 2204 tenentur
1793 2168 1836 2204 ob

202 2233 221 2272 ξ
247 2229 281 2271 ⁶2,
310 2229 409 2264 cuius
437 2229 688 2275 praescriptum
717 2227 891 2274 praevalet
917 2232 936 2270 ἓ
966 2227 978 2263 1
1002 2239 1037 2262 n.
1067 2227 1105 2262 20
1132 2239 1171 2264 eo
1197 2228 1288 2274 quod
1315 2220 1419 2263 huius
1444 2229 1558 2263 num.i
1583 2227 1834 2274 praescriptum

211 2299 278 2323 non
306 2288 442 2323 dicatur
470 2288 624 2322 firmum.

368 2345 410 2381 6ἐι
436 2346 626 2382 Acatholici
654 2357 793 2392 semper
819 2346 911 2382 inter
936 2357 972 2382 se
998 2357 1070 2382 non
1098 2350 1264 2382 tenentur
1289 2346 1332 2381 ob
1359 2349 1378 2388 ξ
1404 2345 1436 2380 2.

320 2441 468 2486 Regulae
506 2446 589 2476 sunt
616 2441 730 2487 quoad
769 2441 976 2477 orientalem
1003 2451 1186 2487 personam
1221 2451 1301 2476 cum
1335 2440 1445 2476 altera
1478 2440 1565 2475 ritus
1599 2439 1723 2475 latini:
1753 2438 1826 2484 (fig.

201 2506 350 2548 praec).

369 2560 402 2594 1³
431 2558 611 2596 Catholica
640 2561 728 2596 ritus
756 2560 854 2596 latini
882 2571 961 2595 cum
989 2559 1159 2595 catholica
1184 2559 1344 2595 orientali
1371 2563 1509 2595 tenetur
1533 2559 1576 2595 ob
1603 2562 1622 2601 ἓ
1652 2558 1682 2600 1,
1710 2569 1746 2593 n.
1776 2556 1830 2601 3⁰,

204 2631 245 2655 ac
274 2619 323 2654 10.

364 2678 405 2711 2³
432 2677 631 2713 Acatholica
665 2677 707 2713 ob
726 2665 957 2714 defectionem
977 2677 1076 2713 latini
1104 2677 1191 2712 ritus
1215 2687 1295 2712 cum
1314 2676 1508 2712 acatholica
1533 2676 1575 2711 ob
1602 2676 1832 2711 defectionem

200 2736 360 2772 orientali
389 2740 556 2772 tenentur
582 2737 627 2772 ob
654 2741 672 2779 ξ
706 2737 733 2778 1,
762 2748 798 2771 n.
829 2735 867 2771 30
894 2747 932 2772 ac
962 2736 1011 2771 10.

367 2794 404 2830 3⁰
433 2795 635 2831 Acatholica
661 2807 798 2842 semper
825 2795 925 2831 latini
952 2795 1041 2831 ritus
1079 2806 1158 2830 cum
1192 2794 1384 2831 acatholica
1410 2804 1547 2840 semper
1573 2793 1732 2829 orientali
1762 2803 1831 2828 non

201 2859 341 2891 tenetur
366 2854 408 2890 ob
435 2856 454 2900 ξ
485 2855 514 2894 1,
545 2853 582 2889 30
611 2859 643 2890 et
670 2858 689 2896 ξ
716 2854 748 2891 2.
