1971 3261
0 1227 1 1238 ⁴
0 1063 9 1192 <2⁴32ssss
0 996 5 1036 „⁴⁴

522 129 607 163 ΤΙΤ.
636 128 708 163 III.
738 147 749 154 -
778 128 834 163 De
859 132 1109 164 sanctissima
1140 132 1393 165 lem-karistia
1712 134 1777 165 185

138 252 270 294 gravat,
299 246 334 280 in
362 257 419 282 eos
445 256 582 291 quoque
608 256 647 280 ac
669 245 851 291 praecipue
872 257 917 280 re·

137 295 231 331 cidit.
263 293 319 339 qui
362 293 517 338 ipsorum
557 303 676 327 curam
710 292 835 327 habere
861 293 916 327 ‹le-

139 342 235 382 beut‚
264 341 352 375 idest
380 340 414 374 in
444 345 615 385 parentes,
656 344 799 377 tutores.
837 351 919 374 con-

141 387 335 427 tessarium,
363 387 580 421 institutores
607 391 639 422 et
668 388 869 432 parochum.

188 435 272 471 em.
297 433 378 469 861.
412 454 427 460 -
459 433 642 479 Praecepto
661 434 920 469 communionis

141 482 360 529 recipiendae
388 491 457 515 non
485 481 611 516 satistit
642 492 697 525 per
715 481 918 525 sacrilegam

141 539 438 567 communionem.

189 576 272 614 Cis.
301 575 381 611 862.
404 596 415 600 —
436 575 579 621 Expedit
599 580 633 610 ut
657 576 739 610 teria
769 575 793 609 V
816 575 920 610 maio-

141 625 187 661 ris
215 623 452 660 hebdomadae
490 633 611 657 omnes
649 623 776 658 clerici.
815 623 920 657 etiam

140 671 333 708 sacerdotes
373 670 430 716 qui
458 681 498 705 ea
524 670 579 705 die
605 680 625 704 a
651 668 755 705 Sacro
791 670 922 705 litando

140 720 330 761 abstinent,
368 717 590 753 sanctissimo
617 716 743 752 Christi
773 716 922 763 Corpore

142 768 178 803 in
207 766 312 802 Missa
338 765 498 801 sollemni
534 776 594 800 seu
625 765 846 800 conventuali
877 776 923 799 re-

143 814 315 850 ficiantur.

191 861 278 897 (lm.
295 859 375 896 863.
403 880 424 887 —
451 859 655 895 Excitentur
675 859 792 894 fideles
812 864 849 894 ut
865 860 925 895 fre

142 915 304 956 quenter,
332 908 438 944 etiam
475 906 643 953 quotidie,
675 917 763 952 pane
793 906 923 942 Eucha—

142 957 260 993 ristico
287 955 489 991 reficiantur
514 955 557 989 ad
592 965 733 989 normas
753 954 788 988 in
808 954 923 990 decre-

142 1005 186 1040 tis
226 1003 441 1051 Apostolicae
480 1001 580 1038 Sedis
619 1002 784 1041 traditas;
819 1007 924 1048 utque

144 1052 272 1088 Missae
296 1051 476 1086 adstantes
512 1060 582 1085 non
610 1049 723 1084 solum
751 1049 922 1094 spirituali

143 1100 283 1139 affectu,
324 1099 382 1134 sed
421 1097 666 1133 sacramentali
707 1096 811 1132 etiam
845 1108 925 1132 san-

144 1147 321 1183 ctissimae
348 1145 585 1181 Eucharistiae
605 1144 837 1191 perceptione,
863 1144 926 1179 rite

145 1194 317 1240 dispositi,
345 1193 618 1228 communicent.

193 1242 277 1279 CAN.
303 1240 384 1277 864.
417 1260 432 1267 -
462 1243 481 1287 ς’
512 1241 540 1275 l.
563 1239 599 1274 lu
618 1239 769 1285 periculo
791 1239 924 1274 mortis.

145 1289 268 1336 quavis
293 1301 333 1325 ex
360 1298 465 1323 causa
504 1288 680 1334 procedat,
724 1286 842 1322 fideles
878 1297 926 1321 sa-

1040 251 1058 288 ξ
1086 247 1117 280 ·.).
1151 246 1290 282 Etiamsi
1319 247 1436 282 eadem
1479 248 1532 282 die
1561 258 1657 282 sacra
1687 259 1775 282 com-

996 295 1161 329 munione
1202 294 1327 328 suerint
1367 295 1492 334 refecti,
1524 295 1621 329 xalde
1658 301 1774 330 tamen

994 342 1228 381 suadendum,
1259 346 1293 375 ut
1323 341 1354 375 in
1387 342 1474 377 vitae
1504 342 1690 377 discrimen
1720 343 1775 378 ad-

993 388 1083 421 ducti
1113 389 1227 423 denuo
1257 389 1532 423 communicent.

1044 438 1057 477 ζ,
1102 435 1132 468 3,
1182 435 1392 470 l'erdurante
1442 437 1563 471 mortis
1608 437 1773 482 periculo,

995 487 1153 517 sanctum
1186 482 1370 518 Viaticum.
1401 486 1593 517 secundum
1626 485 1778 529 prudens

994 530 1196 564 confessarii
1239 530 1437 568 consilium,
1479 531 1619 576 pluries,
1653 532 1774 565 distin-

995 576 1058 610 ctis
1097 577 1229 616 diebus,
1270 578 1506 612 administrari
1549 583 1578 613 et
1625 579 1701 613 licet
1744 584 1775 613 et

995 623 1102 657 deret.

1044 671 1127 705 (jas.
1158 669 1236 704 8⁴53.
1268 692 1282 696 -
1313 672 1479 706 Sanctum
1523 671 1693 707 Viatirum
1725 673 1776 707 in-

999 718 1107 752 lirmis
1135 729 1176 752 ne
1206 718 1354 753 nimium
1384 720 1584 754 dill‘eratur:
1613 725 1642 754 et
1664 720 1720 765 qui
1741 732 1774 755 a·

998 765 1172 800 nimarum
1214 777 1331 800 ruram
1371 771 1509 811 gerunt,
1540 767 1657 801 sedulo
1684 767 1776 801 advi-

996 813 1103 857 gilent
1123 817 1157 847 ut
1176 824 1214 847 co
1235 813 1363 847 infirmi
1396 814 1494 859 plene
1521 814 1572 848 sni
1602 819 1779 860 compotes

998 860 1212 894 reficiantur.

1045 907 1129 942 Cn.
1160 906 1239 940 8615.
1273 928 1288 932 -
1319 912 1337 949 ξ
1369 907 1396 941 1.
1420 908 1596 942 (minibus
1618 908 1778 943 fidelibus

998 955 1151 989 cuiusvis
1190 955 1277 988 ritus
1315 956 1416 989 datur
1458 956 1601 989 facultas
1630 960 1677 994 ut,
1707 957 1779 1001 pie-

999 1002 1079 1036 tatis
1116 1013 1231 1042 causa,
1274 1007 1530 1036 sacramentum
1574 1002 1777 1037 Eucharisti-

999 1061 1076 1084 cum
1099 1049 1249 1096 quolibet
1272 1049 1337 1083 ritu
1359 1049 1552 1083 confectum
1574 1050 1777 1095 suscipiant.

1047 1101 1065 1138 ἓ
1092 1098 1124 1131 2.
1152 1096 1375 1131 Suadendum
1406 1101 1520 1131 tamen
1550 1102 1582 1131 ut
1604 1108 1664 1131 suo
1681 1098 1776 1142 quis-

999 1155 1065 1190 que
1084 1144 1151 1178 ritu
1181 1143 1297 1178 fideles
1318 1150 1497 1189 praecepto
1516 1145 1779 1179 communitatis

1003 1191 1174 1237 paschalis
1200 1191 1427 1225 satisfaciant.

1048 1239 1126 1281 §3.
1168 1238 1334 1273 Sanctum
1383 1237 1551 1272 Yiaticum
1597 1238 1776 1273 moribun-

1000 1286 1053 1320 dis
1079 1286 1147 1321 ritu
1177 1286 1312 1331 proprio
1338 1285 1578 1330 accipiendum
1607 1291 1680 1327 θεῖς
1709 1286 1780 1326 scd,

146 1348 225 1373 crae
250 1335 510 1372 communionis
547 1334 767 1381 recipiendae
795 1344 927 1380 praece-

150 1390 206 1431 pto
231 1389 406 1420 tenentur.

1001 1338 1145 1378 urgente
1174 1333 1388 1368 necessitate.
1431 1333 1480 1367 fas
1518 1337 1589 1368 esto
1625 1333 1781 1377 quolibet

999 1381 1067 1416 ritu
1095 1381 1179 1415 illud
1208 1381 1376 1426 accipere.

269 1528 365 1572 ΠΟ.
399 1528 664 1583 Inscriptio
696 1527 890 1572 articuli
915 1527 1122 1581 eiusque
1145 1525 1452 1570 coordinatio
1477 1537 1733 1568 canonum.
1754 1549 1779 1553 —

149 1601 345 1656 Sequitur
365 1599 453 1641 Art.
474 1596 528 1640 ΙΙ.
549 1622 601 1627 -
626 1595 683 1639 De
699 1595 881 1639 subiecto
915 1608 1064 1637 sacrae
1086 1593 1387 1637 conmunionis
1406 1593 1598 1636 tinet-sae
1626 1596 1781 1637 ratione

153 1672 253 1714 ritus
276 1675 315 1713 et
338 1668 720 1721 administrationis,
747 1667 900 1724 illoque
934 1666 1194 1710 considerato
1219 1669 1303 1707 tum
1342 1666 1378 1707 in
1418 1678 1473 1711 se.
1500 1669 1583 1707 tum
1621 1666 1658 1706 in
1693 1667 1782 1707 eius

150 1740 504 1798 dispositionibus,
538 1752 586 1783 ac
619 1742 742 1783 etiam
777 1738 912 1796 quoad
950 1740 1012 1781 ius
1044 1742 1081 1780 et
1115 1736 1387 1792 obligationes
1422 1735 1529 1778 illius
1552 1737 1784 1792 suscipien-

151 1813 242 1857 dae.
276 1811 501 1856 Videlicet:
537 1824 626 1855 can.
663 1811 855 1854 853-855
882 1811 1108 1865 respiciunt
1143 1810 1181 1850 in
1215 1809 1350 1863 seipso
1383 1806 1636 1857 subiectum,
1670 1811 1707 1849 et
1743 1809 1780 1849 in

151 1886 240 1928 eius
274 1885 463 1940 pueritia,
498 1887 537 1926 et
569 1881 769 1926 habituali
804 1881 1069 1937 indignitate3
1116 1891 1204 1922 can.
1242 1878 1427 1921 856-858
1461 1877 1511 1920 de
1549 1877 1781 1932 dispositio-

153 1954 274 1999 nibus
306 1956 468 1998 animae
501 1966 549 1997 ac
582 1955 769 2010 corporis
803 1956 1006 2002 tractant;
1051 1962 1140 1993 can.
1187 1948 1367 1992 859-861
1409 1953 1674 2004 praeceptum
1710 1960 1779 1990 ex-

155 2031 310 2083 ponunt
342 2024 687 2079 ecclesiasticum,
721 2024 818 2067 dum
853 2022 1152 2078 subsequentes
1186 2020 1282 2073 862,
1320 2020 1401 2061 8153
1441 2018 1610 2061 edicunt
1648 2020 1785 2074 potius

153 2097 394 2150 consilium3
429 2100 610 2139 attamen
645 2095 696 2139 de
728 2099 870 2138 sancto
908 2092 1062 2136 Viatico
1095 2090 1358 2147 suscipiendo
1393 2094 1559 2146 propter
1592 2089 1780 2131 divinum

155 2173 419 2226 praeceptum
454 2172 549 2211 sunt
581 2179 671 2211 can.
708 2165 914 2221 864-865,
949 2163 1099 2221 quibus
1132 2162 1373 2218 adiungitur
1408 2164 1639 2216 postremus
1672 2161 1782 2202 cirea

156 2242 257 2283 ritus
288 2239 574 2283 diversitatem
609 2251 659 2281 ex
694 2241 884 2293 respectu
919 2234 1057 2278 habito
1091 2233 1140 2277 ad
1175 2244 1318 2276 sacrae
1351 2232 1655 2275 communionis
1687 2228 1782 2272 sub-

156 2313 322 2355 lectum.

276 2381 371 2425 171-
409 2383 749 2428 Admittendus
772 2382 838 2426 ad
871 2392 1066 2425 sacram
1090 2377 1500 2423 communionem.
1534 2400 1559 2404 -
1591 2371 1691 2417 Cum
1718 2372 1784 2415 hic
1836 2389 1845 2397 ¹

157 2452 409 2510 loquendum
432 2454 484 2496 sit
511 2467 533 2494 «
555 2452 606 2496 de
629 2451 816 2495 subiecto
842 2466 863 2491 ›>
892 2450 1058 2506 proprie
1087 2448 1210 2503 dicto,
1238 2445 1473 2489 huiusmodi
1500 2457 1577 2487 non
1602 2448 1695 2486 sunt
1720 2456 1787 2486 res

159 2522 393 2567 materiales
426 2525 465 2565 in
499 2522 650 2580 quibus
683 2522 905 2579 deponitur
943 2519 1003 2563 vel
1038 2520 1274 2562 continetur
1307 2517 1612 2559 divinissimum
1652 2525 1787 2556 sacra-

158 2599 358 2649 mentum,
393 2608 432 2636 v.
466 2608 528 2651 gr.
562 2593 792 2650 corporale,
843 2594 972 2649 pyxis,
1022 2591 1312 2641 ostensorium,
1361 2593 1437 2630 etc.
1472 2586 1675 2641 Quamvis
1708 2584 1785 2627 hoc

157 2669 465 2709 sacramentum
513 2664 791 2709 eucharistiae
840 2661 1110 2706 materialiter
1142 2672 1163 2703 a
1197 2671 1478 2717 quocumque,
1516 2655 1682 2700 animali
1720 2653 1784 2697 vel

158 2735 339 2788 homine,
374 2736 617 2780 manducari
653 2737 792 2792 possit,
829 2747 906 2776 non
943 2738 1078 2776 tamen
1103 2732 1360 2777 sacramenti
1399 2743 1461 2771 res
1481 2732 1671 2772 contenta
1699 2740 1788 2782 pro—

161 2810 251 2863 pter
282 2807 454 2850 rationis
488 2807 526 2849 in
561 2804 643 2857 illo,
678 2804 774 2848 fidei
818 2804 1023 2847 defectum
1061 2803 1098 2843 in
1135 2802 1234 2853 ist03
1270 2801 1366 2853 imo,
1400 2799 1474 2840 nisi
1509 2797 1630 2840 homo
1665 2796 1785 2838 suerit

161 2881 281 2920 antea
315 2875 542 2933 baptizatus
574 2880 614 2918 et
646 2875 814 2932 quidem
853 2876 997 2925 viator,
1033 2884 1109 2914 nec
1141 2869 1369 2913 formaliter
1402 2873 1445 2912 ut
1478 2870 1785 2911 sacramentum
