1971 3261
216 132 284 166 546
615 128 701 161 Llss.
729 127 801 160 III.
830 146 842 152 ·
870 126 980 161 PARS
1005 126 1036 160 Ι.
1065 146 1079 152 -
1104 126 1161 160 De
1186 122 1451 160 Sciet-amentis
1523 124 1617 160 Gan.
1647 125 1715 159 104
1738 124 1849 159 -1050

333 248 371 291 S.
404 247 554 303 Congr.
591 246 691 303 lnq·.
726 248 764 288 in
804 244 1043 289 Coimbat.1
1088 243 1299 288 decrevit:
1337 259 1359 284 α
1386 242 1706 287 l'roliibitionem
1751 255 1846 286 con-

217 319 392 364 cedendi
426 317 582 374 absque
615 315 783 372 speciali
809 316 1002 359 facultate
1035 315 1375 371 dispensationes,
1400 314 1566 371 quando
1600 316 1638 356 in
1672 325 1752 357 una
1780 325 1847 356 ea-

217 390 395 446 demque
429 399 602 444 persona
640 386 755 442 plura
791 390 1042 429 concurrant
1075 384 1369 441 impedimenta
1404 383 1740 439 matrimonialia,
1769 396 1849 426 non

216 459 381 503 extendi
417 458 466 501 ad
503 471 572 500 ens
605 470 739 510 casus,
775 458 812 499 in
848 455 999 513 quibus
1030 468 1125 499 eum
1160 455 1457 511 impedimento
1493 458 1638 497 natura
1672 466 1743 497 sua
1780 467 1850 510 pu-

218 530 325 574 blico
353 529 465 572 aliud
491 529 673 571 occurrit
699 527 1042 583 impedimentum
1069 525 1276 569 occultum
1301 538 1372 568 seu
1398 526 1471 568 tori
1498 526 1644 567 interni
1668 540 1709 569 n.
1734 524 1848 578 lllam

218 599 536 657 prohibitionem
575 598 762 654 pluribus
794 597 973 640 decretis
1008 597 1211 639 lirmatam
1247 598 1415 638 omnino
1447 596 1582 638 aufert
1615 595 1642 652 ξ
1677 595 1712 638 2.
1752 593 1851 647 Qui,

219 676 418 727 utsupra
462 671 695 725 expositum
742 673 815 718 est,
851 666 969 710 habet
1009 668 1184 710 Sanctae
1227 666 1344 710 Sedis
1387 665 1595 709 indultmn
1636 665 1851 722 yenerale,

219 742 346 785 idest:
379 743 604 797 gratiosam
641 738 876 782 facultatem
916 738 977 780 vel
1013 738 1062 781 ad
1097 742 1257 781 certum
1302 749 1523 780 numerum
1569 749 1740 779 casuum
1785 735 1848 779 vel

219 811 470 856 habitualem
506 811 556 853 ad
594 815 756 866 tempus
789 823 862 865 pro
896 808 1060 852 casibus
1094 809 1256 861 futuris,
1280 805 1558 864 dispensandi
1583 808 1766 849 fortassis
1797 820 1846 849 ex

219 883 398 926 (liversis
434 881 543 924 illius
577 879 763 924 articulis
796 893 923 937 snper
950 878 1146 937 pluribus
1178 877 1370 921 diversae
1402 877 1555 935 speciei
1587 877 1853 932 disgnoseen·

219 953 296 997 (lac
330 952 381 996 ob
414 951 605 995 diversos
638 962 817 994 canones
850 954 1019 1006 agentes
1051 949 1101 992 de
1136 948 1215 991 illis
1247 947 1558 1005 impedimentis
1597 949 1849 990 matrimonii

219 1023 259 1080 a)
283 1023 369 1066 sice
401 1020 697 1065 dirimentibus
729 1020 806 1064 sub
839 1023 974 1076 capite
1006 1033 1094 1077 seq.
1123 1018 1188 1073 lV,
1229 1018 1271 1076 b)
1304 1019 1390 1061 sire
1422 1017 1742 1075 impedientibus
1773 1016 1852 1060 sub

219 1096 354 1149 capite
386 1092 456 1147 lll,
472 1097 608 1150 potest
645 1094 682 1133 vi
718 1090 840 1134 buius
864 1093 1034 1134 canonis
1057 1089 1177 1134 simul
1202 1102 1251 1133 ac
1274 1088 1421 1133 indulti
1446 1088 1694 1146 dispensare
1725 1101 1855 1146 snper

222 1164 368 1208 iisdem
404 1162 716 1221 impedimentis
738 1162 989 1218 supradictis
1012 1174 1059 1205 ac
1085 1161 1242 1204 indulto
1265 1159 1592 1217 comprehensis,
1616 1159 1744 1202 etiam
1773 1172 1852 1216 pu·

220 1235 339 1278 blicis
372 1234 420 1278 ad
458 1246 644 1276 normam
680 1245 769 1277 can.
799 1233 909 1275 1037
935 1231 1127 1276 omnibus
1160 1231 1461 1287 dispensandis,
1497 1242 1589 1273 nam
1625 1229 1854 1273 cumulatio

220 1306 540 1362 dispensationis
586 1304 979 1360 impedimentorum
1020 1302 1170 1346 occulti
1204 1314 1252 1345 ac
1286 1300 1439 1358 publici
1477 1303 1555 1344 iam
1595 1299 1775 1356 vigebat,
1809 1304 1850 1342 ut

221 1381 381 1420 constat
414 1389 462 1419 ex
497 1377 564 1419 cit.
599 1375 637 1420 S.
672 1373 715 1418 C.
750 1374 835 1431 lnq.
871 1373 1004 1427 Dec⁰.,
1037 1373 1106 1417 sed
1143 1377 1225 1416 tota
1272 1375 1332 1415 vis
1375 1373 1653 1415 concessionis
1690 1375 1772 1415 est:
1807 1370 1851 1413 in

224 1461 303 1491 nno
337 1446 559 1504 eodemque
591 1460 690 1488 casii
724 1445 1050 1495 occurrentibus,
1073 1459 1144 1489 seu
1168 1445 1291 1488 datur
1323 1443 1575 1500 amplissima
1611 1441 1850 1485 facultatum

221 1517 446 1562 cumulatio
492 1517 788 1573 impedimenta
838 1516 1120 1573 dispensandi,
1163 1528 1239 1558 nec
1281 1515 1397 1558 addit
1443 1526 1574 1558 canon
1622 1512 1850 1557 clausulam

222 1601 358 1645 praec.
391 1588 447 1646 §ss
483 1588 591 1631 unde
635 1588 771 1630 innuit
814 1601 902 1630 esse
940 1587 1036 1630 huic
1075 1588 1221 1630 canoni
1256 1585 1575 1629 conformandas
1607 1583 1850 1639 facultatum

221 1659 494 1703 liabitualium
531 1658 740 1702 formulas.
778 1658 862 1701 lino
896 1658 1056 1701 dicens:
1087 1659 1254 1700 «etiam
1293 1655 1513 1712 publicis»
1541 1657 1687 1698 asserit
1721 1653 1853 1710 impli-

220 1732 300 1774 cite
336 1730 513 1786 idipsum
553 1731 693 1785 vigere
727 1729 862 1786 quoad
898 1728 1059 1772 occulta
1093 1727 1388 1784 impedimenta
1416 1728 1474 1769 sic
1497 1727 1787 1769 concurrentia
1813 1726 1850 1767 in

220 1813 333 1855 casu,
367 1805 406 1843 et
439 1799 600 1843 occulta
634 1799 756 1842 simul
791 1812 885 1842 eum
922 1798 1098 1855 publicis
1132 1802 1175 1841 ut
1207 1800 1245 1840 in
1282 1799 1370 1841 iure
1406 1809 1558 1854 praee,
1592 1808 1639 1839 a(-
1680 1795 1853 1852 proinde

222 1870 393 1915 facultas
428 1873 678 1927 proveniens
711 1884 760 1913 ex
796 1871 975 1912 (liversis
1006 1874 1091 1912 tum
1127 1867 1529 1925 Congregationibus
1561 1879 1608 1910 ac
1642 1865 1680 1909 S.
1715 1866 1855 1909 Poeni—

221 1943 413 1985 tentiaria
447 1946 532 1984 tum
568 1954 709 1984 earum
747 1940 920 1997 pagellis
953 1942 1011 1984 sic
1045 1942 1123 1983 erit
1156 1938 1479 1996 interpretanda.

341 2012 438 2057 444.
474 2014 743 2058 Facultatis
775 2026 908 2057 usus.
930 2037 987 2041 —
1009 2010 1115 2054 Dum
1151 2012 1188 2053 in
1225 2010 1376 2066 praec‘.
1411 2022 1500 2053 can.
1536 2009 1705 2065 largiter
1736 2009 1853 2051 attri-

224 2083 319 2127 buta
353 2087 412 2126 est
431 2082 760 2138 dispensationes
793 2081 1032 2125 cumulandi
1057 2085 1237 2138 potestas
1260 2083 1298 2123 in
1324 2080 1469 2123 eodem
1494 2077 1732 2128 Ordinario,
1757 2091 1855 2121 non-

221 2156 296 2196 nisi
331 2167 426 2197 cum
461 2155 720 2196 restrictione
756 2155 1020 2209 permittitur,
1053 2151 1220 2209 quando
1246 2153 1283 2194 in
1307 2148 1532 2195 Ordinario
1556 2155 1641 2193 tum
1661 2149 1852 2193 derivata

222 2229 306 2266 tuni
328 2223 455 2267 altera
475 2223 592 2266 Sedis
610 2222 778 2279 Aplcae.
796 2225 961 2279 propria
981 2225 1018 2265 in
1040 2236 1114 2265 usu
1133 2221 1380 2265 simultaneo
1399 2221 1729 2264 considerantur.
1747 2208 1852 2263 Can.

223 2296 355 2337 1050.
400 2293 446 2336 Si
489 2292 655 2350 qnando
693 2293 734 2350 a)
769 2307 863 2335 cnm
895 2292 1205 2350 impedimento,
1243 2293 1446 2335 «etiamsi
1492 2291 1706 2347 multiplex
1751 2292 1848 2333 sit»

221 2363 265 2420 (g
304 2365 316 2406 1
359 2364 532 2420 praee),
566 2377 638 2406 seii
677 2379 697 2404 c(
721 2364 914 2407 diversae
946 2364 1098 2419 speGIei
1122 2378 1143 2404 ))
1172 2362 1246 2419 (ib.
1269 2364 1294 2415 g
1318 2362 1361 2418 ⁶2)
1386 2361 1693 2419 impedimentis
1717 2360 1759 2418 b)
1779 2373 1855 2418 pic·

221 2434 340 2477 blicis
363 2435 412 2478 ad
439 2447 626 2478 normam
662 2448 751 2478 can.
781 2434 906 2488 1037,
931 2447 1030 2490 ergo
1054 2446 1133 2476 non
1170 2435 1283 2489 viget
1316 2432 1383 2476 liic
1415 2445 1546 2476 canon
1582 2431 1632 2475 de
1665 2430 1854 2484 occultis,

222 2505 261 2562 c)
295 2519 422 2563 snper
455 2505 602 2563 quibus
636 2519 687 2547 eoe
721 2504 885 2547 indulto
918 2503 1169 2562 dispensare
1201 2503 1295 2560 quis
1328 2502 1563 2546 declaratus
1598 2504 1712 2545 initio
1745 2507 1849 2545 can⁸.

225 2582 376 2632 praec⁸.
407 2581 559 2633 potest,
582 2574 626 2632 d)
661 2581 884 2618 concurrat
916 2590 934 2615 «
960 2577 997 2617 in
1034 2587 1114 2617 uno
1148 2573 1380 2631 eodemque
1412 2585 1508 2616 casu
1534 2588 1573 2627 ›>,
1598 2577 1641 2615 ut
1674 2574 1712 2615 in
1747 2577 1854 2615 can⁸.

224 2652 374 2702 [ιι-3605.
409 2648 433 2699 ξ
468 2647 503 2697 2,
538 2645 660 2689 alind
694 2645 1034 2704 impedimentum
1077 2647 1200 2688 etiam
1244 2644 1452 2688 occultum
1498 2648 1622 2700 atque
1666 2645 1848 2689 unicum,

223 2729 315 2760 nam
352 2716 503 2760 locutio
538 2717 744 2772 generalis
775 2720 848 2770 est,
873 2715 1100 2758 dummodo
1133 2717 1184 2758 sit
1217 2714 1309 2761 tale.
1334 2727 1460 2771 snper
1492 2727 1570 2771 qno
1604 2712 1854 2771 dispensare

342 2872 352 2892 ¹
380 2870 423 2903 31
451 2870 582 2904 Martii
612 2871 714 2905 1812.
