1971 3261
173 135 239 168 166
576 134 661 168 Liss.
688 133 757 168 ΠΙ.
784 153 796 158 -
824 133 933 167 PARS
959 133 988 167 ἶ.
1016 153 1028 158 -
1056 133 1113 168 De
1139 134 1404 169 Sacramentz's
1524 134 1616 170 Can.
1644 134 1800 170 837-838

294 266 309 285 α
338 251 388 287 ΙΙΙ.
417 253 470 287 An
498 252 532 286 iu
562 262 643 286 casu
669 256 734 286 art.
765 250 797 285 Ἥ
825 261 884 296 pro
910 251 1148 286 sacerdotibus
1173 251 1230 297 qui
1258 251 1302 287 ab
1330 250 1518 288 Ordinario
1549 253 1724 299 stipendia
1749 264 1801 289 ac-

170 311 318 358 cipiunt,
347 311 487 346 termini
516 315 657 345 currant
678 321 754 344 non
781 320 801 344 a
827 309 882 345 die
918 320 986 356 quo
1014 310 1168 356 primarii
1196 311 1377 346 offerentes
1403 312 1578 358 stipendia
1616 312 1798 355 dederunt,

171 370 229 405 sed
257 380 297 405 ex
324 369 547 405 concessione
575 369 713 414 Aplcae.
741 367 839 403 Sedis
865 379 886 403 a
913 369 968 404 die
993 380 1060 414 quo
1088 367 1297 405 Ordinarius
1324 370 1408 416 ipsis
1435 371 1612 416 stipendia
1647 371 1800 407 tribuit?

287 427 344 463 lV.
363 428 416 463 An
444 429 509 463 ista
534 427 707 473 stipendia
734 426 795 462 etsi
827 427 992 472 primario
1017 439 1038 462 a
1066 428 1222 474 pluribus
1248 428 1473 464 offerentibus
1499 429 1593 469 data,
1619 434 1736 465 tamen
1764 429 1799 464 in

171 498 252 522 casu
278 492 343 522 art.
374 486 404 520 7i
432 491 609 531 tamquam
640 485 683 520 ab
710 496 780 520 uno
807 485 938 521 scilicet
965 484 1152 521 Ordinario
1178 487 1291 522 oblata
1312 488 1486 523 censenda
1512 488 1611 523 sint?

293 545 330 579 Υ.
362 547 413 580 An
443 545 542 580 liceat
570 543 759 580 Ordinario
787 545 951 579 omnibus
981 545 1034 580 liis
1062 546 1177 580 missis
1202 557 1425 582 communem
1452 548 1649 591 generalem
1686 547 1800 583 inten-

172 606 300 641 tionem
327 605 385 649 (ad
413 600 644 639 intentionem
672 603 848 648 dantium)
878 604 1109 650 praescribere
1135 605 1197 640 etsi
1225 616 1245 640 a
1272 605 1446 651 primariis
1472 606 1699 642 offerentibus
1726 618 1800 653 spe-

171 664 274 699 ciales
302 663 513 699 intentiones
542 663 772 709 praescriptae
800 663 956 698 fuerint?
984 663 1174 709 Respondit
1200 663 1235 700 S.
1258 663 1383 709 Congr.
1411 664 1516 700 Cone.

289 723 338 757 Ad
368 721 423 757 lll.
451 721 673 757 affirmative:
700 722 787 757 idest
815 722 1064 767 obligationem
1084 723 1238 769 incipere
1262 734 1283 759 a
1301 723 1356 759 die
1374 735 1441 770 quo
1464 725 1657 760 sacerdotes
1677 725 1800 761 missas

171 782 396 818 celebrandas
422 781 465 816 ab
493 779 681 817 Ordinario
707 781 891 827 recipiunt.

289 841 339 876 Ad
366 840 423 875 lv.
454 840 642 886 Episcopus
669 845 776 881 curet,
804 845 840 875 ut
866 845 1038 886 quantum
1068 841 1139 876 fieri
1160 846 1280 887 potest.
1313 841 1436 877 Missae
1454 853 1474 877 a
1504 842 1662 888 pluribus
1682 842 1800 878 Sacer-

170 900 308 936 dotibus
334 905 490 945 tompore
516 899 632 934 ‹lebito
655 899 841 935 satisfiant.

291 959 341 994 Ad
374 959 411 992 V.
442 957 615 1000 Sullicere,
648 963 684 993 ut
711 957 914 994 Sacerdotes
940 958 1116 994 celebrent
1142 958 1235 994 iuxta
1264 963 1416 994 mentem
1446 958 1641 1001 Ordinarii‚
1671 960 1728 1005 qui
1755 965 1802 996 ta-

173 1030 251 1054 men
279 1018 508 1054 intentionem
539 1029 598 1064 pro
624 1018 772 1063 singulis
798 1018 1023 1053 offerentibus
1049 1018 1230 1053 efformare
1256 1017 1357 1053 debet
1385 1018 1479 1053 iuxta
1504 1018 1642 1063 regulas
1679 1030 1698 1053 a
1728 1031 1801 1065 pro-

172 1078 260 1113 batis
286 1077 477 1123 theologiae
505 1078 645 1112 moralis
671 1077 872 1112 auctoribus
899 1077 1056 1112 traditas.
1086 1076 1209 1112 Melius
1236 1082 1352 1112 tamen
1381 1088 1454 1112 esse
1479 1077 1506 1111 si
1545 1077 1711 1123 patefiant
1737 1077 1798 1114 Sa-

170 1137 366 1172 cerdotibus
394 1137 606 1172 intentiones
634 1136 911 1182 praescriptae».

289 1193 458 1229 Similiter
474 1194 585 1229 'utiles
611 1194 698 1229 scitu
728 1199 890 1240 putamus
916 1202 1022 1240 resps.
1052 1202 1138 1240 seqss.
1170 1193 1204 1228 S.
1235 1193 1273 1230 C.
1310 1195 1352 1230 de
1379 1194 1569 1239 Religiosis.
1591 1194 1794 1239 Quaesitum

170 1258 220 1289 est
246 1254 290 1288 ab
315 1264 375 1288 ea:
410 1268 424 1285 α
454 1253 477 1287 Ι.
509 1255 559 1288 An
589 1252 734 1289 Sacrum
766 1255 874 1289 facere
901 1254 943 1288 ad
972 1254 1203 1289 intentionem
1238 1254 1424 1299 praefixam
1452 1267 1472 1289 a
1508 1254 1686 1300 superiore
1726 1266 1800 1301 pro-

174 1313 244 1358 prie
270 1318 385 1348 actum
416 1313 593 1348 internum
633 1313 833 1353 constituat,
863 1313 919 1358 qui
962 1313 1109 1348 minime
1134 1313 1252 1348 subest
1292 1313 1461 1348 voluntati
1502 1312 1754 1359 Superiorum9
1783 1328 1797 1346 υ

171 1371 334 1417 Negativa
360 1372 537 1418 responsio
562 1373 642 1407 data
668 1377 719 1407 est
746 1372 916 1418 implicita
942 1373 977 1406 in
1005 1384 1095 1418 resp.
1125 1373 1165 1407 ad
1195 1372 1249 1407 ΙΙΙ.

295 1445 308 1462 «
340 1431 376 1465 ll.
412 1432 463 1465 Au
492 1431 674 1475 religiosus
702 1436 857 1466 votorum
886 1431 1114 1476 simplicium,
1145 1431 1173 1465 vi
1202 1442 1285 1466 suae
1312 1431 1549 1476 professionis,
1578 1435 1738 1467 teneatur
1763 1443 1802 1466 ex

174 1489 319 1527 iustitia.
348 1494 407 1525 aut
433 1490 545 1525 solum
572 1501 611 1525 ex
639 1489 819 1533 charitate,
848 1490 890 1525 ad
918 1490 1166 1525 celebrandum
1195 1491 1290 1525 iuxta
1316 1491 1547 1525 intentionem
1573 1502 1593 1526 a
1620 1489 1801 1536 Superiore

175 1549 376 1596 praefixam,
405 1549 469 1584 sibi
510 1554 683 1585 reservata
723 1549 885 1584 facultate
912 1549 1108 1585 celebrandi
1147 1549 1241 1584 iuxta
1278 1550 1451 1595 propriam
1493 1550 1724 1585 intentionem
1764 1550 1800 1584 in

170 1609 340 1644 limitibus
366 1620 386 1644 a
414 1608 733 1644 Constitutionibus
760 1609 953 1644 admissis?
982 1624 995 1641 n
1031 1608 1172 1644 Videtur
1198 1609 1270 1644 erui
1298 1620 1337 1644 ex
1365 1620 1454 1654 resp.
1482 1609 1524 1643 ad
1553 1608 1607 1652 ΙΙΙ,
1637 1609 1726 1655 quod
1753 1613 1801 1644 te-

173 1673 295 1703 neatur
320 1680 359 1703 ex
391 1668 463 1703 sola
489 1668 685 1703 obedientia
713 1668 777 1703 sub
804 1668 976 1703 limitibus
1015 1668 1143 1703 ibidem
1175 1668 1313 1714 positis;
1355 1668 1413 1703 sed
1447 1668 1611 1712 obligatio
1650 1667 1800 1703 iustitiae

170 1732 422 1773 consequenter
447 1728 491 1762 ab
518 1727 567 1763 eis
593 1727 698 1762 etiam
727 1727 1012 1772 trasgrederetur,
1041 1727 1067 1761 si
1095 1726 1210 1761 Missis
1237 1727 1300 1762 rite
1325 1727 1476 1772 acceptis
1502 1726 1602 1762 aliter
1637 1726 1801 1772 Superior

172 1798 240 1822 non
271 1791 381 1832 posset
410 1786 621 1822 satisfacere.

196 1843 197 1846 ’
289 1845 413 1880 Emmi.
442 1850 558 1881 autem
588 1845 647 1879 PP.
676 1843 880 1880 Cardinales
910 1844 1073 1890 praefatis
1092 1844 1208 1879 dubiis
1224 1844 1496 1890 responderunt:
1523 1858 1537 1876 <r
1559 1845 1610 1879 Ad
1634 1846 1676 1878 lln
1696 1849 1728 1880 et
1747 1844 1795 1879 *2¹³³

173 1904 411 1940 Providebitur
431 1905 466 1939 in
494 1905 594 1940 tertio
623 1919 654 1938 ».

288 1964 338 1998 Ad
367 1964 414 1997 3¹³2
444 1963 638 1999 Reformato
677 1964 801 1998 dubio:
847 1978 860 1995 «
892 1964 943 1998 An
980 1962 1181 2008 Superiores
1224 1963 1382 2008 Religiosi
1429 1963 1625 2009 praecipere
1665 1963 1800 2009 possint

169 2023 317 2058 subditis
344 2023 414 2057 suis
440 2023 545 2058 etiam
573 2023 609 2057 in
649 2023 774 2058 virtute
800 2027 941 2057 sanctae
979 2021 1195 2057 obedientiae
1223 2027 1258 2057 ut
1299 2022 1361 2068 ipsi
1399 2022 1575 2058 celebrent
1608 2022 1799 2058 secundum

171 2082 400 2117 intentionem
428 2093 448 2116 a
474 2081 793 2117 Constitutionibus
822 2081 1069 2127 praescriptam
1097 2081 1147 2116 vel
1175 2081 1218 2116 ab
1247 2081 1332 2127 ipsis
1359 2081 1604 2127 Superioribus
1620 2086 1799 2122 statutam,

168 2141 272 2176 salvis
298 2141 559 2187 exceptionibus
597 2153 616 2176 a
656 2140 972 2177 Constitutionibus
999 2141 1050 2176 vel
1089 2152 1108 2175 a
1149 2140 1303 2185 legitima
1335 2141 1588 2176 consuetudine
1627 2140 1799 2175 sancitis?

170 2201 376 2246 respondere
403 2205 634 2236 censuerunt:
664 2200 877 2235 Affirmative
906 2214 937 2234 ».

293 2259 338 2294 lta
367 2260 400 2293 in
430 2259 654 2295 Suessonien.
685 2265 716 2295 et
744 2260 892 2294 aliarum
913 2261 938 2293 1.

290 2378 384 2420 15¹2.
411 2379 598 2430 Quibus
622 2380 966 2424 sacerdotibus
989 2380 1331 2423 distribuenda
1350 2380 1608 2424 missarum
1634 2392 1802 2424 onera.

173 2475 225 2479 —
254 2448 352 2491 Can.
380 2450 487 2491 838.
519 2447 601 2501 Qui
625 2448 776 2491 habent
810 2447 1041 2491 Mis-§ammi
1059 2462 1291 2502 munerum,
1316 2462 1418 2505 quos
1444 2451 1728 2492 recensuimus
1762 2451 1799 2492 in

172 2526 274 2564 cam.
310 2525 460 2576 pi·aec¹.
499 2521 628 2574 initio,
670 2518 721 2562 cle
754 2519 901 2576 quibus
937 2521 1071 2562 missis
1103 2518 1183 2561 sibi
1215 2519 1355 2574 liceat,
1390 2532 1437 2562 eo
1471 2519 1580 2576 quod
1615 2520 1801 2563 subditos

172 2603 249 2633 non
286 2589 437 2633 habent
471 2592 588 2646 queis
623 2592 659 2632 in
696 2590 772 2633 hoc
805 2589 1029 2633 subvenire
1062 2589 1253 2642 debeant,
1288 2588 1427 2644 libere,
1463 2591 1562 2647 quia
1594 2589 1687 2633 illae
1721 2603 1799 2632 non

170 2665 264 2704 sunt
297 2663 335 2703 in
370 2660 506 2718 aliqua
540 2660 812 2704 determinata
847 2661 1020 2704 ecclesia
1050 2659 1111 2703 vel
1147 2672 1166 2703 a
1193 2661 1479 2703 determinatis
1512 2659 1798 2703 sacerdotibus

171 2731 436 2785 celebranda,
472 2731 534 2774 vel
571 2736 612 2774 ut
646 2731 798 2775 dicitur
833 2734 870 2774 iu
906 2730 1021 2774 Dec0.
1051 2747 1072 2772 (t
1092 2730 1140 2774 Ut
1164 2730 1300 2774 debita
1326 2747 1345 2772 ))
1377 2744 1413 2775 n.
1440 2732 1463 2773 ὃ
1494 2734 1629 2788 «quin
1654 2731 1798 2774 funda-

293 2885 302 2906 ¹
330 2884 374 2917 23
403 2884 505 2917 Mart
535 2884 637 2925 1914,
669 2884 742 2918 CO.
771 2884 836 2924 VI,
866 2884 948 2920 231.
