1971 3261
143 2465 146 2467 Δ
214 2409 470 2458 distinctum,
505 2414 600 2468 quia
636 2411 874 2455 huiusmodi
908 2412 1089 2468 dignitas
1122 2412 1257 2455 eidem
1292 2413 1466 2455 accessit
1500 2413 1641 2467 positis
1666 2412 1843 2454 termino

219 175 288 209 Δ186
614 175 698 208 LIB.
726 174 799 208 ΙΙΙ.
828 194 841 200 -
867 174 978 209 PARS
1003 175 1034 209 Ι.
1064 195 1076 200 -
1102 174 1160 209 De
1183 175 1449 210 Sam-amentis
1631 175 1725 211 Can.
1753 175 1847 210 1012

218 297 248 327 et
276 292 338 326 hoc
366 296 415 326 est
444 292 476 326 id
503 291 594 337 quod
622 291 665 326 ad
694 292 858 326 maritum
888 291 1049 337 pertinet,
1077 292 1175 337 ponit
1213 292 1317 327 etiam
1357 292 1521 328 virtutem
1562 293 1663 329 huius
1703 293 1849 329 coniun-

216 350 355 393 ctionis,
386 349 467 395 quia
496 349 751 384 indissolubilis
777 354 839 391 est,
868 350 903 384 in
932 350 994 385 hoc
1021 351 1112 396 quod
1138 350 1223 385 dicit
1254 350 1473 392 individuam,
1508 356 1571 388 etc.
1603 372 1649 376 —
1682 350 1749 387 Sed
1782 352 1851 387 alia

217 408 374 444 definitio
419 407 597 444 videlicet:
628 408 894 443 matrimonium
921 413 973 444 est
999 409 1213 444 consortium
1240 410 1438 444 communis
1465 410 1556 445 vitae
1593 414 1625 445 et
1655 411 1851 445 communi-

216 467 305 502 catio
331 467 441 501 divini
469 472 502 502 et
529 467 674 502 humani
704 467 805 512 iuris)
830 466 944 512 tangit
969 467 1128 502 effectum
1156 467 1199 502 ad
1234 478 1337 513 quem
1364 468 1547 503 ordinatur
1574 469 1851 511 matrimonium,

216 526 346 561 scilicet
374 525 479 560 vitam
508 536 732 561 communem
760 526 797 560 in
833 525 936 561 rebus
973 526 1186 561 domesticis.
1229 526 1267 561 Et
1306 527 1388 572 quia
1426 528 1542 562 omnis
1579 528 1852 564 communicatio

215 585 333 630 aliqua
360 585 433 629 lege
458 584 652 626 ordinatur,
680 584 756 620 ideo
784 585 925 630 ponitur
951 585 1186 620 ordinativum
1215 585 1316 621 istius
1334 586 1678 630 communicationis,
1698 587 1848 623 scilicet:

216 644 269 678 ius
295 643 454 678 divinum
482 648 515 679 et
542 644 762 685 humanum;
787 644 877 679 aliae
902 649 1018 679 autem
1058 645 1405 680 communicationes
1450 649 1485 679 ut
1523 646 1779 690 negotiantium
1818 651 1853 682 et

218 702 463 743 militantium,
491 703 563 738 solo
590 703 663 738 inre
691 703 845 738 humano
872 703 1053 739 institutae
1079 708 1209 738 sunt».

337 785 433 828 396.
462 787 596 832 Ordo
621 789 749 832 inter
773 801 989 832 canones
1012 788 1403 844 praeliminares.
1431 813 1482 817 ——
1511 787 1632 830 Prout
1653 788 1704 831 de
1735 801 1848 831 more

217 858 256 899 in
290 855 441 900 Codice
480 856 601 899 valde
636 856 937 901 rationabiliter
959 862 1140 912 servate,
1166 860 1299 913 primo
1323 860 1571 901 sacramenti
1597 860 1848 902 matrimonii

217 930 327 970 notio
353 928 530 970 traditur
555 930 592 970 in
628 940 718 972 can.
755 928 882 982 1012,
905 928 1256 986 subsequentibus
1279 928 1441 972 duobus
1465 942 1553 972 can.
1585 929 1710 984 1013,
1737 930 1847 973 1014

218 998 269 1041 (16
303 1000 455 1041 tinibus
488 1010 535 1041 ac
570 999 894 1055 proprietatibus
928 999 983 1042 illi
1017 998 1227 1043 attributis
1260 1013 1309 1043 ex
1356 1002 1443 1043 iure
1487 1005 1674 1053 naturae,
1707 1013 1755 1043 ac
1797 1000 1848 1044 de

218 1069 360 1111 favore
393 1070 462 1126 qui
498 1069 633 1111 eidem
669 1073 728 1112 est
762 1068 924 1112 delatus
957 1071 1046 1112 iure
1081 1072 1257 1126 positivo
1292 1069 1485 1113 humano.
1528 1072 1721 1113 inversas
1764 1083 1848 1113 ma-

216 1140 398 1181 trimonii
433 1139 733 1195 appellationes
769 1144 936 1196 propter
970 1142 1087 1183 istius
1119 1140 1426 1183 distinctionem
1464 1141 1586 1183 retert
1621 1145 1746 1197 atque
1779 1140 1849 1183 ad-

218 1211 341 1252 mittit
372 1222 461 1253 can.
500 1210 626 1259 1015,
660 1212 726 1253 cui
760 1210 1013 1253 distinctioni
1048 1216 1279 1267 opportune
1312 1213 1574 1254 connectitur
1606 1223 1695 1254 can.
1736 1211 1847 1254 1016

219 1280 269 1323 de
302 1280 470 1324 diverso
505 1283 608 1333 Iure,
643 1294 724 1338 quo
769 1284 1081 1325 matrimonium
1134 1284 1303 1338 regitur.
1340 1281 1428 1325 Duo
1470 1286 1606 1325 autem
1653 1284 1847 1338 postremi

218 1364 308 1395 can.
345 1351 472 1402 1017,
511 1352 623 1395 1018
657 1352 855 1396 exhibent
890 1365 1055 1396 normas
1087 1353 1138 1396 de
1171 1352 1332 1396 actibus
1365 1353 1413 1396 ad
1451 1355 1760 1396 matrimonium
1792 1366 1849 1395 re-

218 1421 322 1476 latis,
358 1427 443 1465 tum
479 1422 636 1466 directe
670 1436 721 1466 ex
756 1428 870 1479 parte
905 1422 1237 1466 contrahentium
1273 1426 1466 1481 quamvis
1500 1436 1578 1466 non
1613 1425 1847 1466 necessario

218 1493 545 1548 praemittendis,
565 1498 650 1536 tum
676 1506 724 1537 ex
754 1499 868 1550 parte
891 1494 1059 1551 parochi
1085 1499 1256 1551 propter
1280 1494 1378 1537 illud
1405 1494 1606 1538 indirecte
1632 1494 1844 1550 ponendis.

337 1563 433 1606 397.
455 1565 762 1610 Sacramenti
781 1567 1077 1611 matrimonii
1097 1567 1300 1622 propria
1318 1569 1450 1611 nota.
1465 1591 1518 1595 —
1540 1564 1580 1608 ln
1601 1578 1681 1622 qno
1698 1567 1775 1608 sita
1794 1568 1846 1608 sit

216 1634 337 1677 huius
370 1637 622 1678 sacramenti
659 1637 875 1689 institutio,
909 1636 1034 1679 tradit
1067 1638 1181 1679 aiens
1214 1650 1304 1678 can.
1340 1638 1464 1679 1013.
1504 1636 1532 1693 ξ
1571 1639 1605 1680 1.
1650 1634 1844 1679 ζῖΙιφηέΙτιε

220 1704 434 1756 Doim'mcs,
469 1706 566 1748 dum
605 1708 642 1748 in
678 1708 799 1749 terris
832 1706 1003 1762 degeret
1035 1706 1179 1749 saltem
1221 1707 1452 1762 redivivus,
1491 1705 1546 1749 acl
1587 1706 1846 1749 sacramenti

217 1778 381 1832 proprie
414 1789 485 1819 seu
521 1789 657 1820 novae
691 1777 794 1833 legis
825 1777 1091 1834 (Iv'ymtatem,
1125 1782 1330 1835 qnatenus
1362 1780 1525 1834 signum
1561 1782 1621 1821 est
1650 1779 1846 1821 coniunc-

220 1848 341 1889 tionis
375 1846 543 1889 moralis
578 1850 684 1890 inter
715 1847 923 1891 Christum
959 1853 998 1891 et
1040 1848 1285 1902 Ecclesiam,
1319 1861 1424 1906 quae
1469 1849 1510 1891 tit
1555 1861 1628 1905 per
1670 1850 1844 1904 gratiam

216 1922 254 1959 et
296 1922 478 1960 mutuam
526 1920 749 1974 praecipue
792 1918 1053 1973 charitatem,
1096 1919 1260 1963 (licente
1303 1919 1518 1976 Apostolo:
1569 1918 1848 1962 «Sacramen-

217 1993 301 2031 tum
338 1988 414 2031 hoc
450 2001 645 2045 magnum
681 1994 754 2041 est,
790 2002 867 2046 ego
901 1994 1038 2033 autem
1074 1990 1167 2033 dico
1202 1992 1239 2032 in
1274 1989 1436 2034 Christo
1471 1994 1508 2032 et
1545 1992 1582 2032 in
1616 1988 1842 2032 Ecclesia»

217 2057 285 2113 (ad
319 2057 422 2114 Eph.
461 2056 503 2109 V,
540 2057 634 2115 32):
670 2061 821 2101 etenim
848 2064 1048 2116 quantum
1073 2063 1134 2102 est
1155 2059 1207 2102 de
1230 2072 1287 2113 se,
1314 2061 1622 2102 matrimonium
1647 2060 1847 2114 coniuges

218 2130 302 2170 unit
338 2141 415 2170 non
451 2128 581 2171 solum
617 2129 794 2172 naturali
831 2130 1009 2183 vinculo,
1035 2130 1105 2173 sed
1141 2132 1262 2173 etiam
1289 2132 1421 2186 gratia
1445 2134 1483 2172 et
1507 2129 1722 2181 charitate,
1745 2128 1846 2172 alias

215 2201 323 2241 enim
359 2201 522 2255 signum
559 2199 667 2243 illius
696 2203 859 2243 unionis
893 2201 1061 2244 moralis
1094 2214 1182 2244 esse
1216 2214 1294 2244 non
1331 2206 1479 2257 posset.
1506 2226 1558 2230 —
1584 2200 1760 2243 Proinde
1793 2199 1843 2243 ad

216 2268 293 2312 hoc
327 2269 472 2312 efficax
508 2273 671 2326 signum
708 2273 880 2327 gratiae,
914 2270 1101 2315 Christus
1134 2271 1269 2314 eceoeil
1302 2284 1374 2314 sua
1411 2273 1666 2314 institutione
1706 2270 1844 2328 ipsum

215 2344 473 2382 contractum
511 2341 879 2396 malrz'mom'alem,
915 2341 1029 2384 nihil·
1058 2342 1216 2385 addens
1259 2341 1356 2385 huic
1398 2343 1628 2384 contractui
1674 2340 1844 2397 physice

215 2482 450 2524 extrinseco
487 2484 613 2537 ipsius
649 2485 1053 2538 repraesentationis,
1088 2482 1254 2539 quando
1287 2480 1475 2525 Christus
1513 2482 1710 2524 Dominus
1748 2479 1844 2523 «di-

215 2550 313 2594 lexit
346 2550 573 2595 Ecclesiam
609 2558 647 2595 et
680 2555 863 2609 seipsum
898 2553 1067 2596 tradidit
1101 2566 1174 2609 pro
1208 2565 1269 2607 ea,
1295 2552 1405 2595 illam
1443 2551 1648 2595 mundans
1673 2550 1843 2594 lavacro

214 2633 346 2678 aquae
380 2624 417 2663 in
458 2623 583 2665 vei-bo
620 2625 767 2666 vitae»
799 2623 827 2675 ¹,
861 2627 985 2680 atque
1018 2625 1273 2666 institutione
1307 2622 1456 2667 Christi
1492 2621 1578 2675 Dei,
1615 2626 1656 2665 ut
1701 2623 1840 2664 matri-

216 2694 397 2734 monium
433 2693 597 2736 efficere
633 2696 757 2749 possit
791 2696 984 2749 gratiam,
1027 2693 1222 2751 equidem
1264 2693 1396 2736 solum
1442 2692 1555 2735 inter
1594 2691 1843 2749 baptizatos,

213 2764 281 2818 qni
318 2764 603 2806 tantummodo
635 2769 727 2806 sunt
763 2764 922 2808 habiles
954 2764 1004 2807 ad
1039 2769 1298 2807 sacramenta
1336 2763 1471 2806 valide
1493 2761 1756 2818 suscipienda
1778 2774 1841 2804 ce-

334 2915 344 2936 ¹
373 2914 433 2948 Ad
460 2914 603 2960 Ephes.
634 2916 678 2950 V.
708 2918 766 2958 25,
794 2916 847 2951 26.
