1971 3261
161 148 254 184 C‘an.
284 148 352 183 766
727 149 811 183 ΤΙΤ.
842 149 872 182 Ι.
902 170 913 174 -
942 149 998 183 De
1018 151 1223 194 Baptismo
1751 153 1794 185 61

162 266 211 309 ab
244 266 406 310 actibus
439 266 642 324 leyitimis
675 267 716 324 c)
750 267 812 311 vel
835 266 1014 326 infamis
1038 267 1221 326 infamia
1245 268 1572 321 im·t's,scilicet:
1610 273 1800 314 incursus

162 340 248 394 ipso
282 339 392 383 facto
428 340 465 381 in
500 338 682 396 aliquam
718 352 767 382 ex
804 338 866 382 liis
902 342 1056 396 poenis,
1091 340 1190 397 quim
1238 345 1375 383 {auten
1418 341 1629 384 sententia
1670 342 1798 384 mter-

160 409 331 452 eesserit
365 409 705 453 condemnatoria
745 409 805 453 vet
841 410 1118 454 ‹leclaratoria
1155 423 1398 467 poenarum,
1422 414 1517 468 qnia
1554 411 1630 455 hoc
1666 415 1796 468 posito

160 492 235 523 nec
269 485 374 523 esset
413 493 535 523 verns
571 483 757 536 patrinus
794 481 843 524 ad
892 494 1080 524 normam
1116 493 1207 526 can.
1242 495 1380 538 praec.
1416 496 1452 525 n.
1491 483 1549 525 20.
1584 508 1640 514 —-
1674 483 1797 527 'l'acet

158 563 288 594 canon
325 564 518 607 praesens
551 551 603 594 de
636 551 789 595 clerico
823 551 1109 610 depositovel
1145 552 1387 609 degradato,
1412 555 1507 608 quia
1540 553 1616 597 hae
1642 566 1798 610 poenae

157 626 251 664 sunt
298 635 464 678 semper
513 622 709 665 serendae
758 625 1010 677 sententiae3
1045 623 1116 666 sed
1165 623 1388 679 prohibitio
1433 626 1486 667 ita
1531 625 1795 668 extenditur:

157 691 198 750 a)
233 706 306 736 nec·
337 693 393 736 sit
426 692 680 736 interdictus
715 694 987 750 personaliter
1020 707 1196 738 censura
1234 694 1296 738 vel
1333 708 1476 752 poena,
1505 695 1546 753 b)
1576 701 1649 738 aul
1684 695 1796 739 alias

155 762 335 821 publice,
369 764 479 822 quod
515 763 763 809 adverbium
799 767 858 808 sic
894 767 1071 821 positum
1106 765 1232 809 afficit
1265 779 1431 824 quoque
1467 767 1640 810 verbnm
1679 779 1795 824 prae-

156 835 310 878 cedens
348 835 681 879 «interdictus»
719 850 812 880 cum
850 836 927 880 hoc
960 842 1166 893 supponat
1204 839 1362 881 crimen
1410 837 1545 881 taliter
1589 841 1793 895 punitum,

155 906 265 963 quod
303 911 344 950 ut
379 907 603 963 plurimum
654 910 731 950 erit
782 907 1014 964 pnl)licum;
1058 921 1203 951 sensns
1237 919 1337 965 ergo
1369 914 1430 952 est
1467 909 1640 967 quilibet
1681 925 1703 950 «
1727 923 1798 966 pu-

158 977 262 1021 blice
285 994 305 1019 2)
345 978 624 1023 criminosas.-
657 983 696 1021 et
734 992 782 1022 ex
828 991 917 1022 can.
956 979 1091 1022 2197:
1133 979 1382 1023 «Delictum
1418 985 1479 1023 est
1514 979 1726 1036 publicum
1762 982 1793 1022 si

156 1051 236 1092 iam
271 1049 534 1106 divulgatum
570 1055 630 1093 est
663 1054 733 1093 aut
768 1049 917 1094 talibus
950 1053 1123 1107 contigit
1165 1064 1236 1094 sen
1285 1056 1474 1094 versatur
1509 1054 1546 1094 in
1587 1051 1794 1094 adiunctis

157 1124 199 1162 ut.
234 1120 460 1176 prudenter
492 1121 667 1164 indicari
704 1123 842 1176 possit.
867 1126 905 1164 et
932 1121 1079 1165 debeat
1106 1121 1225 1165 t'acile
1248 1121 1511 1178 divulgatum
1548 1124 1594 1164 iri
1621 1135 1660 1169 »;
1685 1134 1794 1179 quae

157 1190 376 1247 publicitus
408 1196 517 1234 extat
552 1204 719 1249 quoque
755 1194 791 1234 in
826 1194 1039 1250 sequenti:
1076 1191 1116 1248 c)
1141 1192 1204 1235 vel
1238 1191 1414 1249 infamis
1447 1192 1631 1250 infamia
1664 1193 1792 1250 loeti,

155 1275 203 1305 ex
240 1261 362 1305 liuius
386 1267 545 1315 natura,
571 1275 677 1319 quae
701 1268 761 1305 est
791 1278 809 1302 «
835 1265 1006 1306 amissio
1032 1262 1164 1307 bonae
1189 1265 1510 1307 existimationis
1531 1263 1640 1320 apud
1670 1263 1797 1307 bonos

153 1337 191 1375 et
226 1332 450 1389 prudentes
501 1335 611 1376 vii-os
658 1338 830 1390 propter
878 1333 1047 1391 aliquod
1102 1339 1317 1390 peccatum
1373 1334 1435 1378 vel
1490 1337 1700 1378 vitium».
1740 1360 1797 1366 —

155 1403 198 1445 30
234 1401 355 1446 Fidei
387 1403 632 1446 rudimenta
665 1404 840 1448 voverit.
876 1404 929 1449 Et
972 1405 1141 1448 additur
1186 1407 1288 1448 ratio
1340 1407 1376 1448 in
1430 1405 1508 1449 Rit.
1544 1405 1646 1449 Rom
1699 1406 1793 1463 (loc.

152 1476 221 1518 cit.
257 1487 293 1517 n.
330 1474 428 1531 affl:
468 1491 489 1516 «
515 1474 627 1518 Haec
660 1478 770 1518 enim
809 1476 961 1519 Patrini
995 1475 1233 1532 spirituales
1267 1476 1373 1520 lilios
1405 1490 1501 1520 suos
1525 1491 1628 1535 quos
1652 1478 1703 1521 de
1727 1477 1798 1520 Ba-

154 1547 290 1602 ptismi
325 1547 436 1590 fonte
470 1549 746 1604 susceperint,
782 1546 848 1591 ubi
885 1561 989 1605 opus
1024 1549 1160 1604 fuerit,
1195 1553 1429 1605 opportune
1468 1549 1619 1592 docere
1655 1554 1794 1592 tenen-

153 1622 282 1673 tur»,
319 1623 360 1661 nt
393 1618 550 1675 patebit
598 1605 788 1662 exxcan.
827 1620 925 1662 769.
964 1645 1016 1649 —
1067 1634 1088 1660 «
1113 1619 1179 1662 26.
1219 1619 1435 1664 Praeterea
1469 1620 1518 1663 ad
1557 1619 1634 1663 hoc
1668 1622 1792 1663 etiam

151 1688 312 1733 admitti
350 1702 428 1733 non
463 1689 615 1734 debent
641 1689 828 1734 Monaclii
869 1690 930 1733 vel
966 1691 1326 1742 sanctimoniales,
1351 1704 1486 1749 neque
1509 1691 1577 1735 alii
1607 1693 1794 1735 cuiusvis

152 1757 323 1804 Ordinis
357 1760 570 1817 regulares
602 1774 623 1804 a
658 1761 825 1805 saeculo
859 1764 1067 1818 segregati
1091 1778 1130 1806 ».
1165 1760 1284 1815 Quod
1311 1762 1407 1806 Rit.⁸
1430 1762 1563 1807 Ριοῐῐι.1
1591 1766 1792 1820 praescri-

154 1835 270 1887 ptum
304 1832 569 1876 concorditer
601 1831 742 1877 Codici
777 1835 836 1877 sic
871 1838 931 1876 est
965 1838 1225 1877 correctum:
1271 1833 1316 1877 4⁰
1350 1833 1396 1877 Ιη
1431 1834 1552 1884 neella
1586 1834 1795 1892 reliyione

150 1902 328 1949 scilicet:
368 1905 624 1958 «societate,
660 1917 680 1947 a
716 1903 902 1961 legitima
937 1904 1219 1948 ecclesiastica
1263 1908 1511 1952 auctoritate
1548 1906 1793 1963 approbata,

151 1976 190 2017 in
224 1987 305 2032 qua
339 1975 518 2028 sodaleS,
553 1976 783 2019 secundnm
823 1978 1011 2033 proprias
1048 1978 1175 2033 ipsius
1207 1979 1418 2021 societatis
1452 1977 1579 2035 leges,
1607 1982 1698 2021 vota
1725 1991 1792 2034 pu—

152 2043 272 2101 blica,
309 2051 507 2103 perpetua
547 2046 608 2090 vel
646 2050 913 2103 temporaria,
949 2047 1090 2104 elapso
1125 2053 1260 2091 tamen
1303 2053 1490 2105 tempore
1536 2048 1791 2103 renovanda,

150 2123 404 2174 nuncupant,
439 2122 564 2176 atque
599 2120 651 2161 ita
685 2119 736 2162 ad
772 2118 1063 2176 evangelicam
1101 2120 1400 2176 perfectionem
1448 2120 1666 2164 tendunt»
1708 2120 1794 2177 (ea-

150 2201 256 2232 none
293 2188 391 2245 488,
430 2188 489 2246 1⁰)
524 2189 580 2233 sit
613 2194 707 2233 actu
740 2190 926 2233 novitius
959 2190 1023 2233 vel
1053 2190 1289 2248 professus,
1333 2196 1373 2235 et
1421 2194 1693 2235 «novitiatus
1739 2194 1793 2234 in-

149 2261 249 2316 cipit
281 2262 544 2317 susceptione
579 2260 744 2304 habitus
798 2261 860 2305 vel
912 2261 991 2305 alio
1039 2262 1160 2305 modo
1200 2264 1237 2305 in
1273 2262 1639 2307 constitutionibus
1675 2275 1791 2319 prae-

147 2333 348 2388 scripto»
387 2331 499 2388 (can.
536 2332 640 2385 553)
673 2337 798 2390 atque
839 2348 858 2374 <c
883 2338 1030 2376 exacto
1066 2335 1270 2377 novitiatu
1290 2350 1312 2374 ))
1350 2335 1517 2377 forsitan
1556 2339 1791 2391 prorogato,

154 2404 424 2446 «novitius...
459 2403 509 2446 ad
548 2405 846 2460 professionem
893 2404 1152 2459 admittatur,
1196 2418 1316 2449 secus
1355 2405 1589 2449 dimittatur
1613 2422 1680 2447 ))...
1714 2407 1793 2461 (ca-

150 2486 228 2516 non
266 2474 363 2528 571,
396 2476 421 2528 ἓ
456 2474 519 2531 6.));
553 2479 734 2518 attamen
773 2476 848 2518 rite
882 2475 1094 2530 dimissus,
1117 2487 1138 2518 a
1176 2478 1281 2519 votis
1305 2475 1504 2520 liberatus
1542 2476 1603 2520 vel
1651 2489 1790 2520 saecu·

150 2543 340 2588 larizatus
373 2550 505 2588 cessat
529 2559 619 2589 esse
645 2548 682 2589 in
710 2546 910 2603 religione
935 2545 1002 2589 illa
1029 2547 1248 2603 professus.
1275 2573 1327 2578 —
1354 2547 1648 2591 prohibitionis
1674 2560 1788 2604 prae-

148 2616 284 2659 dictae
318 2615 508 2659 limitatio
541 2617 680 2660 adest:
715 2616 801 2660 nisi
833 2616 875 2674 a)
909 2617 1139 2660 necessitas
1170 2617 1342 2675 physica
1380 2617 1444 2662 vel
1471 2618 1640 2662 moralis
1667 2632 1702 2659 v.
1728 2633 1789 2675 gr.

148 2686 199 2729 ad
236 2687 453 2730 vitandum
480 2700 670 2744 magnam
698 2693 916 2745 parentum
953 2688 1257 2745 displicentiam
1285 2695 1435 2746 uryeat
1460 2689 1502 2747 b)
1526 2695 1564 2732 el
1589 2703 1788 2747 expressa

149 2755 356 2800 habeatur
388 2758 510 2801 venia
543 2757 794 2816 Superioris
828 2758 979 2802 saltem
1013 2758 1177 2816 localis,
1211 2762 1334 2803 etiam
1382 2759 1594 2817 religionis
1633 2760 1790 2804 laicalis

153 2828 214 2872 vel
251 2828 489 2873 mulierum.
526 2856 577 2860 -
609 2830 774 2873 Novum
809 2835 869 2873 est
904 2830 1013 2888 quod
1048 2832 1237 2887 sequitur
1269 2844 1318 2874 ex
1356 2833 1442 2887 pari
1470 2834 1625 2875 motivo
1649 2831 1786 2875 subie-

145 2901 295 2943 ctionis
327 2899 377 2943 ad
413 2913 601 2944 normam
637 2913 729 2945 can.
767 2901 875 2944 1⁶27:
913 2900 957 2943 5⁰
990 2900 1036 2944 In
1072 2901 1209 2944 sacris
1242 2901 1462 2945 orclim'lms
1495 2917 1575 2945 non
1611 2903 1666 2946 sil
1699 2917 1789 2945 con-
