1971 3261
595 209 717 238 INDEX
747 210 938 240 CANONUM
965 214 1015 238 ΕΤ
1041 211 1319 240 ΟΟΜΜΕΝΤΑΒῘῙ

1700 203 1770 240 753

1570 331 1648 353 CAN.
1687 331 1767 352 PAG.

141 381 443 416 Testimoniales
485 380 760 427 adiungendae
799 380 1033 416 dimissoriis
1072 381 1220 416 litteris
1258 381 1511 427 Superiorum

233 440 507 485 religiosorum
617 468 622 473 .
728 469 733 475 .
838 467 844 474 .
949 469 954 474 .
1058 468 1063 474 .
1168 467 1175 475 .
1279 468 1285 475 .
1389 469 1396 475 .
1500 469 1507 476 .
1583 441 1651 475 995
1699 440 1770 474 460

138 499 205 534 Ius
231 499 466 544 praecedens
493 499 538 533 de
565 500 771 534 scrutiniis
797 500 899 533 circa
928 499 1177 535 ordinandos.
1700 499 1765 533 461

137 558 194 593 De
222 558 402 593 examine
429 557 782 603 promovendorum
837 584 843 591 .
947 585 952 591 .
1057 588 1062 592 .
1167 585 1174 593 .
1276 585 1284 593 .
1387 585 1394 592 .
1498 585 1505 592 .
1582 558 1650 592 996
1699 559 1769 592 462

137 616 253 662 Apud
279 628 489 662 quamnam
518 617 664 650 curiam
692 620 753 650 est
780 616 877 651 illud
906 627 1067 652 examen
1096 617 1315 652 faciendum
1389 645 1396 651 .
1499 645 1505 651 .
1583 617 1649 652 997
1699 616 1769 651 463

136 676 475 711 Denunciationes
502 675 852 719 promovendorum
880 675 926 710 ad
955 687 1083 710 sacros
1109 676 1285 710 ordines.
1388 704 1395 710 .
1499 703 1505 711 .
1581 675 1650 710 998
1699 675 1769 710 465

137 734 340 779 Obligatio
367 733 652 778 impedimenta
678 734 881 769 revelandi
946 763 952 769 .
1056 762 1062 769 .
1166 763 1171 768 .
1277 763 1282 769 .
1387 763 1392 768 .
1498 765 1503 770 .
1581 735 1651 769 999
1699 734 1768 768 467

135 793 402 838 Investigatio
429 792 474 827 de
503 793 587 828 vita
612 796 652 828 et
678 793 851 828 moribus
878 794 1177 828 candidatorum
1278 821 1284 828 .
1387 821 1393 827 .
1498 821 1504 828 .
1560 793 1650 827 1000
1724 810 1736 823 »

136 851 371 896 Spiritualia
397 852 587 886 exercitia
611 852 930 887 ordinationibus
951 853 1190 898 recipiendis
1205 853 1506 898 praemittenda.
1562 853 1650 887 1001
1701 852 1771 886 468

279 993 418 1028 CAPUT
445 993 510 1028 IV.
537 1013 579 1018 -
609 994 663 1029 De
690 993 834 1029 ritibus
861 994 901 1029 et
927 994 1180 1029 caeremoniis
1207 1003 1341 1030 sacrae
1366 993 1638 1029 ordinationis.

134 1087 313 1123 Canones
340 1088 540 1123 1002-1005
604 1115 610 1122 .

134 1147 347 1192 Inscriptio
374 1148 516 1192 capitis
543 1147 713 1192 ordoque
740 1158 953 1183 canonum.

134 1206 191 1240 De
218 1206 370 1241 rituum
397 1211 581 1241 accurata
605 1206 858 1241 observantia
946 1234 953 1242 .
1058 1235 1064 1242 .
1168 1235 1173 1241 .
1278 1234 1284 1241 .
1388 1234 1394 1241 .
1498 1234 1506 1242 .
1560 1208 1650 1241 1002

132 1265 189 1300 De
216 1265 448 1310 supplendis
479 1264 698 1300 defectibus
724 1293 730 1299 .
1275 1294 1281 1300 .
1386 1294 1392 1300 .

133 1323 350 1370 Praecipua
375 1325 416 1359 in
436 1336 543 1359 sacra
563 1323 813 1359 ordinatione
832 1336 920 1370 pars
938 1329 1094 1370 praeter
1111 1325 1223 1359 illius
1243 1325 1506 1359 substantiam
1560 1326 1649 1359 1003

132 1384 191 1418 De
219 1385 321 1419 ritus
348 1385 571 1419 mutatione
599 1385 639 1418 in
669 1384 932 1430 suscipiendis
957 1384 1173 1420 ordinibus.
1278 1413 1283 1419 .
1387 1411 1394 1420 .
1498 1412 1504 1419 .
1560 1384 1649 1418 1004

133 1443 190 1478 De
217 1455 326 1484 sacra
352 1443 602 1478 ordinatione
628 1444 881 1488 suscipienda
906 1444 947 1478 in
975 1455 1105 1479 sacrae
1137 1443 1401 1478 ordinationis
1427 1444 1508 1478 ritu
1563 1444 1650 1478 1005

355 1573 496 1608 CAPUT
523 1573 567 1607 V.
595 1594 639 1599 —
666 1573 721 1609 De
748 1574 924 1618 tempore
950 1574 991 1609 et
1016 1574 1098 1610 loco
1125 1583 1259 1610 sacrae
1285 1573 1555 1610 ordinationis.

133 1669 313 1704 Canones
342 1669 545 1704 1006-1009
610 1697 616 1704 .

132 1728 346 1773 Inscriptio
373 1728 517 1773 capitis
542 1728 706 1773 eiusque
733 1728 906 1763 ordinati
932 1739 1100 1763 canones
1165 1755 1171 1762 .

132 1787 322 1833 Tempora
346 1787 480 1822 licitae
506 1798 636 1822 sacrae
662 1787 1059 1823 ordinationis..
1274 1815 1280 1822 .
1384 1814 1390 1820 .
1496 1815 1501 1821 .
1558 1787 1648 1821 1006

131 1845 302 1892 Tempus
323 1846 587 1881 ordinationis
605 1846 713 1881 licite
729 1847 931 1882 iterandae
946 1847 1008 1882 vel
1026 1847 1249 1892 partialiter
1267 1846 1507 1892 supplendae
1558 1847 1647 1881 1007

132 1905 188 1940 De
214 1905 298 1940 loco
324 1906 476 1940 ratione
503 1906 837 1941 territorii..
942 1933 948 1940 .
1053 1933 1059 1941 .
1161 1933 1168 1940 .
1275 1933 1281 1940 .
1384 1933 1390 1939 .
1495 1934 1500 1939 .
1557 1906 1648 1940 1008

133 1965 260 2000 Locus
288 1965 497 2011 legitimus
522 1977 718 2000 sacrarum
745 1965 1059 2001 ordinationum.
1163 1993 1171 2000 .
1274 1993 1280 1999 .
1386 1993 1391 1998 .
1495 1993 1501 1999 .
1558 1965 1647 1999 1009

211 2104 349 2139 CAPUT
377 2105 440 2139 VI.
470 2126 510 2130 -
539 2106 593 2140 De
619 2105 869 2141 adnotatione
896 2105 935 2140 et
961 2105 1184 2140 testimonio
1211 2105 1392 2149 peractae
1417 2104 1688 2140 ordinationis.

130 2198 308 2234 Canones
337 2199 534 2234 1010-1011

127 2257 343 2303 Inscriptio
369 2259 512 2303 capitis
537 2257 735 2304 huiusque
761 2269 945 2293 canones.

131 2316 437 2352 Ordinationum
475 2317 679 2353 adnotatio
717 2317 991 2359 determinata,
1025 2323 1065 2351 et
1103 2318 1352 2362 singularum
1391 2318 1502 2352 testi-

223 2377 401 2411 monium
498 2404 504 2411 .
609 2404 614 2410 .
719 2403 725 2410 .
829 2403 836 2411 .
940 2404 946 2410 .
1049 2403 1056 2411 .
1160 2405 1164 2410 .
1269 2404 1276 2411 .
1381 2404 1387 2411 .
1492 2403 1499 2412 .
1556 2377 1646 2411 1010

134 2433 364 2470 Notificatio
389 2435 654 2470 ordinationis
680 2435 911 2470 subdiaconi
939 2462 946 2470 .
1051 2463 1056 2468 .
1161 2462 1167 2470 .
1273 2463 1279 2469 .
1382 2463 1388 2470 .
1492 2462 1499 2470 .
1554 2436 1643 2470 1011

800 2573 987 2610 'HTULUS
1017 2573 1084 2609 iil.

771 2670 828 2704 De
857 2669 1128 2704 matrimonio.

138 2761 316 2798 Canones
343 2764 545 2798 1012-1018
609 2791 615 2799 .

130 2820 342 2866 Inscriptio
368 2822 480 2857 tituli
498 2850 505 2857 .

133 2879 236 2915 Ordo
254 2880 369 2914 -inter
395 2892 564 2916 canones
589 2881 884 2926 praeliminares
936 2908 943 2914 .

129 2938 371 2972 Sacramenti
399 2939 638 2974 matrimonii
664 2939 819 2984 propria
845 2943 939 2973 nota
1044 2966 1051 2973 .
1156 2968 1161 2973 .
1265 2967 1271 2973 .
1374 2966 1382 2974 .
1486 2968 1491 2974 .
1552 2942 1638 2976 1012

215 3011 311 3040 Bon*
333 3026 351 3033 -
377 3010 499 3039 Comm.
529 3012 610 3040 Text.
638 3012 712 3041 Cod.
738 3012 811 3041 Iur.
836 3012 916 3040 Can.
1634 3014 1674 3042 43

1697 1089 1767 1124 470

1698 1207 1764 1242 471

1698 1325 1767 1360 472

1722 1397 1740 1418 ))

1699 1444 1768 1478 473

1697 1669 1765 1704 474

1697 1787 1765 1822 475

1697 1846 1766 1881 478

1697 1906 1766 1941 479

1695 1966 1765 1999 480

1693 2199 1763 2234 482

1693 2435 1762 2469 483

1690 2825 1759 2858 485

1690 2883 1758 2917 486
