1971 3261
168 113 241 148 256
566 113 651 147 Lm.
677 113 748 147 III.
778 133 790 138 -
818 112 928 147 PARS
953 113 984 147 Ι.
1013 134 1027 139 -
1053 113 1110 149 De
1135 113 1400 149 Sam-amentis
1564 128 1568 130 ’
1607 115 1700 152 Gan.
1727 117 1797 153 893

167 247 382 285 senarum,
405 233 457 277 ol)
491 233 779 277 diversitatem
817 235 1157 290 reservationum,
1180 239 1222 277 ut
1245 237 1386 290 postea
1424 234 1672 290 videbimus,
1696 242 1802 280 esset

167 305 354 348 delinitio
387 303 567 360 amplior
599 304 895 346 reservationis
926 315 1111 346 casuum.
1155 303 1342 362 Denique
1377 318 1401 346 α
1439 302 1612 348 Pastore
1642 319 1799 364 compe-

170 380 280 418 tente
310 374 453 433 factm·
487 387 565 417 non
601 376 708 416 enim
749 375 1054 417 reservationes
1087 375 1323 430 praedictae
1347 375 1434 418 lieri
1462 379 1630 431 possunt
1652 388 1672 419 a
1696 389 1797 434 quo-

165 460 361 504 cumque,
394 447 463 503 qui
501 444 653 501 polleat
688 443 970 487 iurisdictione
1004 446 1042 487 in
1078 445 1164 488 foro
1197 450 1382 500 externo,
1407 447 1482 489 nisi
1518 448 1631 489 iuxta
1656 446 1795 491 Eccle-

165 519 249 560 siae
283 516 602 559 ordinationem.

222 617 226 621 ’
284 621 343 657 Hie
371 622 502 657 utiliter
533 626 773 656 memorantur
798 621 968 667 quaedam
991 625 1102 666 partes
1120 623 1174 656 eis
1194 621 1213 656 7
1233 621 1436 657 doctrinalis
1454 621 1548 658 Dec.i
1567 621 1673 659 Cone.
1696 622 1790 658 Trid.

166 681 200 715 in
228 692 311 716 sess.
342 680 437 717 XlV:
528 694 542 712 «
564 680 771 726 Magnopere
799 691 876 715 vero
901 680 945 715 ad
971 680 1152 715 christiani
1194 680 1309 727 populi
1350 681 1576 727 disciplinam
1606 682 1791 728 pertinere,

160 740 394 774 sanctissimis
422 739 582 785 patribus
610 739 736 774 nostris
756 739 868 774 visum
887 743 949 780 est,
968 743 1003 774 ut
1021 739 1191 774 atrociora
1210 739 1393 785 quaedam,
1411 745 1444 775 et
1461 741 1622 784 graviora
1644 741 1793 777 crimina

163 811 231 835 non
259 810 279 834 a
305 798 500 844 quibusvis,
530 798 589 833 sed
618 809 638 833 a
664 798 812 833 summis
838 798 1017 833 dumtaxat
1043 798 1278 833 sacerdotibus
1296 797 1578 834 absolverentur:
1610 800 1702 836 unde
1721 811 1790 836 me«

161 860 226 894 rito
255 857 438 893 Pontifices
467 857 607 892 Maximi
638 868 696 903 pro
722 868 883 903 suprema
913 861 1077 902 potestate
1103 857 1167 891 sibi
1208 857 1242 891 in
1281 856 1432 892 Ecclesia
1459 858 1623 893 universa
1649 859 1790 902 tradita,

158 930 283 955 causas
308 918 444 963 aliquas
472 917 662 952 criminum
689 917 862 961 graviores
889 927 950 952 suo
978 921 1164 962 potuerunt
1193 916 1357 963 peculiari
1400 917 1527 953 iudicio
1561 927 1789 953 reservare».

160 979 200 1014 Et
226 978 309 1013 hine
337 977 470 1023 primns
501 977 617 1012 Pastor
643 981 855 1022 competens.
889 990 903 1008 «
925 975 1041 1021 Neque
1058 976 1291 1011 dubitandum
1312 981 1374 1020 est,
1397 976 1537 1021 quando
1555 977 1686 1018 omnia,
1704 987 1792 1022 quae

159 1049 178 1073 a
210 1037 277 1072 Deo
302 1030 409 1077 sunt)
425 1036 589 1071 ordinata
616 1040 709 1076 sunt,
736 1036 821 1081 quin
849 1035 912 1070 hoc
932 1035 1021 1070 idem
1043 1034 1219 1081 Episcopis
1237 1035 1402 1070 omnibus
1422 1035 1456 1069 in
1476 1046 1538 1070 sua
1557 1035 1682 1081 cuique
1699 1035 1790 1071 dioe-

156 1097 236 1137 cesi,
264 1096 299 1130 in
326 1095 607 1131 aedificationem
636 1099 766 1135 tamen,
798 1106 866 1129 non
894 1095 930 1129 in
958 1094 1231 1130 destructionem
1259 1094 1372 1130 liceat.
1395 1105 1454 1139 pro
1474 1094 1544 1128 illis
1572 1094 1607 1128 in
1634 1094 1790 1130 subditos

156 1156 284 1191 tradita
310 1166 415 1200 supra
454 1154 610 1199 reliquos
650 1154 829 1189 inferiores
866 1154 1062 1189 sacerdotes
1099 1153 1312 1194 auctoritate,
1343 1153 1543 1199 praesertim
1572 1153 1686 1199 quoad
1715 1154 1786 1196 illa,

158 1204 285 1260 quibus
310 1213 687 1249 excommunicationis
705 1224 851 1248 censura
870 1213 1003 1248 adnexa
1022 1216 1072 1247 est
1092 1226 1124 1247 ».
1155 1211 1192 1247 Et
1212 1216 1314 1254 reete,
1335 1223 1415 1247 nam
1437 1212 1472 1246 in
1491 1212 1650 1247 censuris
1669 1212 1788 1247 omnia

157 1273 333 1319 pertinent
359 1273 401 1307 ad
429 1273 564 1307 clavem
592 1272 850 1307 iurisdictionis

277 1368 375 1410 2¹8.
400 1369 539 1413 Ordo
575 1381 813 1413 canonum
837 1379 1015 1424 sequens
1038 1371 1119 1410 est:
1154 1379 1243 1410 can.
1269 1366 1351 1409 893
1377 1367 1565 1422 designat
1588 1365 1787 1409 habentes

157 1441 195 1481 in
230 1438 414 1482 Ecclesia
452 1442 698 1493 potestatem
735 1440 1039 1480 reservationes
1071 1437 1293 1493 statuendi,
1316 1450 1419 1494 quas
1452 1437 1595 1480 delinit
1628 1448 1785 1480 earum·

153 1523 236 1567 que
269 1509 577 1552 distinctionem
613 1510 743 1550 innuit
789 1510 945 1551 ratione
990 1510 1207 1561 materiae3
1242 1521 1336 1551 cum
1370 1507 1450 1550 alio
1483 1506 1559 1551 sub
1595 1513 1783 1563 respectu

152 1580 381 1623 divisiones
416 1581 592 1621 inveniri
631 1577 1138 1635 possintinsequentibus
1171 1577 1412 1633 canonibus,
1447 1590 1539 1621 nam
1575 1591 1666 1621 can.
1700 1578 1782 1621 894

154 1652 340 1694 enuntiat
378 1665 397 1690 ((
424 1654 641 1705 peccatum
676 1649 849 1692 Sanctae
881 1649 975 1692 Sedi
1012 1654 1334 1704 reservatum»,
1370 1661 1458 1692 can.
1495 1649 1578 1691 895
1614 1648 1780 1691 modum

151 1723 293 1765 statuit
325 1720 581 1763 servandum
619 1722 656 1762 in
690 1719 907 1763 statuenda
944 1722 1226 1763 reservatione
1261 1733 1281 1762 a
1316 1719 1502 1779 locorum
1535 1716 1781 1776 Ordinariis,

148 1797 191 1836 et
223 1803 311 1835 can.
348 1792 430 1833 896
467 1802 488 1833 a
521 1789 812 1846 Superioribus
847 1789 1107 1846 religionum.
1148 1789 1318 1834 «Casus
1353 1789 1638 1833 reservandi»
1678 1792 1781 1846 posi-

150 1865 235 1906 tive
268 1874 315 1905 ac
348 1863 545 1918 negative
579 1862 909 1904 determinantur
942 1863 980 1903 in
1017 1873 1105 1904 can.
1142 1861 1238 1916 897,
1276 1861 1372 1915 898,
1408 1873 1508 1904 cura
1541 1857 1781 1904 Ordinario-

151 1947 241 1976 rum
275 1935 480 1976 excitatur
514 1945 774 1989 consequens
808 1930 1163 1975 reservationibus
1194 1933 1370 1986 statutis,
1394 1936 1433 1974 et
1457 1929 1628 1974 facultas
1650 1929 1779 1974 ahsol-

152 2004 273 2047 vendi
309 2006 396 2046 iure
420 2003 665 2046 conceditur
700 2006 737 2045 in
772 2015 860 2045 can.
887 2003 986 2056 899,
1009 2002 1107 2046 dum
1134 2007 1366 2059 postremus
1388 2014 1477 2046 ean.
1504 2001 1587 2044 900
1614 2014 1780 2045 enume-

150 2079 210 2117 rat
243 2076 576 2117 circumstantias
608 2073 797 2117 diversas
831 2076 868 2116 in
903 2073 1053 2130 quibus
1081 2075 1353 2116 «reservatio
1381 2074 1491 2116 omni
1529 2074 1565 2114 vi
1600 2077 1713 2115 caret
1735 2088 1776 2115 )).

267 2146 311 2188 ⁶21
326 2146 364 2188 9.
377 2147 587 2197 Quinam
608 2148 826 2190 habeant
843 2148 1139 2201 potestatem
1158 2146 1446 2190 reservandi
1465 2158 1624 2196 casus,
1635 2146 1776 2189 huius

145 2218 501 2263 reservationis
535 2218 670 2261 notio
702 2229 762 2261 ac
793 2217 986 2261 divisio.
1009 2241 1035 2246 —
1058 2214 1158 2259 Cum
1184 2217 1222 2257 in
1247 2227 1337 2259 can.
1365 2215 1463 2267 199,
1485 2215 1503 2264 ξ
1530 2214 1544 2256 1
1576 2218 1773 2258 statutum

144 2289 218 2329 sit:
259 2302 278 2327 r(
302 2285 380 2339 Qui
418 2286 717 2329 iurisdictionis
761 2290 1004 2342 potestatem
1049 2284 1172 2328 habet
1215 2285 1483 2331 ordinariam,
1520 2288 1651 2341 potest
1683 2296 1772 2327 eam

143 2357 260 2400 alteri
296 2370 344 2400 ex
382 2361 464 2399 toto
505 2356 566 2399 vel
599 2370 649 2399 ex
686 2361 799 2413 parte
833 2355 1041 2412 delegare,
1076 2358 1152 2398 nisi
1191 2355 1302 2399 aliud
1347 2368 1541 2412 expresse
1585 2357 1673 2398 iure
1706 2367 1772 2398 ca-

146 2432 290 2471 veatur
316 2443 354 2479 )),
388 2431 695 2484 consequenter
728 2439 916 2470 normam
959 2425 1195 2482 generalem
1234 2428 1376 2470 statuit
1407 2439 1493 2470 σαν.
1532 2426 1639 2470 893.
1671 2425 1698 2483 ξ
1733 2425 1772 2469 1.

146 2498 230 2551 Qm'
262 2497 303 2554 a)
336 2497 561 2541 ordinario
596 2498 689 2540 iure
721 2497 898 2541 scilicet:
940 2510 1035 2540 «ex
1072 2501 1270 2553 potestate
1304 2499 1391 2553 ipso
1416 2499 1504 2539 iure
1528 2496 1690 2539 adnexa
1713 2496 1771 2538 of-

141 2570 235 2611 ficio
259 2583 279 2609 »
319 2568 426 2625 (can.
466 2568 566 2625 196)
603 2567 645 2624 b)
678 2566 1081 2625 possunt'audiendi
1103 2566 1385 2624 confessiones
1404 2571 1653 2624 potestatem
1677 2579 1769 2608 con,-

141 2638 296 2692 cedere,
331 2638 514 2682 scilicet:
555 2654 574 2679 «
599 2636 848 2682 Ordinarius
882 2637 957 2680 loci
989 2639 1026 2680 in
1071 2639 1489 2694 quoexeipiuntur»
1529 2636 1637 2694 (can.
1673 2635 1770 2692 874,

141 2711 165 2763 ἓ
200 2709 237 2763 1,
273 2709 369 2760 876,
403 2711 427 2762 ἓ
464 2709 506 2765 ⁶2)
541 2714 581 2752 et
619 2724 639 2749 «
664 2712 701 2751 in
736 2709 934 2765 religione
968 2707 1151 2751 clericali
1184 2712 1376 2764 exempta
1421 2707 1469 2751 ad
1511 2706 1771 2763 recipiendas

139 2780 416 2822 consessiones
452 2779 746 2835 professorum,
781 2780 1049 2830 novitiorum,
1083 2777 1316 2821 aliorumve
1349 2778 1400 2821 de
1432 2776 1583 2835 quibus
1616 2778 1654 2819 in
1679 2788 1769 2820 can.

139 2849 238 2902 514,
270 2849 297 2905 ξ
330 2849 399 2891 1...
436 2851 629 2906 proprius
660 2862 825 2906 quoque
859 2848 1103 2892 eorumdem
1139 2848 1347 2904 Superior,
1382 2848 1431 2891 ad
1467 2859 1653 2890 normam
1678 2859 1771 2890 con-
