1971 3261
245 144 338 180 Gan.
366 142 523 178 804—805
626 143 711 176 T1T.
741 141 814 175 111.
843 161 855 166 -
883 141 939 176 De
964 142 1216 175 sanctissima
1244 141 1496 175 Eucharistia
1812 142 1878 176 109

239 265 505 320 exceptione:
554 261 638 304 nisi
671 266 828 318 ayatecr
859 258 910 303 de
943 258 1220 302 admittendis
1251 259 1540 303 sacerdotibus
1564 264 1775 304 extraneis
1822 263 1872 306 ad

235 333 531 378 celebrandum
556 331 772 389 reliqiosis
796 331 1019 386 (exemptis
1046 330 1108 372 vel
1135 334 1229 385 non)
1253 330 1296 373 in
1321 330 1496 374 ecelesia
1521 345 1623 373 suae
1650 331 1874 389 rele'yiom's

235 405 285 448 ad
321 416 508 448 normam
543 416 634 447 can.
669 403 767 457 488,
806 402 862 456 10,
896 414 1022 459 qnam
1059 402 1226 457 professi
1261 406 1370 456 sunt,
1419 407 1542 460 atque
1592 403 1740 446 domus
1787 403 1875 447 reli-

237 478 378 532 giosae
411 475 461 518 ad
496 476 615 518 cuius
647 473 845 517 familiam
882 485 960 515 non
998 474 1218 528 pertinent.

357 546 452 590 109.
489 546 761 591 Peculiaris
809 546 890 590 lex
934 546 996 589 de
1045 544 1391 588 sacerdotibus
1438 544 1578 586 trans
1622 544 1870 591 Oceanum

234 619 565 675 migrantibus
601 618 712 672 viget
745 628 870 672 quam
904 614 1190 658 subnectimus
1223 626 1273 656 ex
1304 611 1420 655 Dec⁰.
1446 611 1483 655 S.
1509 611 1658 667 Congr.
1683 613 1868 659 Con-*ists

239 705 258 730 (t
284 688 419 744 Magni
443 700 609 744 semper
632 688 826 743 negotii»
851 686 878 726 ¹.
918 701 937 726 c(
957 685 1216 738 Sacerdotes,
1242 685 1366 727 etiam
1393 682 1573 739 religiosi
1604 680 1872 725 exclaustratt

234 765 303 804 aut
336 759 619 803 saecularizati
655 771 703 801 ex
742 757 904 813 Europa
941 755 1003 799 vet
1039 770 1087 799 ex
1126 754 1416 798 Mediterranei
1452 755 1535 797 oris
1559 753 1607 796 ad
1635 753 1871 795 Americani

235 831 299 875 vel
333 831 382 874 ad
420 830 572 873 insulas
609 829 862 885 l'hilippinas
896 830 1136 884 migrantes,
1171 825 1325 883 aliique
1360 824 1422 868 his
1455 826 1712 882 aequiparati
1749 826 1786 866 in
1812 836 1874 867 ca-

234 904 316 959 pite
349 901 418 945 lll⁰
454 900 617 945 Decreti
652 903 720 958 qui
759 899 870 942 hisce
905 898 1051 941 litteris
1084 897 1253 954 (nempe
1297 894 1656 939 discessorialibus
1678 895 1873 950 specifica

231 974 362 1016 forma
395 973 607 1027 confectis,
643 976 684 1014 ut
720 973 756 1013 in
793 983 904 1013 num.
942 969 984 1012 2⁰
1019 968 1182 1012 Deci·eti
1221 967 1468 1024 explicatur,
1492 979 1611 1009 secus
1636 965 1712 1008 hae
1737 963 1873 1007 nullae

233 1043 479 1096 habeantur)
516 1043 577 1086 vel
616 1042 781 1085 licentia
816 1041 871 1097 (S.
905 1039 1070 1097 Congr⁸.
1105 1038 1294 1083 Consistffi
1331 1051 1403 1094 pro
1428 1037 1551 1091 ltalis,
1577 1036 1733 1093 Aplcae
1756 1035 1874 1079 Sedis

233 1115 372 1172 Legati
408 1128 480 1171 pro
515 1113 709 1170 Hispanis
741 1118 780 1156 et
815 1112 1037 1168 Lusitanis)
1074 1114 1229 1164 carent,
1265 1109 1314 1152 ad
1350 1110 1456 1151 sacri
1504 1108 1721 1150 ministerii
1761 1119 1874 1149 exer-

232 1188 375 1230 citium
409 1185 569 1228 admitti
604 1182 857 1240 nequibunt:
907 1183 976 1239 qui
1016 1194 1113 1224 vero
1148 1182 1196 1222 iis
1231 1178 1397 1235 pollent,
1442 1178 1715 1221 admittentur
1748 1179 1870 1220 etiam

233 1259 271 1300 in
308 1256 407 1299 locis
441 1257 650 1309 transitus,
684 1256 760 1297 nisi
798 1252 1020 1309 peculiaris
1053 1251 1190 1308 aliqua
1215 1250 1547 1293 extraordinaria
1579 1250 1682 1291 ratio
1717 1247 1775 1304 (r.
1811 1261 1872 1303 gr.

232 1329 345 1370 iuxta
379 1327 670 1382 exceptionem
705 1324 782 1367 sub
804 1325 848 1378 §⁰
876 1324 919 1366 1²
942 1328 1046 1367 can⁸.
1074 1320 1246 1378 praec⁸.)
1270 1320 1455 1375 obsistat,
1496 1319 1553 1376 (et
1587 1319 1723 1376 quoad
1760 1317 1869 1360 illam

230 1397 525 1441 admissionem
559 1401 619 1439 est
654 1394 923 1451 intelligenda
957 1406 1137 1450 sequens
1169 1390 1395 1447 conditio):
1439 1393 1471 1434 si
1508 1390 1660 1433 ibidem
1699 1390 1871 1431 intirmi-

231 1471 325 1512 tatis
358 1473 426 1512 aut
459 1467 538 1511 alia
573 1469 677 1510 iusta
711 1478 837 1510 causa
871 1466 1122 1509 commorari
1158 1476 1382 1520 parumper
1415 1464 1547 1505 coacti
1582 1462 1790 1504 suerint».

351 1539 448 1584 110.
485 1540 557 1585 De
599 1540 909 1595 obligatione
953 1537 1237 1582 celebrandi
1281 1536 1329 1579 in
1372 1547 1518 1579 anno.
1557 1558 1583 1562 -
1621 1531 1721 1575 Can.
1762 1533 1870 1574 805.

231 1609 479 1654 Sacerdotes
512 1622 593 1667 qua
627 1609 742 1664 tales,
765 1608 892 1652 idest:
928 1620 977 1650 ex
1015 1607 1161 1649 ordine
1186 1607 1265 1649 iam
1291 1609 1499 1661 suscepte,
1520 1603 1693 1660 proinde
1717 1616 1871 1654 omnes,

230 1683 390 1725 etiamsi
425 1694 504 1724 non
541 1679 720 1724 habeant
752 1691 895 1723 curam
931 1680 1181 1732 animarum,
1216 1675 1474 1733 obliqatione
1509 1677 1609 1718 iuris
1647 1674 1777 1717 dixini
1816 1679 1868 1715 le-

229 1757 384 1795 ventur
417 1751 594 1795 Sacrum
627 1749 798 1804 litandi,
834 1749 912 1793 hoc
945 1753 1028 1792 est:
1067 1747 1212 1791 Missae
1235 1746 1487 1790 sacrificium
1514 1744 1753 1789 celebrandi
1775 1743 1868 1801 plu-

229 1822 314 1866 ries
332 1835 412 1881 per
434 1836 605 1867 annum.
631 1821 718 1865 Non
743 1821 1051 1864 determinatur
1074 1820 1250 1876 quoties,
1274 1817 1345 1861 sed
1380 1830 1459 1860 non
1484 1817 1695 1860 sufficeret
1725 1832 1744 1856 «
1767 1815 1865 1859 bis»

220 1895 344 1938 ,iuxta
378 1883 566 1951 reguiam
603 1894 704 1936 iuris
727 1891 819 1935 XL:
849 1908 871 1933 «
892 1890 1066 1934 Pluralis
1101 1889 1253 1933 locutio
1287 1889 1465 1932 duorum
1491 1901 1666 1930 numero
1690 1892 1749 1930 ost
1774 1900 1868 1930 con-

229 1969 404 2019 tenta»,
440 1977 533 2008 nam
567 1966 600 2007 si
637 1964 713 2007 hoc
751 1962 948 2006 voluisset
982 1961 1208 2018 legistator,
1231 1961 1470 2016 expressius
1497 1958 1637 2002 dicere
1672 1960 1869 2015 potuisset

233 2035 340 2079 «bis
371 2035 580 2091 saltem»,
617 2039 659 2078 ut
692 2034 794 2078 alias
826 2035 1030 2090 scriptum
1065 2036 1149 2084 est;
1184 2034 1224 2074 et
1245 2029 1496 2074 adverbium
1525 2045 1547 2071 «
1572 2029 1770 2085 pluries»
1800 2028 1867 2071 de-

227 2108 365 2163 signat
400 2108 566 2163 proprie
600 2107 800 2149 maiorem
836 2117 1075 2157 numerum,
1112 2116 1149 2147 v.
1185 2115 1245 2159 gr.
1281 2101 1426 2145 saltem
1461 2109 1641 2158 quatuor
1675 2102 1713 2142 in
1748 2112 1868 2151 anno,

228 2177 457 2221 secundum
502 2182 627 2234 caput
665 2193 688 2219 α
712 2176 952 2219 Dolentes»
991 2174 1042 2217 de
1086 2172 1369 2217 celebratione
1414 2174 1634 2215 missarum
1676 2170 1761 2228 (lll,
1795 2170 1868 2226 41)

230 2247 299 2292 ubi
331 2251 533 2305 scriptum
568 2253 650 2292 est:
691 2263 712 2289 <c
735 2248 839 2291 Sunt
871 2250 911 2290 et
945 2245 1013 2289 alii
1049 2247 1118 2302 qui
1153 2243 1371 2287 Missarum
1415 2242 1615 2286 solemnia
1658 2245 1726 2284 vix
1762 2241 1868 2285 cele-

228 2318 351 2363 brant
384 2325 532 2378 quater
557 2322 594 2362 in
620 2332 752 2363 anno:
786 2323 823 2361 et
858 2317 988 2375 (quod
1015 2317 1200 2360 deterius
1223 2314 1299 2370 est)
1323 2316 1524 2357 interesse
1553 2317 1867 2358 contemnunt...

228 2395 268 2433 et
301 2392 451 2434 infra...
485 2390 598 2434 Haec
623 2392 749 2446 igitur
772 2394 809 2432 et
833 2388 985 2432 similia
1009 2386 1086 2430 sub
1111 2398 1242 2443 poena
1265 2386 1548 2442 suspensionis
1573 2385 1736 2441 penitus
1766 2382 1869 2426 inhi-

229 2460 433 2506 bemus».
460 2461 507 2505 Et
540 2461 636 2505 huic
672 2473 847 2504 numero
881 2457 1125 2515 adstipulari
1164 2456 1345 2510 videtur,
1367 2455 1535 2513 quando
1561 2468 1633 2511 pro
1657 2467 1730 2497 suo
1765 2459 1867 2496 tem-

229 2545 328 2589 pore
375 2535 434 2576 sic
483 2533 680 2591 loquutus
723 2536 784 2575 est
828 2530 872 2575 D.
907 2529 1086 2572 Thomas
1121 2526 1301 2584 probans
1351 2526 1457 2569 hanc
1504 2524 1866 2581 obligationem2:

234 2618 254 2644 c<
279 2606 566 2662 unusquisqne
601 2607 764 2647 tenetur
799 2604 855 2645 uti
890 2602 1024 2658 gratia
1056 2599 1133 2642 sibi
1168 2599 1278 2653 data,
1302 2611 1397 2642 cum
1422 2598 1546 2641 fuerit
1569 2601 1868 2652 opportunum,

227 2674 456 2718 secundum
493 2674 593 2718 illud
620 2673 658 2719 3;
695 2675 718 2694 “
743 2672 1025 2716 Exhortamur
1059 2683 1108 2713 ne
1142 2672 1182 2712 in
1219 2681 1397 2712 vacuum
1443 2669 1619 2724 gratiam
1656 2666 1727 2709 Dei
1765 2667 1866 2709 reci-

231 2746 350 2801 piatis
374 2779 411 2797 .,.
447 2743 747 2802 Opportunitas
782 2748 922 2787 autem
955 2742 1210 2784 sacrificium
1244 2739 1446 2783 offerendi
1474 2750 1551 2780 non
1576 2737 1709 2780 solum
1735 2741 1866 2779 atten-

346 2851 357 2872 1
384 2849 430 2884 30
456 2849 547 2885 Dec.
576 2850 677 2884 1918.
705 2848 783 2891 co,
812 2847 886 2888 XI,
913 2847 972 2881 41.
1001 2864 1044 2872 -
1070 2845 1084 2867 ³
1110 2845 1152 2878 ea
1179 2844 1223 2878 P.
1257 2855 1295 2889 q.
1328 2842 1521 2876 LXXXII
1548 2853 1581 2875 a.
1620 2843 1660 2874 io
1691 2852 1793 2884 corp.
1823 2860 1866 2864 —

229 2896 242 2918 ³
269 2896 308 2930 11
334 2896 381 2931 aa
408 2897 584 2932 Corinth.
614 2897 682 2940 η,
714 2898 746 2930 1.
