1971 3261
194 146 288 183 Can.
317 146 382 181 757
749 144 831 179 TIT.
858 144 889 178 Ι.
920 165 930 169 -
958 144 1015 179 De
1040 145 1246 189 Bctptz’smo
1787 145 1830 178 51

198 266 470 320 Pentecostes,
507 269 626 321 prout
661 267 698 307 in
735 263 967 308 Missam...
1004 262 1065 306 Ad
1103 263 1125 306 3
1152 265 1347 320 negative
1365 265 1415 307 ad
1443 266 1617 320 primam
1646 269 1827 320 partem;

196 336 457 380 Affirmative
490 336 540 379 ad
575 334 866 379 secundam».

315 406 420 450 Huic
455 407 710 463 responsioni
746 405 936 449 limitatio
970 407 1165 449 statuitur
1200 408 1236 448 in
1272 405 1352 449 aiio
1389 405 1561 449 Decreto
1593 407 1632 449 S.
1667 404 1709 449 C.
1744 406 1788 450 R.
1817 405 1829 428 ¹

200 477 344 522 «Dub.
381 477 444 520 ΙΙΙ.
479 477 541 520 An
576 490 671 520 cum
707 489 813 520 nova
847 473 950 521 Olea
984 488 1100 520 sacra
1137 478 1409 533 recipiuntur,
1435 489 1542 520 nova
1566 489 1672 533 aqua
1699 476 1828 533 bapti-

194 548 336 592 smatis
369 549 606 592 consecrari
639 547 801 602 debeat,
840 546 902 590 vei
940 550 1075 603 potius
1106 559 1212 605 aqua
1249 549 1327 590 iam
1363 552 1482 591 antea
1507 562 1598 590 cum
1622 547 1827 591 veteribus

195 619 299 663 oleis
331 625 455 662 extra
489 618 712 663 Sabbatum
732 619 933 662 Sanctum
956 624 1216 670 consecrata,
1240 618 1376 662 adhuc
1401 621 1603 662 inservire
1629 619 1829 676 possut)...

195 690 257 734 Ad
294 690 357 734 111.
391 691 656 734 Affirmative
689 690 738 733 ad
776 692 951 746 primam
989 694 1173 746 partem3
1208 689 1413 747 Negative
1452 690 1501 733 ad
1537 691 1827 734 secundam».

313 761 373 804 Ex
410 760 527 805 Dec.⁰
552 760 831 818 praecedenti.
872 776 891 802 ((
916 761 955 804 4.
979 760 1124 805 Utrum
1151 763 1189 804 in
1214 761 1423 818 Baptismo
1447 761 1620 804 solemni
1648 762 1828 818 ungendi

194 835 278 876 sint
310 833 488 875 infantes
534 829 639 876 Oleo
673 836 712 875 et
745 830 977 876 Chrismate
1017 832 1306 888 praecedentis
1348 834 1457 888 anni,
1503 832 1600 875 dum
1644 836 1832 876 recenter

195 907 436 948 consecrata
471 916 550 946 non
586 902 822 946 habentur?
855 915 906 946 an
945 915 1042 946 vero
1075 903 1303 946 omittenda
1336 905 1388 946 sit
1420 902 1523 946 haec
1567 904 1830 946 caeremonia

196 979 236 1019 et
269 978 410 1031 postea
442 973 688 1031 supplenda,
722 986 848 1031 quum
895 986 1051 1017 novum
1096 971 1246 1018 Oleum
1282 977 1321 1017 et
1354 987 1509 1017 novum
1549 973 1737 1017 Chrisma
1774 987 1831 1017 re-

196 1047 481 1102 cipiantui·‘?...
518 1044 580 1088 Ad
616 1044 654 1087 4.
689 1044 951 1088 Affirmative
994 1044 1044 1088 ad
1090 1047 1265 1101 primam
1319 1049 1500 1100 partem,
1545 1043 1747 1101 Negative
1780 1044 1830 1087 ad

196 1116 424 1160 secundam
448 1131 489 1159 ».

320 1186 539 1231 Videretur
561 1190 712 1245 opponi
738 1188 1006 1244 responsiow.
1029 1185 1375 1243 praecedentibus
1398 1187 1449 1230 ad
1478 1188 1543 1230 t.¹¹²
1567 1192 1607 1230 et
1632 1187 1700 1231 ΞΡ
1722 1188 1831 1244 quod

198 1271 441 1315 responsum
477 1259 552 1301 fuit
584 1258 636 1302 ab
668 1257 813 1301 eadem
848 1258 887 1302 S.
922 1256 964 1302 C.
1000 1257 1077 1301 Rit.
1105 1256 1119 1278 ²
1158 1257 1259 1300 «Ad
1297 1257 1334 1302 3.
1369 1257 1449 1312 Qui
1488 1271 1586 1301 vcro
1621 1258 1832 1315 (Parecbi)

196 1333 291 1372 ante
324 1328 462 1372 Fontis
496 1327 827 1373 benedictionem
873 1324 976 1372 Olea
1019 1339 1138 1371 sacra
1180 1330 1366 1384 recipere
1411 1341 1488 1371 non
1526 1333 1732 1385 poterunt,
1767 1329 1832 1372 iila

196 1397 372 1442 subinde
407 1400 602 1455 privatim
636 1410 685 1442 ac
718 1400 941 1455 separatim
977 1399 1016 1440 in
1050 1410 1201 1455 aquam
1238 1400 1402 1442 mittere
1437 1403 1694 1455 poterunt».

313 1469 392 1513 Sed
427 1469 723 1513 concordantia
756 1482 903 1512 eorum
938 1468 1117 1512 traditur
1148 1468 1267 1513 nobis
1290 1469 1305 1492 3
1339 1482 1361 1512 3
1394 1470 1432 1513 S.
1465 1470 1507 1514 C.
1533 1469 1630 1525 Ru„
1655 1482 1835 1527 nempe:

202 1540 323 1584 «Pro
356 1540 600 1584 diversitate
643 1542 1053 1584 circumstantiarum
1100 1542 1138 1583 in
1184 1542 1301 1598 praxi
1348 1545 1571 1598 utrumque
1610 1540 1831 1586 Decretum

198 1610 255 1668 (n.
292 1610 419 1666 2436,
454 1610 633 1666 Lucana,
666 1616 707 1655 et
740 1624 780 1655 n.
815 1611 942 1666 2773,
978 1608 1184 1668 Orioien.)
1218 1614 1379 1655 servari
1405 1625 1546 1669 posse,
1572 1625 1667 1656 nam
1693 1614 1731 1655 in
1757 1611 1834 1656 Lu-

196 1694 299 1726 cana
332 1684 580 1739 supponitur
611 1682 721 1740 quod
757 1684 796 1725 in
830 1681 970 1740 aliquo
1003 1682 1171 1725 fortuito
1205 1694 1303 1726 casu
1336 1680 1440 1727 Olea
1463 1688 1606 1727 sancta
1629 1683 1679 1727 ad
1707 1682 1836 1727 breve

197 1757 363 1809 tempus
396 1753 681 1808 retardentur3
715 1757 755 1797 et
788 1755 827 1796 in
862 1749 1048 1797 Orioien.
1095 1752 1277 1811 loquitur
1320 1753 1371 1797 de
1413 1754 1653 1797 omnimoda
1690 1757 1836 1811 impos-

195 1822 392 1868 sibilitate
426 1823 607 1868 habendi
640 1821 744 1869 Olea
779 1829 920 1868 sancta
955 1837 977 1868 a
1013 1825 1179 1881 propria
1212 1822 1449 1869 Cathedrati
1493 1825 1555 1869 vei
1602 1837 1622 1869 a
1670 1827 1839 1869 vicinio-

198 1894 312 1939 ribus
348 1894 616 1939 Dioecesibus
641 1911 681 1936 ».

317 1969 342 2021 ᾖ
373 1967 418 2010 2.
452 1966 499 2009 Si
542 1980 653 2025 aqua
686 1965 915 2022 benedicta,
957 1966 1139 2011 scilicet:
1184 1966 1444 2024 baptismalis
1475 1981 1525 2011 ex
1564 1967 1691 2012 verbo
1725 1968 1835 2026 quod

197 2038 407 2094 sequitur:
456 2036 501 2080 in
544 2035 808 2095 baptisterio,
848 2042 888 2081 et
937 2037 987 2081 de
1026 2037 1104 2081 hoc
1138 2036 1251 2082 iubet
1284 2037 1364 2082 Rit.
1398 2037 1517 2082 Rom.
1543 2039 1557 2060 4
1597 2054 1617 2079 «
1642 2038 1838 2096 Baptiste·

200 2111 306 2152 rium
340 2110 392 2152 sit
423 2108 588 2152 decenti
624 2108 714 2153 ioco
746 2113 786 2153 et
819 2109 965 2163 forma,
1002 2111 1259 2166 materiaque
1291 2108 1439 2165 solida,
1472 2115 1512 2153 et
1545 2122 1651 2168 quae
1685 2123 1834 2166 aquam

200 2178 304 2223 bene
337 2181 559 2234 contineat,
594 2179 791 2223 decenter
823 2184 1032 2235 ornatum,
1065 2183 1103 2223 et
1137 2179 1334 2224 cancellis
1365 2183 1708 2238 circumseptum,
1745 2194 1836 2225 sera

200 2254 239 2293 et
272 2249 392 2293 clave
426 2252 646 2305 munitum,
680 2254 805 2309 atque
840 2252 893 2294 ita
927 2250 1180 2300 obseratum,
1225 2256 1267 2294 ut
1300 2251 1451 2308 pulvis,
1484 2257 1524 2296 et
1557 2252 1662 2297 aliae
1693 2252 1838 2297 sordes

200 2322 304 2364 intra
341 2333 420 2364 non
457 2325 686 2378 penetrent,
722 2323 761 2364 in
796 2334 944 2380 eoque,
968 2320 1037 2365 ubi
1062 2321 1281 2365 commode
1304 2322 1394 2365 fieri
1420 2326 1564 2379 potest,
1588 2322 1839 2380 depingatur

200 2392 338 2447 imago
371 2392 410 2436 S.
445 2391 608 2435 loannis
640 2390 848 2436 Christum
886 2391 1191 2449 baptizantis».
1236 2392 1366 2449 Igitur
1397 2395 1429 2436 si
1469 2406 1621 2451 «aqua
1667 2395 1705 2436 in
1740 2407 1832 2437 eo»

200 2461 304 2505 adeo
338 2461 395 2505 sit
427 2462 652 2506 imminuta
685 2462 870 2521 qualibet
905 2476 955 2507 ex
990 2475 1128 2514 causa,
1164 2468 1209 2506 ut
1241 2463 1380 2506 minus
1423 2463 1620 2507 videatur
1652 2463 1841 2522 sufficere

199 2545 250 2576 ex
286 2533 478 2590 prudenti
512 2533 679 2590 iudicio,
729 2533 820 2577 alia
868 2547 950 2578 non
998 2533 1214 2577 benedicta
1255 2533 1557 2591 admisceatur,
1595 2549 1677 2593 quo
1710 2533 1837 2578 semei

201 2603 321 2659 sacto,
355 2598 664 2661 propter'idem
711 2605 910 2649 iudicium
960 2605 1088 2648 etiam
1130 2604 1300 2660 iterato,
1343 2618 1423 2649 non
1459 2605 1629 2662 piuries‚
1664 2605 1740 2650 sub
1772 2618 1839 2649 cu-

201 2673 367 2718 iuslibet
398 2674 668 2719 admixtionis
702 2676 965 2719 conditione:
1013 2675 1173 2718 minore
1216 2680 1355 2719 {anien
1389 2676 1509 2734 copia
1544 2681 1732 2733 respectu
1768 2675 1840 2719 ha-

321 2781 332 2802 1
361 2780 404 2814 19
429 2781 521 2825 Apr.
552 2781 657 2825 1890,
686 2793 726 2816 n.
754 2781 863 2817 3724.
894 2801 936 2806 -
964 2781 977 2803 2
1006 2782 1049 2815 12
1075 2781 1168 2826 Apr.
1212 2781 1317 2826 1755,
1358 2794 1398 2816 n.
1426 2783 1532 2817 2436.
1566 2802 1605 2807 -
1634 2783 1647 2805 ³
1674 2782 1836 2817 Conect.

203 2826 240 2861 S.
270 2826 311 2862 c.
342 2826 388 2862 ae
415 2827 458 2879 P.
488 2827 531 2862 F.
562 2829 605 2862 12
631 2829 735 2874 Aug.
767 2829 872 2864 1854.
902 2849 944 2854 -
972 2830 985 2850 ⁴
1013 2828 1091 2863 Tit.
1116 2828 1148 2862 1.
1177 2828 1219 2863 c.
1249 2829 1268 2862 Ι
1294 2841 1332 2863 n.
1362 2830 1421 2864 30.
