1971 3261
148 91 218 124 194
549 90 636 124 Lm.
665 90 737 124 ΙΠ.
766 111 778 115 -
806 90 917 124 PARS
941 90 972 124 Ι.
1002 110 1016 116 -
1041 91 1099 126 De
1123 91 1391 127 &aeramentis
1588 92 1682 129 Can.
1709 93 1784 129 859

147 207 254 244 Conc.
284 208 423 249 Trid.1,
452 208 543 254 quod
570 212 602 243 et
628 207 788 243 definivit
813 207 876 251 (ib.
906 207 943 242 in
969 219 1047 243 can.
1075 208 1134 250 1);
1168 222 1184 241 «
1203 207 1238 244 Si
1266 209 1345 255 quis
1370 209 1508 252 dixerit,
1533 221 1573 246 ex
1602 210 1660 246 Dei
1680 221 1785 257 prae·

146 272 257 314 cepto,
286 268 339 303 vel
366 267 573 303 necessitate
600 267 722 302 salutis
749 278 881 309 omneS,
911 272 943 303 et
969 267 1126 313 singulos
1152 267 1282 304 Christi
1323 268 1439 305 fideles
1477 274 1662 316 utramque
1699 281 1776 317 spe-

141 327 230 362 ciem
257 326 467 362 sanctissimi
495 325 725 361 eucharistiae
750 326 958 362 sacramenti
986 338 1123 363 sumere
1149 327 1284 369 debere,
1309 328 1499 364 anathema
1526 328 1570 364 sit
1592 343 1624 363 υ.
1657 350 1698 355 —-
1731 329 1782 365 De

143 385 206 421 hoc
232 385 337 430 igitur
363 386 437 420 iure
462 385 581 420 divino
607 384 824 430 explicando,
861 385 899 420 D.
941 385 1092 421 Thomas
1129 387 1316 433 respondet
1334 387 1347 410 ²
1390 387 1627 429 «dicendum,
1665 388 1771 434 quod,

142 444 231 479 sicut
257 455 361 490 supra
387 444 513 480 dictum
541 448 603 484 est,
634 443 759 490 duplex
786 448 837 479 est
864 444 986 480 modus
1013 445 1229 491 percipiendi
1258 446 1321 481 hoc
1347 452 1622 488 sacramentum,
1645 446 1782 483 scilicet.

143 503 334 549 spiritualis
359 507 391 538 et
417 503 694 538 sacramentalis.
724 503 949 539 Manifestum
974 509 1026 539 est
1050 509 1167 540 autem
1195 505 1286 551 quod
1314 516 1436 542 omnes
1463 510 1627 542 tenentur
1654 506 1779 542 saltem

143 562 369 608 spiritualiter
396 562 620 605 manducare⁷
665 562 747 608 quia
787 563 851 598 hoc
888 568 939 599 est
978 561 1116 599 Christo
1150 564 1378 610 incorporari.
1420 563 1621 611 Spiritualis
1660 571 1780 602 autem

143 620 367 656 manducatio
394 620 543 656 includit
570 626 688 656 votum
715 633 774 657 seu
813 621 1025 658 desiderium
1067 623 1280 669 percipiendi
1319 623 1385 659 hoc
1426 629 1700 667 sacramentum,
1741 629 1780 660 ut

141 691 246 726 supra
271 680 403 715 dictum
429 685 493 716 est.
524 680 563 715 Et
589 680 665 716 ideo
691 681 768 716 sine
795 686 873 717 voto
902 681 1117 728 percipiendi
1153 682 1217 718 hoc
1259 688 1519 718 sacramentum
1558 694 1629 719 non
1668 688 1780 730 potest

142 739 274 774 homini
302 750 376 775 esse
402 739 509 775 salus.
540 761 582 765 —
613 739 754 775 Frustra
779 745 895 776 autem
922 746 1011 776 esset
1037 746 1169 782 votum,
1208 741 1276 776 nisi
1311 742 1518 788 impleretur
1550 743 1691 789 quando
1724 754 1784 790 op·

142 797 336 843 portunitas
362 798 510 834 adesset.
540 797 579 833 Et
606 798 682 834 ideo
709 799 936 834 manifestum
963 804 1015 835 est
1041 800 1133 846 quod
1160 800 1263 836 homo
1281 805 1419 836 tenetur
1437 800 1499 836 hoc
1518 807 1776 837 sacramentum

139 867 287 898 sumere,
314 868 384 892 non
411 857 525 892 solum
551 869 589 893 ex
617 862 745 893 statuto
771 857 945 894 Ecclesiae
971 859 1030 894 sed
1051 870 1091 894 ex
1108 859 1274 895 mandato
1292 858 1431 895 Domini
1452 859 1647 895 dicentisss:
1673 874 1687 893 α
1703 860 1779 897 Hoc

141 915 240 951 facite
266 916 302 950 in
333 927 445 952 meam
471 917 852 952 commemorationem
874 932 906 952 ».
939 917 983 952 Ex
1011 922 1141 953 statuto
1166 923 1283 953 autem
1311 917 1482 954 Ecclesiae
1508 924 1590 954 sunt
1616 919 1778 955 determi—

140 978 222 1009 nata
248 979 405 1021 tempora
430 975 623 1021 exequendi
653 975 783 1011 Christi
815 981 1086 1023 praeceptum».
1590 1021 1599 1031 ·

233 1033 300 1069 Sed
333 1048 347 1066 «
368 1035 560 1070 secundum
590 1039 718 1070 statum
749 1035 924 1071 Ecclesiae
951 1035 1087 1071 diversa
1114 1036 1203 1071 circa
1240 1036 1303 1072 hoc
1341 1040 1470 1072 statuta
1507 1042 1772 1073 emanaverunt.

138 1091 224 1127 Nam
243 1094 257 1115 4
284 1092 318 1126 in
346 1093 526 1138 primitiva
553 1093 717 1135 Ecclesia,
747 1094 890 1140 quando
917 1105 1047 1139 magna
1085 1094 1223 1140 vigebat
1260 1095 1396 1130 devotio
1435 1095 1512 1131 fidei
1551 1095 1777 1137 christianae,

137 1155 306 1187 statutum
335 1151 399 1187 fuit
425 1156 462 1187 ut
489 1153 644 1199 quotidie
673 1153 791 1188 fideles
819 1154 1136 1195 communicarent,
1163 1154 1258 1190 unde
1292 1154 1482 1190 Anacletus
1521 1155 1613 1201 Papa
1631 1156 1644 1177 5
1669 1155 1771 1190 dicit:

141 1210 318 1246 «Peracta
344 1211 621 1253 consecratione,
650 1222 773 1247 omnes
799 1213 1064 1248 communicent
1090 1212 1149 1259 qui
1178 1213 1358 1249 noluerint
1384 1213 1626 1250 ecclesiasticis
1659 1225 1779 1251 carere

136 1269 337 1312 liminibus;
365 1269 413 1305 sic
439 1270 532 1305 enim
561 1275 592 1306 et
620 1271 773 1317 Apostoli
803 1275 1013 1313 statuerunt,
1042 1276 1075 1307 et
1101 1277 1223 1307 sancta
1250 1271 1406 1308 Romana
1432 1277 1526 1308 tenet
1565 1272 1766 1309 Ecclesia».

136 1328 359 1364 Postmodum
386 1340 476 1371 vero,
503 1330 678 1365 diminuto
706 1330 782 1365 fidei
814 1331 954 1373 fervore,
984 1330 1156 1367 Fabianus
1186 1331 1309 1378 Papa6
1336 1331 1483 1367 indulsit
1514 1347 1528 1365 «
1555 1337 1589 1368 ut
1631 1333 1657 1367 si
1699 1344 1771 1368 non

135 1388 365 1434 frequentius,
394 1389 517 1424 saltem
544 1394 596 1424 ter
623 1389 658 1424 in
685 1400 780 1425 anno
805 1401 928 1425 omnes
955 1390 1229 1432 communicent,
1258 1390 1389 1426 scilicet
1417 1391 1453 1426 in
1487 1391 1628 1434 Pascha,
1649 1392 1770 1429 Pente-

133 1452 238 1489 coste,
266 1452 299 1483 et
325 1446 435 1483 Natali
465 1447 656 1483 Domini».
687 1447 784 1484 Soter
810 1449 916 1484 etiam
945 1460 1033 1495 papa
1061 1449 1095 1483 in
1123 1460 1231 1485 coena
1259 1449 1396 1485 Domini
1416 1450 1499 1486 dicit
1519 1462 1596 1486 esse
1614 1462 1773 1487 commu·

135 1506 343 1547 nicandum,
374 1511 411 1541 ut
438 1507 584 1542 habetur
610 1507 645 1542 in
676 1507 816 1543 Decreto
833 1509 855 1544 7.
886 1508 1109 1543 Postmodum
1126 1513 1264 1555 propter
1283 1508 1479 1555 iniquitatis
1497 1510 1769 1554 abundantiam,

134 1564 379 1610 refrigescente
405 1566 573 1601 charitate
600 1566 802 1609 multorum,
833 1567 953 1602 statuit
978 1567 1099 1602 lnnoc.
1128 1567 1169 1602 ΙΙΙ
1197 1567 1236 1602 in
1263 1567 1371 1603 Conc.
1404 1568 1561 1604 Lateran.
1590 1574 1625 1604 ut
1646 1569 1767 1605 saltem

135 1624 241 1659 semel
268 1624 303 1659 in
332 1635 438 1666 anno,
465 1625 595 1660 scilicet
626 1625 661 1660 in
690 1625 831 1666 Pascha,
861 1625 978 1662 fideles
1009 1626 1321 1662 communicent».

254 1695 342 1739 Hoc
375 1701 574 1739 statutum
614 1712 634 1737 ((
660 1710 709 1741 ex
746 1699 906 1753 integro
942 1698 1107 1740 refert»
1147 1698 1253 1754 (can.
1289 1699 1327 1754 6,
1363 1698 1425 1755 ⁶20)
1461 1704 1498 1742 et
1539 1699 1589 1742 de
1641 1699 1769 1743 verbo

134 1767 184 1810 ad
223 1766 395 1810 verbum
432 1781 522 1809 can.
556 1770 665 1822 859,
701 1768 810 1811 unde
832 1770 919 1811 sine
943 1768 1023 1811 ulla
1049 1768 1290 1812 difficultate
1315 1782 1440 1812 verus
1465 1774 1601 1812 manet
1625 1782 1715 1813 can.
1741 1755 1795 1813 9⁸

133 1841 245 1891 (sess.
282 1837 391 1895 Xlll)
425 1836 546 1882 Conc.
582 1837 718 1882 Trid.:
757 1839 840 1882 «Si
884 1841 977 1896 quis
1025 1842 1257 1896 negaverit,
1304 1853 1447 1882 omnes
1496 1845 1533 1883 et
1583 1840 1771 1897 singulos

133 1907 284 1951 Christi
318 1908 461 1951 fideles
497 1911 711 1966 utriusque
745 1922 882 1965 sexus,
917 1923 1011 1953 cum
1045 1910 1095 1952 ad
1135 1922 1264 1952 annos
1311 1910 1573 1954 discretionis
1622 1924 1771 1967 perve-

133 1981 281 2032 nerint,
314 1982 443 2022 teneri
476 1979 650 2035 singulis
682 1982 813 2035 annis,
838 1981 985 2023 saltem
1005 1983 1042 2022 in
1067 1980 1276 2029 Paschate,
1297 1981 1346 2023 ad
1367 1981 1764 2025 communicandum

133 2052 246 2093 iuxta
282 2055 548 2106 praeceptum
586 2055 754 2094 sanctae
788 2053 930 2094 matris
962 2050 1190 2105 Ecclesiae,
1224 2051 1445 2095 anathema
1478 2054 1529 2095 sit
1554 2068 1592 2096 )).
1618 2077 1671 2083 -
1700 2051 1764 2094 Vi-

133 2119 304 2163 delicet:
339 2120 367 2177 ξ
403 2121 437 2165 1.
477 2119 622 2164 Omnis
656 2124 692 2175 a)
728 2121 947 2179 utriusque
979 2135 1105 2164 sexus
1153 2121 1304 2178 fidelis,
1353 2123 1463 2180 quod
1517 2127 1575 2165 est
1622 2122 1769 2166 intelli·

133 2190 313 2246 gendum
347 2190 398 2234 de
431 2191 618 2247 singulis,
653 2194 723 2249 qui
759 2196 979 2248 praecepto
1012 2192 1158 2235 divino
1207 2193 1364 2236 directe
1415 2193 1667 2247 afficiuntur,
1715 2207 1765 2236 eo

132 2262 241 2319 quod
278 2275 350 2318 per
387 2262 567 2305 validum
605 2262 858 2319 baptismum
892 2262 1102 2306 Ecclesiae
1134 2263 1308 2307 subiecti
1342 2269 1449 2316 sunt,
1475 2264 1518 2321 h)
1540 2270 1763 2322 postquam

132 2336 187 2376 ad
219 2346 351 2375 (licitos
384 2332 669 2389 discretionis,
709 2347 788 2377 non
825 2336 992 2377 maioris
1025 2346 1149 2391 quam
1185 2348 1256 2391 pro
1290 2336 1559 2386 confessione,
1595 2340 1638 2378 ut
1670 2337 1765 2393 qui-

132 2402 306 2446 busdam
344 2403 510 2459 placuit,
545 2409 582 2447 et
623 2417 773 2462 «quae
821 2405 1077 2448 consuetudo
1125 2405 1400 2462 complurium
1456 2407 1589 2448 extitit
1637 2418 1762 2449 causa

134 2473 381 2517 malorum»
422 2477 533 2517 iuxta
570 2477 851 2518 testimonium
884 2475 923 2520 S.
957 2474 999 2519 C.
1033 2474 1075 2520 C.
1112 2478 1150 2518 in
1184 2488 1308 2532 supra
1342 2478 1410 2520 cit.
1436 2475 1551 2520 Dec0.
1580 2474 1759 2529 «Quam

129 2544 392 2600 singulari»,
429 2545 494 2588 ubi
529 2545 788 2589 decernitur:
829 2561 849 2586 «
873 2545 900 2589 I.
936 2546 1061 2589 Aetas
1093 2546 1354 2590 discretionis
1387 2551 1473 2590 tum
1509 2547 1559 2590 ad
1593 2545 1757 2591 Confes-

131 2617 288 2658 sionem
324 2619 409 2658 tuin
444 2616 492 2658 ad
529 2616 566 2658 S.
601 2615 945 2660 Cominunionem
980 2629 1027 2659 ea
1061 2621 1133 2673 est,
1163 2619 1206 2659 ‘in
1241 2630 1320 2674 qua
1356 2631 1458 2673 puer
1505 2619 1649 2674 incipit
1696 2629 1762 2660 ra-

250 2745 261 2765 1
290 2744 390 2777 Sess.
420 2744 532 2785 XXI,
560 2756 643 2789 cap.
675 2748 706 2779 1.
735 2766 782 2772 -
806 2746 820 2768 2
845 2746 887 2780 3a
913 2745 956 2779 P.
986 2757 1022 2790 q.
1051 2746 1214 2780 LXXX.
1235 2758 1268 2781 a.
1288 2748 1330 2780 11
1350 2758 1380 2781 c.
1407 2766 1450 2772 —
1477 2747 1490 2769 3
1517 2747 1610 2780 Luc.
1627 2745 1756 2786 XXII,

134 2793 189 2824 19.
220 2811 262 2815 -
288 2794 301 2813 4
328 2791 416 2825 Loc.
448 2791 514 2825 cit.
544 2803 575 2826 a.
605 2793 648 2825 10
666 2796 712 2826 ad
732 2795 765 2827 5.
796 2814 837 2817 —
865 2794 878 2814 5
905 2793 996 2837 Cap.
1021 2793 1076 2835 10,
1098 2793 1189 2827 dis-t.
1211 2793 1250 2827 II
1269 2793 1314 2828 de
1334 2794 1435 2828 Cons
1474 2815 1516 2818 —
1543 2794 1556 2816 ⁶
1584 2794 1676 2838 Cap.
1697 2793 1759 2834 16,

131 2838 222 2874 dist.
248 2838 286 2871 Π
313 2838 358 2872 de
385 2838 498 2873 Cons.
525 2859 566 2863 —
595 2839 608 2861 7
636 2840 726 2884 Cap.
761 2840 814 2880 17,
845 2840 936 2873 dist.
968 2839 1014 2874 de
1046 2842 1161 2875 Cons.
