1971 3261
104 123 174 157 334
507 122 592 156 Lm.
621 122 692 156 111.
718 141 729 147 -
757 121 868 154 PARS
893 121 923 155 ].
949 140 960 145 -
989 120 1046 155 De
1070 121 1335 156 Sam-amentis
1455 120 1549 168 Can.
1574 121 1733 156 933-934

225 242 320 284 0273.
358 243 430 287 De
461 242 710 286 lucrandis
752 241 977 296 pluribus
1019 241 1336 296 indulgentiis
1378 234 1619 285 localibus
1652 242 1729 286 vel

105 314 322 358 realibus
356 312 762 357 coexistentibus.
812 335 864 339 —
916 308 1003 352 Duo
1043 314 1211 353 Decreta
1245 309 1283 352 S.
1317 308 1484 365 Congu-‚¹⁵
1516 308 1733 366 Indulgen-

105 385 253 426 tiaruni
289 385 326 424 iu
362 395 503 424 eorum
540 380 788 423 authenticis
822 379 1159 436 responsionibus
1183 380 1231 423 ad
1263 379 1350 422 3¹¹²¹
1387 384 1668 436 congeruntur
1692 383 1730 423 in

106 468 194 496 caii.
230 454 335 495 933.
379 450 457 495 Um?
490 451 704 509 eidemque
738 449 779 508 a)
814 450 878 493 rei
913 464 949 494 ν.
984 464 1045 507 gr.
1081 452 1254 503 rosario,
1289 450 1332 507 b)
1371 449 1432 493 ael
1471 449 1558 493 loco
1599 464 1634 494 v,
1670 464 1730 507 gr.

105 524 403 566 determinatae
436 522 647 565 Ecclesiae
678 521 823 579 plures
867 535 918 564 em
959 521 1092 564 ‘variis
1133 521 1282 575 atatis,
1318 522 1443 564 idest:
1479 522 1518 577 c)
1552 523 1731 578 origina-

106 593 211 636 libus
245 592 582 636 concessionibus
615 593 795 635 diversis
831 605 868 636 v.
904 605 964 648 gr.
1001 591 1283 647 indulgentiae
1315 591 1450 635 (lictae
1470 591 1732 647 Apostolicae

105 671 144 707 et
177 664 457 719 indulgentiae
491 666 528 706 S.
564 662 777 719 Birgittae,
801 675 848 706 ac
873 662 965 705 illae
999 675 1105 719 quae
1137 663 1414 705 adnectuntur
1437 676 1485 705 ex
1511 662 1730 719 privilegio

104 735 155 778 ab
188 733 346 779 Ordine
383 734 731 792 Praedicatoruui.
757 732 924 776 adnecti
953 738 1130 790 possunt
1151 731 1454 790 iiidzclqentiae‚
1479 733 1731 776 cumulando

105 818 185 858 eas,
226 821 244 844 «
270 805 496 848 dununodo
531 804 579 847 ad
616 816 684 847 cas
719 804 939 847 lucrandas
973 808 1226 847 renoventur
1250 816 1373 859 opera
1400 805 1579 846 iniuncta
1614 806 1730 846 itera-

106 876 200 920 bilia
224 892 274 929 »3
311 889 416 932 quae
450 875 632 918 clausula
670 877 818 931 prioris
853 874 963 918 Dec.¹
997 876 1190 930 ampliata
1228 876 1264 916 in
1300 873 1427 916 altero
1460 874 1509 916 ad
1545 888 1646 930 opus
1675 874 1731 917 di-

104 952 231 990 tatum
269 946 549 1002 indulgentiis,
584 948 641 989 sic
675 947 896 1002 exponitur
945 947 982 987 in
1033 958 1212 988 canone:
1263 943 1334 987 sed
1383 958 1462 987 ano
1510 943 1732 1002 eodemque

104 1032 240 1076 opere,
274 1020 457 1060 exercito
491 1031 584 1060 cum
622 1016 729 1060 illius
764 1019 821 1059 rei
860 1030 949 1070 usu,
977 1016 1039 1059 vel
1077 1018 1113 1059 in
1141 1016 1228 1059 loco
1252 1015 1476 1072 praedicto,
1501 1021 1570 1058 aut
1603 1016 1730 1060 ditato

104 1091 143 1131 in
177 1091 311 1144 seipso
347 1088 626 1144 indulgentiis,
663 1092 873 1143 praeterea
909 1087 976 1129 eni
1009 1101 1059 1129 eoe
1091 1086 1225 1129 variis
1260 1086 1397 1129 (italis
1431 1091 1474 1129 ut
1506 1100 1627 1142 supra
1674 1086 1732 1144 (et

106 1173 176 1216 per
209 1163 326 1203 istam
362 1159 588 1202 clausulam
614 1159 771 1201 diversi
804 1164 895 1201 sunt
932 1171 1111 1202 canones
1145 1160 1218 1200 iste
1242 1171 1289 1200 ac
1314 1156 1416 1214 928)
1440 1157 1734 1214 imlalyenli'ae

104 1229 295 1272 adnexae
326 1230 424 1281 siret,
461 1243 538 1272 non
571 1235 746 1286 poss-unt
776 1228 921 1286 plures
956 1229 1048 1272 illae
1082 1228 1247 1286 acquiri
1287 1227 1587 1285 i'nclalyemiae.
1624 1227 1731 1271 Hinc

104 1313 279 1357 operans
312 1300 466 1357 eligere
500 1300 635 1353 debet,
670 1312 772 1357 quas
806 1301 996 1356 praeiert,
1031 1313 1123 1342 cum
1160 1299 1322 1342 duabus
1357 1304 1490 1342 tamen
1527 1300 1731 1355 exceptio-

104 1371 238 1422 nibus,
274 1374 403 1428 prima
440 1373 552 1414 iuxta
587 1374 653 1414 cit.
691 1371 819 1425 Decf‘,
860 1387 879 1411 «
903 1370 1129 1413 dummodo
1164 1383 1287 1426 opera
1323 1372 1505 1413 iniuncta
1533 1383 1628 1412 vore
1663 1372 1732 1413 ite·

105 1445 184 1485 rari
220 1447 441 1499 nequeant,
479 1442 540 1485 rel
575 1456 653 1484 nou
687 1442 857 1492 soleant,
881 1444 1000 1485 sicuti
1035 1442 1253 1494 confessio,
1279 1443 1354 1483 nisi
1388 1443 1439 1483 sit
1472 1440 1638 1484 aliunde
1661 1454 1729 1484 ne-

103 1516 280 1556 cessaria
305 1528 344 1563 )),
378 1514 448 1555 sed
486 1515 522 1555 in
558 1525 714 1556 canone
746 1502 982 1556 coarctatur
1021 1514 1225 1556 taxatis-e:
1265 1511 1305 1568 a)
1339 1511 1424 1553 izi'sz'
1455 1525 1558 1568 opas
1592 1511 1729 1568 requi·

103 1584 230 1626 silam
263 1583 317 1625 sit
350 1583 556 1641 consessio
590 1583 652 1625 vel
685 1583 932 1635 communio,
966 1582 1075 1640 quod
1110 1583 1157 1625 ad
1194 1582 1304 1625 hunc
1337 1594 1536 1625 canonem
1572 1584 1729 1633 attinet,

102 1654 230 1698 salvis
252 1656 402 1698 ceteris
425 1654 547 1697 huius
570 1657 730 1710 capitis,
755 1653 796 1710 b)
822 1659 894 1696 aa!
929 1653 1014 1696 Μετ’
1047 1652 1168 1696 aliacl
1190 1666 1385 1710 eoeprease
1407 1658 1574 1695 cautum
1598 1653 1728 1710 fueri!

103 1727 140 1767 in
174 1727 440 1768 concessione
489 1727 575 1781 ipsa
623 1725 684 1768 vel
729 1725 910 1778 aliunde,
948 1738 983 1767 v.
1019 1738 1078 1781 gr.
1114 1727 1303 1780 exceptio
1336 1736 1443 1781 quae
1476 1724 1581 1766 facta
1616 1730 1676 1767 est
1708 1738 1730 1768 a

106 1796 172 1838 Pio
197 1795 229 1838 X
252 1795 281 1851 2,
305 1796 438 1853 quoad
462 1795 740 1852 indulgentias
758 1798 1085 1852 crucigerorum,
1106 1808 1213 1852 quae
1231 1794 1353 1838 simul
1379 1807 1472 1837 cum
1497 1794 1587 1837 aliis
1610 1795 1730 1838 Ssmi.

104 1867 260 1910 Rosarii
298 1867 446 1910 lucrari
484 1872 653 1923 possunt
687 1868 804 1909 unica
832 1868 1087 1916 recitatione,
1113 1865 1264 1909 utendo
1289 1867 1444 1908 rosario
1469 1867 1654 1921 utrisque
1679 1867 1730 1908 in-

102 1937 326 1993 dulgentiis
364 1937 504 1981 ditato

224 2008 319 2050 274.
357 2010 429 2054 De
461 2010 686 2054 oratione
728 2022 819 2064 pro
863 2008 1181 2064 indulgentiis
1214 2008 1442 2051 iniuncta.
1485 2030 1542 2034 ——
1584 2001 1727 2055 Quoad

104 2079 269 2122 modum
308 2079 506 2122 recitandi
542 2080 749 2121 orationes
781 2078 1027 2135 quamplura
1063 2077 1305 2133 prodierunt
1338 2075 1526 2129 Decreta,
1550 2086 1726 2132 quorum

105 2149 397 2205 principaliora
429 2151 692 2192 continentur
726 2151 763 2191 in
799 2162 888 2192 cau.
924 2148 1029 2191 934.
1065 2149 1089 2197 ξ
1124 2148 1160 2189 t.
1196 2147 1240 2189 Si
1263 2145 1318 2189 ad
1341 2143 1571 2189 lucrandas
1596 2142 1730 2186 indal-

99 2219 281 2276 qentz'as,
313 2219 396 2262 sola
436 2219 496 2262 vel
531 2219 652 2262 simul
688 2232 782 2262 cum
816 2219 906 2262 aliis
939 2217 1246 2262 conditionibus
1269 2216 1408 2260 oratio
1438 2216 1480 2258 in
1500 2227 1653 2273 yenere
1675 2212 1731 2256 ad

104 2296 278 2333 mentem
312 2291 471 2333 Semaai
509 2289 732 2347 Pontificis,
769 2289 971 2347 (scilicetz
1007 2303 1079 2346 pro
1113 2294 1300 2345 tempore
1324 2289 1651 2342 existentis,quo
1676 2288 1731 2326 in-

102 2360 314 2417 dulgentia
350 2366 410 2403 est
444 2361 676 2417 lucranda),
701 2361 809 2418 quod
839 2360 1011 2404 verbum
1037 2371 1178 2402 ansam
1210 2358 1411 2415 praebere
1447 2361 1583 2414 posset
1607 2355 1732 2399 falsae

101 2432 445 2486 interpretationi,
476 2429 810 2487 praescribatur,
844 2428 1042 2472 mentalis
1078 2433 1240 2471 tamma
1273 2427 1426 2478 oratio,
1456 2439 1526 2469 seu
1562 2427 1733 2467 interius

102 2501 364 2557 deprompta,
388 2515 467 2544 non
492 2501 676 2556 wlfrih·
701 2500 828 2543 multo
853 2502 987 2542 minus
1012 2502 1044 2542 si
1070 2512 1185 2542 mens
1203 2499 1360 2542 Summi
1387 2496 1595 2540 Pontificis
1618 2495 1729 2537 illam

102 2571 369 2614 concedentis
403 2574 674 2627 exprimatur,
710 2583 817 2628 quae
850 2570 953 2613 solet
987 2583 1075 2613 esse
1111 2583 1183 2626 pro
1227 2569 1476 2612 exaltatione
1521 2567 1560 2610 S.
1594 2564 1734 2608 Matris

103 2641 325 2694 Ecclesiae,
362 2655 434 2698 pro
468 2644 743 2697 extirpatione
780 2641 1012 2695 haeresum,
1050 2653 1129 2683 uuo
1165 2642 1292 2683 verbo
1328 2652 1399 2694 pro
1432 2638 1514 2680 tine
1537 2637 1732 2679 determi-

102 2717 212 2766 nato,
245 2726 327 2770 quo
373 2715 409 2754 in
454 2725 550 2755 casu
590 2713 627 2755 S.
663 2712 812 2768 Congr.
846 2710 1037 2767 liidulg.²⁰
1072 2713 1348 2766 interrogata:
1389 2724 1408 2750 ((
1432 2707 1477 2752 3⁰
1510 2719 1560 2751 an
1593 2707 1732 2763 requi-

101 2868 118 2902 Ι
220 2819 311 2900 1192097
330 2818 439 2852 Febr.
471 2818 573 2859 1820,
603 2819 645 2852 12
672 2818 755 2852 Ian.
788 2817 878 2852 1878
903 2829 970 2851 nn.
1000 2817 1082 2860 249,
1111 2817 1193 2850 434.
1222 2836 1266 2842 —
1292 2816 1306 2837 2'
1331 2815 1423 2849 Dec.
1455 2814 1491 2848 S.
1518 2814 1658 2856 Congr.
1689 2812 1730 2845 12

122 2877 190 2900 un.
315 2892 322 2899 .
