1971 3261
216 154 286 187 402
609 153 694 187 Lm.
723 154 794 188 III.
825 174 836 179 -
864 153 973 188 PARS
1002 153 1032 187 Ι.
1061 174 1073 179 -
1099 153 1157 189 De
1181 155 1445 189 Sacramentis
1650 153 1740 190 Gan.
1767 155 1838 191 978

219 274 428 328 potestatis
451 271 747 328 Episcoporum
774 273 1049 315 restrictivam
1084 285 1163 315 non
1182 286 1302 316 secus
1324 285 1372 317 ac
1395 273 1470 316 fuit
1492 275 1637 329 prima,
1661 287 1833 331 nempe:

218 342 299 385 into
333 356 405 384 nec
434 342 618 400 primam
654 348 866 385 tonsuram
892 342 1086 400 conferre
1117 342 1333 399 Episcopo,
1370 343 1554 387 Praelato
1587 343 1651 387 vel
1686 343 1835 388 Abbati

218 411 390 467 nullius,
410 411 507 454 lieet
539 411 580 469 a)
615 426 698 455 una
732 426 822 455 cnm
856 412 998 470 aliquo
1030 427 1081 455 eoe
1113 412 1331 465 ordinibus
1368 413 1614 467 minoribns,
1657 414 1836 458 scilicet:

220 483 281 526 vel
317 485 546 526 ostiariatu.
581 483 647 527 vel
681 483 811 527 altero
843 485 1011 528 forsitan
1046 497 1120 540 per
1141 483 1304 540 saltum,
1338 490 1408 528 aut
1439 498 1532 528 cum
1569 487 1837 541 intermediis,

216 567 346 611 neque
380 553 422 610 b)
455 568 595 597 omnes
628 560 810 612 quotuor
842 553 1011 597 ordines
1042 554 1226 597 minores
1259 569 1341 597 una
1364 555 1491 598 simul
1513 557 1748 599 successiva
1772 569 1835 599 or-

214 625 438 677 dinatione,
476 638 550 668 nec
584 624 804 681 prohibitio
839 627 1006 681 respicit
1038 625 1226 668 eamdem
1257 625 1376 669 diem.
1414 625 1523 682 Ergo
1548 639 1621 683 pro
1646 631 1838 670 tonsurae

217 698 373 752 primae
407 708 454 738 ac
500 695 691 738 ordinum
731 695 1211 751 minorumcollatione,
1254 701 1335 739 tres
1372 696 1516 740 saltem
1557 697 1838 740 ordinationes

213 779 310 822 erga
345 766 451 809 idem
487 765 718 810 subiectum
754 767 920 809 diverso
954 771 1139 823 tempore
1175 767 1451 823 perficiendae
1484 772 1576 810 sunt
1602 768 1613 790 ¹

331 838 427 882 330.
462 839 652 884 Titulus
676 840 941 884 canonicus
959 852 1049 894 pro
1073 840 1263 884 clericis
1282 840 1634 884 saecularibus.
1661 864 1713 869 —
1732 837 1834 882 Cum
1889 844 1899 852 ”

217 909 396 952 «Codex
437 911 642 964 vigentem
678 908 757 951 huc
793 922 921 965 usque
955 908 1261 964 disciplinam»
1300 908 1350 951 de
1384 908 1511 951 titulis
1556 922 1628 965 pro
1671 909 1833 952 ordina-

212 982 321 1022 tione
363 981 401 1021 in
440 981 569 1022 sacris
616 979 699 1021 fere
738 978 916 1022 totaliter
962 994 981 1019 «
1007 981 1192 1025 retineat.
1238 979 1333 1022 licet
1375 983 1672 1035 opportunas»
1717 982 1833 1036 parvi

214 1052 409 1093 momenti
447 1051 799 1092 «immutationes
831 1049 972 1092 aflerat
997 1065 1017 1090 ³>
1055 1049 1160 1107 (can.
1199 1048 1257 1106 6),
1294 1049 1412 1092 valde
1456 1054 1732 1106 opportunum
1780 1053 1836 1093 iu-

213 1121 400 1164 dicamus
445 1119 724 1177 sequentium
755 1133 961 1163 canonum
1011 1122 1336 1176 interpretationi
1394 1119 1613 1163 relativum
1663 1121 1837 1177 singulis

213 1192 464 1248 praecedens
499 1193 559 1234 ius
595 1194 858 1246 praemittere
901 1204 997 1234 cum
1037 1190 1383 1247 explicationibus
1426 1195 1466 1234 et
1507 1191 1835 1234 animadversio-

211 1262 345 1316 nibus,
367 1274 473 1319 quae
509 1262 734 1305 faciliorem
771 1262 942 1305 reddant
977 1262 1220 1305 eorumdem
1257 1275 1464 1305 canonum
1507 1262 1835 1318 intelligentiam,

212 1347 259 1378 eo
291 1333 400 1391 quod
436 1335 511 1388 ipsi
547 1332 670 1375 inulta
706 1334 839 1375 serant
872 1332 1073 1389 implicita
1110 1335 1222 1389 prius
1247 1332 1483 1376 authentice
1507 1333 1728 1376 declarata.
1748 1332 1836 1377 Hoc

212 1407 274 1448 ius
308 1418 380 1461 pro
414 1402 595 1460 clericis}
617 1403 899 1447 saecularibus
932 1404 1005 1446 t'uit
1038 1403 1182 1446 ultimo
1206 1403 1417 1446 conditum
1451 1406 1488 1446 in
1513 1402 1635 1447 Conc.
1670 1403 1779 1447 Trid.
1807 1404 1834 1447 ².

333 1509 429 1554 Quae
456 1521 562 1557 supra
587 1510 629 1545 ad
657 1520 730 1544 can.
760 1507 826 1543 974
853 1509 944 1544 dicta
971 1514 1053 1544 sunt
1079 1510 1120 1544 de
1147 1509 1315 1545 beneficio
1336 1509 1579 1552 erclesiastico,
1600 1510 1690 1555 quod
1712 1521 1837 1556 nempe

213 1569 415 1604 clericorum
446 1570 489 1603 sit
518 1568 715 1604 ordinarius
742 1568 875 1603 titulus.
905 1579 972 1614 quo
1007 1568 1166 1613 indigent
1198 1568 1309 1603 solum
1337 1569 1378 1603 ad
1416 1579 1530 1604 sacros
1563 1569 1702 1604 ordines
1735 1569 1840 1604 susci-

219 1628 378 1674 piendos,
407 1633 543 1664 constat
567 1639 607 1663 ex
634 1627 739 1663 Cone.
770 1627 863 1662 Trid.
895 1628 972 1670 (loc.
1007 1628 1095 1670 cit.),
1133 1627 1189 1662 ubi
1224 1628 1327 1662 etiam
1364 1633 1588 1663 recensentur
1621 1628 1837 1668 conditiones

214 1688 248 1721 in
277 1698 316 1722 eo
342 1687 510 1723 beneficio
538 1687 779 1726 inveniendae,
807 1691 844 1721 ut
870 1687 934 1722 hoo
970 1687 1091 1721 evadat
1129 1687 1360 1721 ordinationis
1387 1698 1504 1722 sacrae
1532 1687 1698 1722 titulus..
1731 1701 1746 1719 «
1766 1685 1839 1722 Sta-

213 1747 278 1781 tuit
304 1746 339 1781 S.
370 1745 544 1793 Synodus,
572 1757 616 1780 ne
642 1746 720 1791 quis
746 1746 911 1791 deinceps
938 1745 1084 1780 clericus
1111 1746 1311 1789 saecularis,
1341 1746 1500 1791 quamvis
1526 1745 1612 1781 alias
1630 1745 1674 1780 sit
1693 1746 1838 1781 idoneus

215 1806 382 1850 moribus,
411 1806 556 1841 scientia
582 1811 615 1841 et
639 1799 833 1846 aetate,'ad
861 1816 975 1840 sacros
999 1805 1139 1840 ordines
1168 1810 1418 1850 promoveatur.r
1445 1805 1512 1839 nisi
1535 1805 1629 1851 prius
1656 1804 1684 1839 10
1708 1805 1839 1851 optime

212 1869 358 1905 constet,
386 1875 463 1899 eum
494 1864 536 1899 ll⁰
562 1864 769 1900 beneficium
796 1863 1082 1905 ecclesiasticum,
1111 1862 1169 1898 111Ο
1195 1864 1283 1909 quod
1311 1864 1374 1899 sibi
1395 1864 1437 1899 ad
1457 1864 1585 1899 victum
1606 1864 1748 1899 honeste
1767 1864 1836 1899 sul'-
1864 1903 1868 1906 ⁴

215 1924 318 1965 liciat,
355 1922 416 1958 ΝΟ
448 1923 587 1969 pacifice
623 1923 797 1969 possidere
817 1937 846 1959 )).
876 1922 989 1958 Primo
1022 1933 1102 1967 ergo
1137 1933 1196 1957 seu
1232 1922 1356 1958 melius
1389 1923 1598 1968 generaliter
1630 1932 1717 1969 opus
1749 1928 1834 1964 erat,

213 1983 303 2028 quod
335 1987 553 2023 «constet»,
583 1982 688 2017 idest:
717 1983 821 2017 'certo
859 1987 1032 2023 noscatur,
1059 1986 1091 2016 et
1118 1981 1258 2027 quidem
1291 1982 1532 2026 «legitime»,
1568 1992 1608 2017 ao
1642 1981 1668 2015 si
1702 1982 1837 2017 dicatur

215 2041 487 2087 probationibus,
514 2052 602 2086 quae
628 2041 698 2075 sint
725 2040 858 2085 legibus
885 2040 1094 2076 sufficientes
1120 2041 1163 2075 ad
1193 2040 1386 2075 faciendam
1424 2040 1526 2076 fidem
1562 2040 1720 2076 omnium
1756 2051 1836 2076 con-

212 2100 383 2136 ditionum
412 2100 568 2135 beneficii
598 2111 685 2146 quae
712 2101 747 2134 in
777 2100 928 2145 praefato
956 2099 1048 2135 Dec⁰.
1075 2099 1348 2145 subsequuntur.
1394 2099 1498 2135 Debet
1534 2111 1608 2135 esse
1635 2110 1753 2135 verum
1781 2100 1836 2135 be-

214 2159 377 2194 neficium
404 2159 690 2198 ecclesiasticum.
718 2160 813 2194 iuxta
837 2170 878 2194 ea
902 2170 990 2204 quae
1015 2158 1269 2204 explicabimus
1297 2159 1333 2193 in
1360 2158 1425 2195 Tit.
1452 2159 1494 2194 de
1527 2158 1704 2194 beneficiis
1730 2159 1836 2195 eccle-

214 2220 375 2261 siasticis,
405 2220 647 2254 tantummodo
673 2219 728 2254 hic
752 2219 1071 2254 animadvertentes
1098 2218 1303 2254 vocabulum
1332 2218 1490 2254 beneficii
1530 2218 1750 2254 ecclesiastici
1779 2231 1836 2254 su-

216 2279 381 2314 mendum
410 2278 653 2313 favorabiliter.
682 2278 827 2324 lnsuper
856 2291 870 2310 «
890 2277 955 2312 sibi
982 2278 1025 2312 ad
1060 2278 1190 2313 victum
1226 2278 1370 2313 honeste
1404 2277 1599 2319 sufficiat»,
1636 2278 1719 2313 hinc
1750 2278 1837 2313 tales

215 2337 369 2372 redditus
396 2337 570 2383 praebeat,
596 2342 633 2372 ut
668 2337 850 2372 honestam
885 2336 1174 2372 sustentationem
1210 2336 1304 2371 iuxta
1339 2337 1622 2371 circumstantias
1655 2337 1834 2383 temporis,

216 2396 293 2439 loci,
321 2395 465 2439 ordinis,
493 2407 532 2431 ac
559 2395 740 2440 dignitatis
765 2401 828 2431 etc.
853 2396 1035 2431 ordinatus
1062 2395 1230 2431 obtineat.
1260 2394 1352 2430 Haec
1380 2395 1588 2430 sufficientia
1623 2406 1701 2430 vero
1726 2396 1837 2431 deter-

216 2455 416 2490 minabatur
443 2455 476 2489 in
518 2455 666 2500 singulis
702 2455 929 2499 dioecesibus,
958 2455 1009 2490 vel
1037 2466 1097 2501 per
1122 2459 1237 2490 taxam
1265 2454 1482 2499 synodalem,
1507 2459 1567 2490 aut
1592 2454 1744 2499 regionis
1769 2466 1836 2490 mo-

336 2575 346 2595 1
378 2573 491 2607 Hanc
519 2574 678 2618 respicit
696 2573 983 2618 paragraphum
1001 2576 1175 2617 potestas
1193 2572 1363 2607 Vicariis
1388 2584 1431 2606 ao
1449 2572 1663 2606 Praefectis
1688 2573 1837 2617 Aplcis.

215 2632 401 2654 concessa
427 2620 467 2654 in
495 2620 690 2654 Formulis
717 2626 885 2665 quatuor
912 2619 1110 2664 (Formula
1135 2620 1261 2664 igitur
1285 2620 1411 2665 prima
1436 2620 1633 2664 excepta):
1669 2635 1682 2649 «
1702 2619 1838 2653 Confe-

217 2667 329 2702 rendi
357 2674 440 2711 (per
458 2679 510 2708 se⁷
532 2679 619 2701 nan]
648 2668 725 2701 ista
751 2672 926 2712 potestas
952 2678 996 2701 ea
1020 2667 1107 2711 lege
1133 2666 1371 2710 conceditur,
1399 2671 1445 2700 ut
1487 2678 1565 2700 non
1592 2666 1838 2711 subdelegari

218 2715 379 2760 possit),
404 2715 632 2748 rationabili
659 2714 704 2748 de
732 2726 847 2749 causa
873 2715 964 2758 (etsi
990 2713 1084 2747 haec
1112 2712 1243 2758 gravis
1268 2726 1346 2748 non
1373 2715 1454 2753 siti.
1477 2715 1639 2749 Ordines
1665 2715 1838 2749 Minores

219 2773 354 2796 omnes
381 2761 511 2802 simul,
542 2761 657 2806 (quod
688 2770 746 2796 est
786 2773 911 2795 unum
944 2773 991 2795 ex
1024 2761 1165 2795 vetitis
1197 2761 1269 2795 sub
1296 2761 1331 2803 §⁰
1355 2762 1408 2805 3),
1444 2762 1562 2795 etiam
1593 2772 1681 2795 oum
1714 2761 1840 2805 prima

217 2815 383 2843 tonsura
402 2825 415 2838 >›
448 2820 528 2842 una
562 2810 782 2843 successiva
814 2809 1077 2848 ordinatione,
1113 2807 1337 2853 dispensato
1369 2808 1492 2842 altero
1524 2809 1650 2842 vetito
1679 2808 1751 2842 sub
1777 2819 1837 2842 eo-

218 2856 304 2890 dem
332 2859 380 2897 ἕο.

334 2904 346 2925 2
373 2903 464 2947 Cap.
494 2904 525 2943 2,
554 2914 646 2937 sess.
672 2903 771 2937 XXI
798 2903 842 2937 de
869 2902 954 2937 Res.
