1971 3261
139 138 234 174 Can.
261 137 332 172 893
675 136 756 172 Tm
786 137 837 171 IV
865 158 875 164 -
903 138 959 173 De
986 140 1227 175 Paenitentia
1697 145 1765 178 259

139 261 349 301 reservata
383 260 492 309 sunt,
527 256 589 299 vel
625 269 646 298 e
680 261 822 299 contra
861 257 1063 301 adnexam
1109 272 1325 302 censuram
1363 259 1525 303 liabent.
1562 262 1619 305 Ae
1653 263 1761 306 dice·

138 327 258 372 batur
292 327 364 370 bos
396 326 563 370 ultimos
596 326 701 369 attici
738 340 854 383 posse
879 331 1174 384 reservatione,
1197 330 1258 373 vel
1281 330 1583 388 principaliter
1605 333 1650 375 ola
1670 347 1761 390 pee-

137 403 276 441 catum
313 397 374 440 vel
406 396 710 454 principaliter
742 397 788 440 ob
822 412 1054 440 censuram.
1091 399 1199 443 Haec
1235 402 1442 444 distinctio
1465 415 1511 445 ae
1540 403 1762 447 subdistin-

136 471 217 514 cuo
253 470 393 524 vigent
428 472 516 524 post
548 466 757 522 Codicem‚
789 468 858 511 sed
895 471 982 511 eius
1007 473 1134 512 tenori
1163 473 1292 525 magis
1325 477 1427 514 esset
1463 475 1762 520 eont'oi·ine,si‹·.

136 539 298 583 dicere:
339 540 612 582 «reservatio
646 550 863 581 casuum»
901 539 977 581 alia
1013 545 1070 582 est
1107 541 1272 583 ratione
1302 543 1572 599 sweeati,atta
1599 545 1763 587 ratione

136 623 338 653 censurae
369 608 585 656 adnexae,-
616 608 667 652 de
699 608 777 652 hac
802 612 1083 653 reservatione
1106 617 1145 665 §³
1168 612 1213 652 :3²
1232 619 1384 668 praec·
1401 617 1569 657 canonis
1594 619 1759 658 remittit

135 681 185 725 ad
222 680 306 725 Lib.
337 678 378 736 V,
402 680 453 724 (le
478 681 759 723 reservatione
784 680 949 723 ratione
977 682 1140 738 peceati
1175 686 1436 740 prosequitur
1461 684 1535 727 boc
1561 686 1687 742 (Iapul
1715 687 1759 731 ΙΙ.

135 752 241 796 Num
277 764 356 795 una
394 750 456 794 vel
491 750 620 794 altera
663 752 714 793 sit
756 755 905 793 statuta
947 755 1188 806 reservatio,
1225 759 1387 809 praeter
1421 769 1539 798 casus
1575 770 1759 800 reserva-

136 826 289 867 tionem
323 824 411 865 sine
444 821 605 865 adnexa
639 834 830 875 censura,
850 822 900 864 de
924 836 1004 879 quo
1031 822 1194 878 planum
1221 829 1293 877 est,
1318 828 1348 866 si
1374 838 1492 868 casus
1527 833 1761 871 reservatus

135 906 310 938 censura
347 895 568 947 muniatur,
603 905 653 935 an
687 895 737 935 sit
773 895 1000 935 reservatio
1033 898 1181 937 statuta
1220 898 1375 938 ratione
1402 900 1555 952 pei-,eati
1585 898 1645 940 vel
1671 912 1762 941 cen-

135 978 257 1009 surae
301 963 452 1021 pendet
491 976 511 1007 a
559 964 769 1007 voluntate
814 966 1078 1007 reservantis,
1112 971 1235 1021 atque
1270 980 1317 1008 ex
1356 969 1482 1022 ipsius
1522 968 1659 1011 verbis
1691 974 1759 1012 aut

135 1036 434 1080 consuetudine
469 1037 575 1078 foret
607 1034 862 1078 eruendum:
904 1037 941 1076 in
986 1034 1136 1078 (lodice
1180 1041 1315 1079 autem
1355 1050 1417 1080 res
1452 1041 1666 1094 perspicua
1702 1045 1759 1083 est

135 1107 269 1165 quoad
307 1108 609 1150 reservationes
646 1105 697 1149 ab
740 1105 887 1148 eodem
920 1109 1105 1148 statutas.
1145 1105 1338 1150 Diversus
1372 1109 1542 1151 etl'eetus
1577 1123 1762 1153 reserva—

135 1180 256 1222 tionis
289 1178 460 1221 alterius
494 1180 626 1220 utrius
658 1191 707 1220 ex
742 1177 905 1221 Codicis
938 1181 1237 1221 conmentario
1272 1179 1321 1221 de
1357 1179 1431 1222 lioc
1465 1178 1606 1236 Capite
1639 1194 1684 1224 ai·
1713 1182 1762 1224 de

135 1262 226 1293 can.
262 1249 389 1303 2246,
426 1249 537 1292 2247
576 1251 801 1305 poterimus
835 1251 989 1305 optime
1022 1262 1255 1292 secernere.

254 1342 332 1379 221.
362 1345 590 1378 Peccatum
619 1345 661 1378 S.
686 1345 786 1378 Sedi
814 1346 1106 1378 reservatum.
1136 1364 1151 1367 —
1185 1343 1294 1378 Casus
1329 1345 1514 1379 reservatio
1540 1344 1576 1379 S.
1608 1346 1762 1380 Pontifici

137 1403 201 1439 fuit
227 1407 356 1438 statuta
384 1403 418 1437 in
447 1402 673 1438 celeberrima
699 1407 810 1437 const.
844 1401 1146 1437 «Sacramentum
1185 1402 1419 1438 Poenitentiae
1441 1418 1470 1445 n,
1500 1403 1625 1439 Bened.
1661 1404 1730 1439 ΧΙΥ
1753 1407 1761 1427 ¹

135 1463 188 1498 his
217 1462 350 1498 verbis:
384 1473 660 1508 «quaecumque
688 1472 849 1508 persona,
879 1473 967 1507 quae
993 1462 1192 1497 exsecrabili
1223 1462 1419 1498 huiusmodi
1450 1463 1577 1507 flagitio
1595 1476 1630 1499 se
1649 1464 1763 1509 inqui—

135 1522 279 1563 naverit,
307 1522 358 1557 vel
387 1532 447 1568 per
472 1532 508 1556 sc
534 1516 646 1567 ip'sam
675 1521 880 1556 innocentes
907 1520 1147 1556 Confessarios
1175 1521 1280 1567 impie
1314 1522 1564 1557 calumniando
1591 1523 1645 1565 (de
1672 1524 1763 1557 solli-

135 1581 300 1617 citatione
324 1581 418 1627 apud
445 1581 577 1617 ludices
604 1580 885 1621 ecclesiasticos),
917 1581 967 1615 vel
995 1581 1136 1616 sceleste
1164 1582 1392 1626 procurando,
1421 1586 1456 1616 ut
1476 1582 1508 1616 id
1527 1582 1570 1616 ab
1589 1583 1667 1617 aliis
1687 1584 1762 1624 liar,

134 1652 155 1676 a
181 1651 401 1686 quocumque
427 1638 611 1675 Sacerdote
637 1639 760 1685 quovis
788 1639 980 1685 privilegio,
1008 1640 1213 1675 auctoritate
1239 1645 1271 1675 et
1300 1640 1469 1684 dignitate
1498 1641 1644 1682 munito,
1672 1653 1764 1686 prae-

135 1704 294 1745 terquam
321 1710 341 1735 a
368 1698 484 1739 Nobis,
512 1698 714 1744 Nosti-isque
741 1697 1017 1739 Successoribus‚
1046 1699 1110 1733 nisi
1142 1699 1176 1733 in
1206 1699 1273 1734 tine
1302 1699 1400 1738 vitae,
1428 1704 1459 1734 et
1485 1704 1625 1746 excepto
1646 1701 1764 1735 mortis

134 1759 291 1801 articulo.v
322 1770 382 1803 spe
407 1758 637 1794 absolutionis
663 1758 884 1798 obtinendae,
913 1770 1019 1804 quam
1041 1757 1143 1793 Nobis
1169 1763 1202 1793 et
1229 1756 1495 1793 Successoribus
1516 1759 1698 1805 praedictis
1717 1771 1765 1795 re-

133 1828 326 1857 servamus,
355 1822 518 1864 perpetuo
544 1821 710 1853 careat*
738 1839 780 1842 —
810 1817 946 1853 Praeter
972 1817 1062 1852 hanc
1089 1817 1275 1852 reservatio
1301 1817 1409 1852 altera
1428 1817 1462 1850 in
1484 1828 1595 1863 praec.
1619 1818 1690 1853 iure
1704 1829 1765 1853 au-

135 1882 263 1913 ctorem
303 1877 424 1912 habuit
462 1875 572 1912 Clem.
605 1875 674 1911 Vlll
706 1877 742 1911 in
774 1882 884 1912 const.
919 1891 932 1908 «
956 1876 1146 1920 Religiosae
1168 1890 1182 1908 »
1202 1877 1227 1917 2,
1256 1876 1311 1910 ubi
1341 1875 1468 1910 edixit:
1501 1890 1515 1907 «
1538 1876 1764 1920 ltegularibus

136 1936 292 1983 personis
319 1936 516 1972 utriuslibet
542 1947 644 1972 sexus
671 1938 757 1980 (non
784 1941 902 1972 tamen
930 1936 1088 1978 militiae)
1116 1946 1257 1970 omnem
1277 1940 1310 1970 et
1330 1946 1587 1980 quamcumque
1614 1936 1766 1980 largitio-

134 2007 215 2032 nem
242 2001 275 2032 et
301 1996 504 2032 missionem
537 2007 723 2032 munerum
763 1995 903 2042 penitus
942 1995 1236 2030 interdicimus».
1266 1994 1451 2039 Regulares
1479 1995 1764 2039 intelligebantur

135 2066 303 2102 personae
341 2056 428 2091 votis
466 2055 684 2091 solemnibus
711 2055 908 2091 obstrictae.
944 2054 989 2089 De
1014 2053 1268 2099 accipientibus
1295 2065 1373 2089 vero
1403 2054 1575 2100 praedicta
1604 2065 1760 2098 munera,

135 2115 348 2161 quicumque
374 2114 422 2149 illi
451 2115 592 2156 suerint,
619 2115 762 2150 nemine
788 2119 940 2160 excepto,
969 2113 1170 2148 subiunxit:
1204 2127 1219 2144 «
1246 2112 1383 2153 Verum,
1412 2113 1485 2159 ipso
1512 2113 1612 2154 tacto,
1633 2114 1763 2159 absque

133 2174 252 2220 aliqua
278 2174 472 2210 monitione
498 2174 678 2216 iudicis...
704 2178 763 2209 aut
789 2173 1034 2212 declaratione,
1063 2173 1105 2207 ad
1143 2172 1236 2207 illius
1274 2172 1529 2207 restitutionem
1556 2173 1700 2207 omnino
1728 2174 1761 2207 in

136 2239 282 2280 utroque
310 2234 381 2269 foro
406 2238 604 2276 teneantur,
630 2235 715 2269 adeo
741 2238 789 2275 ut,
808 2233 1027 2268 restitutione
1048 2232 1121 2277 ipsa
1147 2231 1286 2267 realiter
1313 2242 1382 2266 non
1405 2232 1506 2272 tacta,
1527 2242 1639 2277 neque
1658 2232 1761 2267 etiam

135 2292 172 2326 in
200 2292 274 2328 foro
300 2293 534 2329 conscientiae
551 2293 682 2328 absolvi
702 2304 774 2330 non
795 2293 926 2339 possint
947 2306 978 2326 ι).
1003 2290 1162 2327 Urbanus
1183 2301 1260 2326 vero
1282 2290 1350 2325 vm
1373 2291 1406 2325 in
1426 2295 1536 2326 const.
1554 2305 1568 2322 «
1587 2290 1730 2337 Nuper»
1749 2292 1762 2313 3

135 2351 324 2387 declaravit
350 2364 392 2387 ex
420 2352 548 2398 quibus
573 2352 699 2393 causis,
725 2363 804 2387 cum
832 2362 978 2397 quorum
1008 2350 1149 2385 licentia
1174 2354 1207 2385 et
1234 2360 1330 2401 quaex
1352 2364 1366 2382 «
1388 2360 1534 2385 munera
1556 2360 1576 2384 a
1593 2350 1763 2395 religiosis

136 2411 317 2457 utriusque
342 2422 443 2448 sexus
480 2411 586 2447 tribui
627 2422 726 2458 posse
740 2424 774 2445 ».
805 2411 843 2446 Et
870 2410 1016 2445 inferius
1039 2409 1194 2444 addidit:
1224 2408 1334 2454 quoad
1369 2409 1657 2443 «restitutionem
1687 2419 1764 2443 vero

135 2474 352 2516 receptorum
381 2470 577 2516 (illegitime
603 2475 806 2508 munerum)
835 2469 961 2516 quibus
996 2467 1226 2503 conventibus
1262 2468 1455 2502 faciendam
1483 2478 1608 2502 esse».
1638 2468 1685 2502 Ac
1712 2468 1762 2501 de-

137 2540 232 2564 mum
260 2540 299 2565 ex
327 2530 400 2564 ΑΑ.
430 2529 731 2576 interpretatione,
760 2529 787 2563 si
815 2529 988 2573 obligatus
1016 2527 1189 2572 impotens
1217 2527 1302 2562 soret
1328 2526 1370 2561 ad
1402 2526 1669 2567 restituendum,
1695 2526 1764 2560 suf-

137 2589 275 2625 ficiebat
303 2593 339 2624 ut
366 2589 581 2635 promitteret
607 2599 653 2629 se,
680 2588 941 2634 quamprimum
964 2586 1133 2644 potuerit,
1159 2596 1232 2621 esse
1259 2581 1521 2621 restituturum(

167 2684 187 2697 ·
255 2672 322 2717 Sic
356 2672 568 2716 moderata
605 2674 643 2714 in
678 2673 795 2728 praxi
830 2683 877 2714 ac
921 2671 1005 2713 t'ere
1050 2668 1180 2712 inutili
1216 2668 1293 2712 hae
1328 2670 1621 2716 reservatione,
1657 2681 1763 2711 nune

138 2745 293 2800 optime
314 2740 452 2787 Codex
480 2745 661 2787 retinens
685 2742 915 2798 largitionis
938 2752 1156 2783 munerum
1182 2738 1502 2795 prohibitionem
1533 2756 1553 2778 «
1573 2752 1620 2782 ex
1649 2739 1763 2782 bonis

256 2898 268 2920 1
296 2898 314 2931 1
341 2896 431 2931 Iun.
464 2897 567 2931 1741.
596 2916 638 2920 —-
666 2895 679 2917 2
707 2895 750 2929 19
776 2894 863 2928 Iun.
892 2894 993 2928 1594.
1021 2913 1062 2917 —
1090 2892 1104 2913 ³
1132 2892 1174 2926 16
1202 2892 1287 2927 Oct.
1322 2892 1422 2926 1640.
