1971 3261
70 163 163 199 Can.
191 161 282 197 1071
587 160 670 194 TIT.
702 161 791 195 VII.
821 181 833 186 -
861 161 917 196 De
944 162 1203 195 Matrimonia
1635 160 1704 194 579

190 281 248 325 De
282 282 529 324 necessitate
565 279 726 323 illarum
762 283 1017 330 cautionum,
1062 291 1167 335 quac
1193 280 1229 320 in
1255 291 1412 321 canone
1436 281 1629 333 citantur,
1652 279 1701 322 ad

71 353 390 410 dispensationis
423 351 675 406 disparitatis
711 350 847 393 cultus
884 350 1154 402 validitatem,
1190 355 1284 392 sunt
1317 349 1398 392 duo
1437 350 1704 393 memoranda

74 423 249 468 Decreta
281 422 319 466 S.
355 420 523 477 Congi·.⁵
572 420 674 477 100.ε
700 421 727 461 ¹.
772 420 828 463 Ex
873 420 904 462 1Ο
940 419 1080 464 Dec.⁰:
1134 436 1155 460 «
1179 419 1239 462 An
1281 422 1318 462 in
1353 420 1632 463 concedendis
1655 420 1706 463 ab

71 493 250 538 habente
283 504 304 536 a
338 492 378 535 S.
412 491 518 535 Sede
555 495 797 547 potestatem
834 490 1213 547 dispensationibus
1247 504 1372 546 super
1396 491 1707 547 impedimentis

71 564 328 620 disparitatis
360 561 497 606 cultus
532 564 813 618 praescriptae
846 563 1060 605 cautiones
1102 574 1268 617 semper
1316 563 1395 603 sint
1443 561 1722 616 exigendae&

71 635 219 679 Emmi.
244 632 486 677 Cardinales
513 632 847 688 respondendum
873 633 1176 675 decreverunt:
1202 631 1557 688 Dispensationem
1582 644 1706 687 super

72 704 370 762 impedimento
404 703 658 759 disparitatis
703 702 840 746 cultus
891 714 1117 759 numquam
1167 702 1353 755 concedi,
1390 704 1464 744 nisi
1500 704 1707 757 expressis

72 774 265 819 omnibus
297 773 606 817 conditionibus
650 787 721 816 seu
772 772 1092 817 cautionibus».
1128 796 1182 803 —
1217 771 1322 815 Hinc
1372 771 1547 815 liabetur
1581 775 1618 814 in
1656 771 1706 814 ll0

75 847 214 891 Dcc.⁰:
255 860 275 887 «
300 845 343 888 1⁰
365 844 508 889 Utrum
533 845 786 901 dispensatio
811 858 935 900 super
959 844 1256 900 impedimento
1280 844 1534 900 disparitatis
1557 843 1706 897 cultus,

73 917 125 962 ab
157 916 335 961 habente
384 929 406 959 a
454 916 494 958 S.
533 916 639 959 Sede
684 919 942 971 potestatem,
992 927 1071 957 non
1123 916 1330 971 requisitis
1380 913 1443 957 vel
1493 914 1708 969 denegatis

76 990 342 1046 praescriptis
375 987 638 1031 cautionibus
672 989 894 1043 impertita,
947 985 1081 1028 valida
1129 984 1321 1028 habenda
1363 989 1428 1038 sit,
1461 997 1510 1028 an
1547 985 1706 1029 0007...

75 1060 137 1103 Ad
175 1060 227 1102 1¹³²
261 1058 619 1115 Dispensationem
657 1062 776 1114 prout
811 1059 1032 1113 exponitur
1071 1058 1322 1112 impertitam
1348 1069 1436 1098 esse
1459 1055 1628 1099 nullam.
1655 1081 1708 1086 —

76 1130 119 1173 “2⁰
153 1130 298 1175 Utrum
334 1131 446 1172 hisce
481 1131 518 1171 in
554 1127 732 1183 casibus,
766 1141 861 1171 cum
895 1126 1054 1170 scilicet
1086 1127 1137 1169 de
1171 1126 1477 1182 dispensatione
1515 1128 1573 1169 sic
1598 1129 1710 1169 inva-

75 1201 157 1245 lide
189 1213 384 1245 concessa
420 1200 639 1243 evidenter
673 1203 846 1252 constat,
898 1199 1149 1240 matrimonii
1185 1210 1233 1240 ex
1269 1196 1346 1239 hoc
1379 1199 1514 1253 capite
1550 1196 1710 1239 nullita-

75 1277 156 1315 tem
192 1284 264 1328 per
294 1284 338 1314 se
372 1272 458 1327 ipse
492 1267 743 1314 Ordinarius
775 1268 991 1312 declarare
1028 1267 1176 1322 valeat,
1215 1267 1277 1310 vel
1313 1280 1415 1323 opus
1447 1269 1511 1319 sit,
1534 1267 1708 1323 singulis

78 1342 252 1397 vicibus,
287 1341 337 1384 ad
382 1341 419 1384 S.
455 1341 605 1384 Sedem
650 1353 723 1396 pro
757 1342 960 1383 sententia
1005 1339 1221 1381 definitiva
1268 1338 1521 1381 recurrere?
1555 1338 1616 1381 Ad
1654 1338 1706 1381 ‘2¹¹¹

75 1413 337 1457 Affirmative
371 1412 421 1456 ad
458 1414 659 1469 primam3
694 1413 889 1464 negative
919 1411 968 1453 ad
1006 1411 1059 1453 2¹¹¹
1094 1415 1316 1467 partem».

194 1483 369 1527 Demum
405 1483 444 1526 S.
478 1483 630 1539 Congr.
680 1482 783 1539 11](1.ε
816 1481 831 1502 ²
864 1482 1087 1538 quemdam
1137 1481 1457 1537 dispensationis
1507 1480 1628 1523 buius
1660 1482 1712 1523 et'·

75 1557 230 1600 sectum
264 1567 286 1598 a
320 1556 359 1598 S.
394 1554 501 1598 Sede
534 1566 758 1597 concessae
793 1554 1002 1609 proponit:
1043 1551 1272 1595 «Ecclesia
1305 1551 1582 1607 dispensando
1616 1565 1709 1594 cum

77 1631 192 1684 parte
225 1625 429 1670 catholica
463 1638 588 1682 super
620 1624 864 1681 disparitate
911 1623 1060 1678 cultus,
1098 1628 1139 1666 ut
1173 1636 1268 1666 cum
1303 1622 1459 1666 infideli
1493 1621 1711 1665 contrahat

77 1698 318 1755 dispensare
352 1696 599 1752 intelligitur
632 1695 684 1739 ab
717 1697 766 1737 iis
799 1697 928 1738 etiam
949 1694 1278 1750 impedimentis,
1302 1707 1324 1737 e
1346 1693 1498 1751 quibus
1521 1698 1713 1750 exempta

77 1774 138 1813 est
171 1780 267 1825 pars
300 1767 494 1819 infidelis,
528 1771 572 1810 ut
606 1766 701 1810 inde
735 1766 858 1809 huius
891 1767 1102 1822 exemptio
1134 1769 1304 1821 propter
1336 1769 1575 1808 contractus
1609 1764 1714 1807 indi-

80 1840 325 1884 viduitatem
345 1839 653 1882 communicata
671 1841 886 1880 remaneat
904 1841 943 1880 et
961 1835 1131 1879 alleri».
1153 1835 1215 1879 Ab
1236 1836 1546 1891 impedimentis
1565 1848 1715 1892 nempe

78 1909 373 1955 communibus
421 1911 588 1966 utrique
637 1910 741 1965 parti
779 1921 817 1953 V.
852 1922 912 1964 gr.
958 1909 1352 1963 consanguinitatis3
1401 1906 1629 1949 dummodo
1663 1906 1715 1949 ab

82 1981 263 2026 Ecclesia
298 1981 529 2037 dispensari
564 1982 691 2036 possit
723 1992 770 2022 ac
803 1979 933 2022 soleat
966 1978 1311 2034 impedimentum
1337 1979 1532 2020 existens.
1565 1976 1614 2019 Et
1641 1976 1715 2020 boc

82 2053 208 2097 Dec.¹¹²
234 2055 374 2108 utpote
396 2050 550 2108 stylum
574 2049 724 2095 Curiae
749 2051 931 2093 reterens
958 2051 1039 2091 vim
1064 2061 1180 2091 suam
1209 2052 1297 2105 post
1329 2048 1524 2092 Codieem
1552 2050 1714 2090 retinet.

199 2123 298 2168 469.
319 2124 720 2180 Impedimentum
740 2123 929 2167 ordinis
947 2122 1076 2167 sacri
1099 2132 1180 2177 qua
1203 2118 1296 2163 talis
1315 2121 1502 2162 innititur
1524 2118 1610 2162 solo
1629 2121 1717 2162 iure

81 2195 378 2239 ecclesiastico.
415 2192 508 2236 Dixi
548 2208 570 2234 «
592 2205 673 2250 qua
708 2191 859 2246 talis»,
906 2193 1002 2249 quia
1037 2193 1074 2233 in
1111 2189 1296 2234 Ecclesia
1333 2189 1476 2233 Latina
1510 2192 1717 2246 susceptio

81 2265 406 2310 subdiaconatus
437 2264 662 2307 secumsert
695 2262 896 2319 implicite
944 2266 1086 2305 votum
1134 2263 1336 2305 castitatis
1367 2260 1570 2304 sollemne
1603 2260 1719 2303 litur-

81 2338 175 2394 gico
224 2337 313 2379 iure
357 2336 676 2391 praescriptum,
726 2332 822 2376 hinc
870 2337 1075 2390 quatenus
1122 2344 1241 2375 sacer
1287 2331 1390 2374 ordo
1440 2330 1542 2374 illud
1593 2330 1717 2373 habet

82 2407 340 2462 adiunctum,
376 2407 564 2449 innititur
603 2405 739 2448 eidem
789 2406 865 2447 iuri
901 2416 949 2447 ac
983 2403 1328 2460 impedimentum
1380 2403 1631 2446 matrimonii
1667 2415 1715 2444 ex

88 2482 182 2521 voto
215 2476 418 2521 sollemni.

204 2571 373 2607 Probatur
410 2571 459 2607 sie
496 2582 576 2607 eum
617 2571 653 2606 D.
681 2571 815 2606 Tboma
841 2571 883 2606 ad
912 2570 966 2606 ius
993 2570 1203 2617 praecedens
1242 2569 1333 2615 quod
1372 2569 1497 2605 attinet
1532 2569 1567 2604 in
1596 2567 1720 2604 Codice

84 2635 260 2668 servatum
277 2631 310 2665 ³:
340 2644 356 2664 «
376 2630 564 2667 Dec-retalis
593 2631 706 2677 prima
731 2630 814 2665 Tit.i
840 2630 882 2665 de
911 2629 1047 2666 clericis
1084 2628 1281 2674 coniugatis
1311 2627 1358 2673 43,
1387 2628 1445 2674 lv)
1474 2628 1581 2664 dicit:
1610 2627 1717 2671 “Qui

87 2691 122 2725 in
150 2690 404 2726 subdiaconatu
430 2694 463 2725 et
488 2690 568 2725 aliis
594 2689 832 2736 superioribus
857 2689 1041 2725 ordinibus
1068 2699 1191 2724 uxores
1216 2688 1393 2734 accepisse
1420 2692 1627 2731 noscuntur,
1664 2698 1720 2721 eos

87 2761 210 2785 uxores
236 2749 411 2785 dimittere
437 2749 654 2795 compellatis
676 2776 714 2792 ‚..
744 2748 811 2784 Sed
844 2749 907 2784 hoc
945 2759 1015 2784 non
1055 2752 1145 2783 esset
1185 2747 1400 2788 faciendum,
1430 2746 1456 2780 si
1485 2750 1573 2782 esset
1601 2757 1718 2781 verum

151 2869 288 2949 LIiIffl
318 2867 405 2948 Igu.
437 2867 540 2907 1912,
571 2867 649 2911 CO,
677 2867 746 2901 442
773 2871 813 2902 et:
842 2867 925 2901 443.
968 2887 1010 2891 —
1049 2867 1062 2888 '2
1101 2866 1122 2899 3
1149 2865 1285 2900 Martii
1316 2866 1417 2899 1825.
1461 2885 1499 2889 —
1542 2865 1555 2886 3
1583 2864 1719 2909 Suppl.

91 2927 125 2960 q.
271 2926 304 2949 a.
361 2942 367 2948 .
