1971 3261
129 179 198 213 732
837 175 1047 201 APPENDIX

243 293 264 313 ἦ
280 291 335 328 46.
362 288 593 336 Dispensandi
620 298 699 323 cum
727 284 906 321 catholicis
932 281 1157 330 pauperibuS‚
1179 281 1238 326 qui
1256 291 1361 327 opera
1380 291 1443 316 sua
1469 281 1568 317 valde
1586 281 1759 327 indigent,

127 359 164 389 ut
188 351 354 388 serviliter
380 349 531 384 laborare
557 346 697 382 valeant
731 343 844 379 diebus
871 341 1069 382 Dominicis,
1099 339 1251 386 exceptis
1290 340 1457 377 Paschate
1481 345 1517 376 et
1544 340 1757 382 Pentecoste,

130 416 203 458 post
227 415 343 445 tamen
372 421 401 442 S.
431 407 556 442 Missae
580 404 797 440 auditionem
824 401 851 436 si
883 400 991 448 possit
1019 398 1147 441 audiri,
1174 399 1201 433 si
1230 410 1309 434 vero
1346 410 1419 434 non
1458 398 1579 445 possit,
1607 399 1760 434 recitatis

129 470 285 516 precibus
311 465 530 513 suppletivis.
560 462 764 509 (Peculiaris
791 461 975 506 utriusque
1000 458 1184 494 Formulae
1209 458 1357 503 tertiae).

245 575 306 618 Ad
342 587 378 616 n.
415 573 482 615 46.
518 597 570 602 —
604 568 810 623 Quamvis
843 569 932 610 iure
964 567 1176 610 communi
1211 564 1321 622 (can.
1348 564 1475 619 1245,
1500 564 1528 623 ἓ
1552 565 1594 621 1)
1632 563 1759 608 facul-

127 652 186 689 tas
219 645 340 688 detur
379 642 568 699 parochis
616 652 783 698 quoque
822 640 907 680 «in
941 636 1107 680 casibus
1154 635 1438 692 singularibus
1484 637 1675 692 iustaque
1707 635 1759 678 de

127 729 249 761 causa
273 731 294 756 ›>
325 713 495 771 proinde
517 711 786 768 singulariter
817 710 1052 762 eveniente,
1090 706 1320 763 «singulos
1353 705 1498 750 tideles
1519 705 1760 762 singulasve

129 788 305 831 fainidas
336 798 355 828 a
391 784 482 839 lege
515 783 726 825 communi
776 780 827 823 de
875 778 1142 822 observantia
1191 779 1392 821 festorum
1440 777 1681 833 dispensare
1703 791 1759 831 ”3

127 861 306 900 attamen
343 854 513 897 liberior
547 851 718 895 facultas
749 849 995 894 conceditur
1028 848 1094 892 bic
1133 847 1444 904 «dispensandi
1488 845 1530 904 a)
1565 860 1658 890 cum
1693 859 1759 890 ca-

127 927 288 970 tholicis
322 926 508 983 (propter
533 923 745 979 religionis
767 920 998 964 catholicae
1023 918 1343 976 professionem)
1368 916 1635 974 pauperibus,
1660 917 1759 974 (sin-

127 997 235 1052 gulis
267 1009 315 1040 ac
348 994 540 1039 omnibus
573 997 697 1037 etiam
731 990 1012 1045 habitualiter‚
1047 989 1118 1034 sed
1169 988 1420 1033 subsistente
1463 987 1541 1031 hac
1575 990 1761 1031 taxative

128 1067 270 1125 causa)
306 1066 347 1124 b)
381 1069 449 1124 qui
485 1077 608 1122 opera
643 1076 715 1107 sua
754 1062 875 1106 valde
921 1061 1110 1118 indigent
1153 1060 1248 1118 (pro
1296 1059 1476 1103 familiae
1529 1061 1654 1111 victu,
1693 1072 1760 1102 ve-

127 1142 237 1193 stitu,
272 1142 349 1181 etc.
383 1142 420 1181 et
454 1139 542 1179 sine
577 1135 642 1178 illa
677 1146 801 1178 causa
842 1133 1135 1189 «dispensatio
1185 1131 1327 1175 illicita
1362 1135 1401 1174 et
1435 1129 1617 1174 invalida
1651 1133 1756 1173 est»

127 1223 216 1254 can.
252 1210 320 1263 84,
355 1213 380 1263 ἓ
415 1207 471 1265 1).
508 1205 749 1265 (Obiectum
785 1205 1106 1262 dispensationis
1129 1207 1203 1256 est,
1227 1201 1559 1258 tantummodo)3
1594 1202 1635 1259 a)
1672 1205 1762 1244 «ut

127 1280 340 1324 serviliter
372 1279 568 1323 laborare
614 1277 779 1321 valeant
827 1276 972 1334 (licite,
1008 1288 1086 1318 non
1136 1275 1325 1318 obstante
1367 1285 1458 1316 can.
1496 1272 1623 1324 1245,
1654 1271 1683 1330 ξ
1717 1271 1760 1325 1)

127 1351 270 1395 diebus
305 1351 530 1394 Dominicis
577 1349 675 1407 (non
719 1348 810 1391 aliis
857 1348 970 1390 festis
1007 1344 1129 1390 «sub
1168 1348 1389 1402 praecepto
1415 1359 1433 1384 >³
1472 1343 1522 1387 ad
1571 1355 1760 1386 normam
1809 1354 1814 1356 ’

127 1435 216 1466 can.
253 1421 379 1477 1247,
414 1419 513 1477 imo)
548 1421 734 1476 exceptis
768 1417 967 1461 Paschate
1002 1421 1041 1460 et
1077 1416 1315 1460 Pentecoste
1349 1414 1476 1472 (inter
1508 1413 1599 1456 dies
1630 1413 1763 1456 domi-

127 1492 274 1550 nicos),
310 1492 351 1550 b)
386 1496 475 1550 post
522 1496 658 1534 tamen
693 1504 723 1533 s.
759 1489 906 1532 Missae
956 1488 1211 1531 auditionem
1262 1486 1361 1544 (non
1395 1485 1537 1542 autea)
1568 1487 1600 1527 si
1637 1486 1764 1541 possit.

127 1565 276 1619 audiri,
310 1566 342 1607 si
379 1576 475 1606 vero
510 1576 587 1605 non
624 1563 752 1618 possit
784 1561 986 1617 (omnino,
1024 1558 1086 1602 vel
1122 1571 1199 1601 non
1240 1556 1388 1614 prius),
1422 1557 1605 1600 recitatis
1652 1556 1763 1611 (ante

129 1634 331 1691 laborem)
365 1633 558 1691 precibus
590 1632 838 1689 suppletivis
861 1647 901 1687 n,
936 1643 1043 1688 quae
1093 1633 1310 1686 propterea
1346 1630 1384 1670 in
1424 1639 1522 1670 casu
1563 1630 1708 1688 ⁴essent
1740 1638 1761 1669 a

128 1707 391 1762 dispensante
425 1704 783 1748 determinandae.

247 1777 306 1820 Ad
343 1777 520 1819 litteram
555 1775 618 1833 C).
655 1801 707 1805 —
742 1775 972 1831 Sequentes
1009 1771 1226 1816 facultates
1273 1772 1332 1814 sic
1380 1773 1477 1813 sunt
1519 1780 1764 1812 communes

128 1848 432 1903 Formularnm,
459 1852 501 1890 ut
537 1847 630 1889 illae
663 1845 740 1889 sub
765 1847 838 1890 nis.
864 1845 917 1887 47
943 1848 983 1887 et
1007 1844 1060 1887 50
1096 1845 1364 1886 inveniantur
1394 1843 1432 1883 in
1465 1838 1660 1883 Formula
1687 1841 1766 1895 pri-

130 1932 192 1962 ma
227 1924 266 1962 et
298 1918 389 1961 aliis
423 1917 650 1961 maioribus
693 1917 838 1960 favore
889 1914 1146 1959 Vicat-iorum
1182 1911 1531 1970 Apostolicorum,
1566 1923 1587 1953 e
1620 1913 1761 1953 contra

127 1995 290 2034 ceterae
322 1989 399 2032 sub
431 1991 506 2031 nis.
543 1989 597 2031 48
632 1992 671 2031 et
703 1987 756 2030 49
791 1999 1039 2030 communes
1077 1990 1174 2028 sunt
1222 1985 1407 2027 omnium
1459 1979 1762 2033 Formularum,

127 2061 197 2105 sed
225 2061 447 2103 Praefectis
470 2059 719 2116 Apostolieis
743 2071 816 2115 per
841 2056 1057 2100 Formulas
1082 2058 1262 2099 minores
1284 2053 1529 2098 conceditur
1551 2049 1764 2094 indultum

128 2130 284 2174 altaris
314 2129 594 2187 pii‘i't’i'leqi'iili',
628 2143 710 2187 quo
742 2128 1050 2185 gaudentiure
1089 2127 1301 2169 communi
1351 2122 1502 2167 Vicai·ii
1537 2119 1762 2178 Apostolici

129 2207 339 2259 tamquam
375 2200 565 2257 Episcopi
601 2200 789 2243 titulares
827 2201 862 2241 vi
898 2211 987 2242 can.
1025 2197 1123 2252 349,
1155 2196 1183 2255 ἓ
1218 2196 1256 2252 1,
1289 2209 1331 2240 n.
1368 2195 1427 2238 10.

657 2364 702 2407 C)
730 2385 772 2390 —-
800 2365 878 2398 Pro
903 2364 988 2407 ipso
1013 2361 1240 2398 Ordinario.

245 2478 301 2515 47.
322 2480 527 2515 Asservandi
546 2480 581 2514 in
601 2479 726 2515 sacello
744 2480 869 2515 domus
887 2478 1022 2514 stabilis
1040 2488 1123 2513 suae
1141 2475 1351 2512 residentiae
1371 2474 1503 2511 Samum
1525 2473 1764 2510 Eucharistiae

127 2538 387 2578 Sacramentum,
419 2549 458 2574 ea
485 2539 567 2583 lege,
595 2544 632 2573 ut
659 2539 793 2584 lampas
819 2537 1060 2573 indesinenter
1081 2540 1164 2572 ante
1180 2534 1448 2570 tabernaculum
1469 2534 1636 2575 lucescat,
1655 2532 1765 2568 clavis

126 2598 310 2642 diligenter
335 2597 563 2639 custodiatur,
589 2597 726 2643 aliaque
754 2597 849 2632 iuxta
876 2596 1055 2641 liturgicas
1083 2596 1174 2640 leges
1201 2594 1303 2640 plene
1327 2598 1523 2629 serventur.

249 2692 310 2735 Ad
348 2705 384 2737 n.
414 2692 481 2735 47.
520 2719 571 2722 —
609 2692 767 2735 Dicitur
791 2694 830 2734 in
854 2705 944 2735 can.
972 2691 1099 2746 1265,
1121 2690 1150 2748 ξ
1174 2690 1197 2732 2
1237 2704 1257 2730 «
1282 2689 1358 2732 loci
1381 2685 1632 2733 Ordinarius
1655 2687 1762 2731 hanc

128 2764 334 2807 licentiam
372 2762 411 2819 (a
445 2775 525 2819 qna
559 2765 701 2819 incipit
737 2776 851 2806 num.
884 2761 961 2819 47)
1005 2761 1238 2805 concedere
1289 2763 1420 2816 potest
1467 2758 1754 2802 tantummodo

126 2834 327 2878 ccclesiae
359 2837 430 2876 aut
461 2836 641 2876 oratorio
675 2833 842 2889 publico
868 2846 918 2876 ex
944 2835 1057 2876 iuxta
1081 2845 1206 2876 causa
1230 2835 1270 2874 et
1294 2844 1365 2887 per
1391 2829 1558 2873 modum
1585 2834 1701 2872 actus
1721 2845 1764 2873 ».

127 2904 244 2948 Nunc
280 2916 378 2946 vero
416 2919 437 2943 «
460 2900 693 2947 Oratoria...
732 2903 1029 2959 Episcoporum
1063 2905 1153 2945 sive
1187 2900 1517 2945 residentialinm
1552 2901 1642 2943 sive
1667 2901 1760 2943 titu-
