1971 3261
586 155 671 189 Tl'r.
701 156 788 190 VII.

68 274 243 311 nullitatis
270 273 483 309 matrimonii
503 283 713 308 consensum
735 274 849 309 matri-

72 321 259 358 monialem
288 320 481 356 necessario
507 331 577 355 non
605 320 768 355 excludit.

117 368 203 406 CAN.
229 367 362 403 1⁰86.-
379 369 445 410 51
465 367 626 402 internus
643 368 753 402 animi
774 378 851 402 con

71 427 196 453 sensus
220 426 357 468 semper
389 415 622 461 praesumitur
659 415 851 450 conformis

71 463 185 500 verbis
214 462 266 498 vel
292 462 402 507 signis
429 462 465 496 in
496 461 704 498 celebrando
732 462 850 497 matri-

72 510 190 547 monio
214 509 393 546 adhibitis.

118 562 138 601 5
164 557 197 592 2.
228 558 270 592 At
296 556 322 591 si
350 556 517 592 alterutra
537 556 588 592 vel
608 561 754 603 utraque
775 566 852 601 pars

72 605 218 658 positivo
245 603 434 639 voluntatis
459 608 536 639 actu
556 604 717 639 excludat
736 602 852 638 matri-

72 652 231 688 monium
259 652 388 697 ipsum
416 655 476 686 aut
502 661 605 686 omne
633 651 685 686 ius
704 651 746 686 ad
774 661 854 685 con-

72 699 221 745 iugalem
260 703 391 738 actum
434 699 485 733 vel
528 699 749 734 essentialem
789 697 850 732 ali-

71 757 176 793 quam
209 745 424 781 matrimonii
466 745 725 791 proprietatem,
754 744 851 779 inva-

72 794 140 832 lide
165 793 351 829 contrahit.

119 839 204 877 CAN.
238 839 337 876 1087.
367 861 382 866 -
405 843 424 882 5
447 840 475 874 1.
498 839 693 875 tmalidum
713 849 851 886 quoque

70 893 123 924 est
162 887 426 923 matrimonium
469 887 594 922 initum
630 887 673 922 ob
701 888 768 922 vim
799 886 852 922 vel

72 940 203 971 metum
230 946 370 980 gravem
397 934 437 971 ab
459 935 653 970 extrinseco
671 940 703 970 et
724 935 852 970 iniuste

72 983 264 1018 incussum.
286 993 307 1018 a
333 993 401 1028 quo
419 986 456 1018 ut
479 982 557 1028 quis
578 992 613 1017 se
640 982 774 1021 liberet,
792 981 852 1016 eli-

71 1041 150 1075 gere
176 1034 318 1074 cogatur
345 1029 623 1065 matrimonium.

120 1081 139 1119 5
165 1077 198 1111 ⁶2.
229 1076 351 1112 Nullus
377 1076 468 1112 alius
495 1082 618 1118 metuS,
640 1076 775 1112 etiamsi
796 1077 853 1113 det

72 1135 213 1161 causam
240 1124 448 1164 contractui,
478 1124 693 1160 matrimonii
715 1125 854 1160 nullita-

72 1177 142 1208 tem
169 1171 368 1207 secumfert.

121 1217 205 1254 CAN.
239 1216 336 1254 1088.
369 1239 384 1244 -
413 1221 432 1260 5
461 1217 492 1252 1.
515 1218 564 1253 Ad
589 1218 851 1254 matrimonium

73 1266 187 1302 valide
227 1265 508 1301 contrahendum
551 1276 690 1301 necesse
727 1270 778 1301 est
816 1270 854 1301 nt

73 1313 318 1349 contrahentes
353 1313 423 1347 sint
462 1317 662 1359 praesentes
696 1313 768 1349 sive
796 1323 854 1358 per

73 1371 109 1396 se
136 1360 199 1406 ipsi
228 1360 299 1395 sive
328 1370 386 1406 per
413 1364 685 1406 procuratorem.

817 176 829 182 ·
856 156 913 191 De
939 157 1064 191 Matri
1068 160 1199 191 monio

1635 156 1703 192 597

971 278 990 316 5
1016 273 1037 309 2
1079 273 1204 320 Sponsi
1235 274 1528 310 matrimonialem
1557 285 1703 310 consen-

924 332 1001 356 sum
1028 323 1227 367 exprimant
1259 321 1395 357 verbis:
1437 332 1499 357 nec
1526 321 1704 367 aequipol-

924 368 1032 421 lentia
1047 369 1147 413 signa
1165 369 1330 404 adhibere
1350 369 1434 414 ipsis
1452 369 1542 409 licet,
1560 369 1586 403 si
1608 369 1700 414 loqui

926 421 1072 461 possint.

971 462 1057 498 (jis.
1091 461 1191 497 1089.
1224 483 1240 488 -
1268 467 1288 505 5
1319 463 1345 497 1.
1376 462 1499 497 Firmis
1532 462 1704 498 dioecesa-

927 509 980 544 nis
1007 510 1144 545 statutis
1171 510 1320 556 desuper
1355 509 1496 548 additis,
1527 515 1561 544 ut
1591 509 1707 544 matri-

926 557 1082 592 monium
1113 568 1171 602 per
1199 562 1453 603 procuratorem
1484 557 1595 592 valide
1615 557 1706 592 inea-

925 609 992 640 tur.
1024 605 1212 650 requiritur
1251 605 1455 639 mandatum
1487 604 1636 650 speciale
1661 604 1702 639 ad

925 652 1203 687 contrahendum
1231 662 1310 686 cum
1331 657 1423 687 certa
1453 662 1608 697 persona,
1628 651 1708 685 sub-

925 699 1094 744 scriptum
1123 710 1140 733 a
1170 699 1361 734 mandante
1379 703 1411 733 ct
1432 699 1480 733 vel
1509 711 1528 733 a
1558 698 1706 744 parocho

925 751 984 781 aut
1011 744 1200 781 Ordinario
1233 746 1292 781 loci
1335 745 1370 780 in
1397 756 1464 791 quo
1500 746 1704 781 mandatum

927 792 977 833 fit,
1007 793 1057 829 vel
1084 804 1100 827 a
1129 794 1305 829 sacerdote
1343 793 1387 828 ab
1425 793 1590 828 alterutro
1615 792 1704 828 dele-

925 846 1016 886 gato,
1046 840 1097 875 vel
1124 851 1143 875 a
1170 840 1306 875 duobus
1332 839 1455 875 saltem
1484 840 1638 875 testibus.

973 888 992 933 ξ
1018 888 1049 921 2.
1077 886 1111 921 Si
1141 890 1316 922 mandans
1334 887 1485 922 scribere
1504 887 1649 927 nesciat,
1671 886 1704 921 id

927 936 962 970 in
992 936 1066 980 ipso
1093 935 1258 970 mandato
1276 934 1462 969 adnotetur
1488 939 1519 969 et
1539 934 1629 969 alius
1659 938 1705 969 te-

926 983 988 1017 stis
1013 982 1160 1017 addatur
1186 983 1243 1027 qui
1277 981 1483 1027 scripturam
1525 981 1597 1027 ipse
1623 991 1706 1026 quo-

925 1040 993 1076 que
1018 1029 1220 1074 subsignet:
1259 1040 1358 1064 secus
1394 1028 1599 1063 mandatum
1630 1028 1705 1063 irri-

927 1082 999 1112 tum
1027 1081 1091 1111 est.

974 1128 993 1166 5
1012 1123 1043 1158 3.
1063 1122 1114 1163 Si,
1135 1129 1324 1169 antequam
1347 1127 1546 1168 procurator
1564 1123 1707 1157 nomine

927 1171 1131 1206 mandantis
1166 1171 1389 1211 contraxerit,
1419 1170 1473 1205 hic
1502 1170 1705 1205 mandatum

927 1218 1137 1253 revocaverit
1163 1222 1222 1252 aut
1250 1217 1283 1252 in
1315 1218 1506 1253 amentiam
1536 1217 1708 1256 inciderit,

927 1265 1121 1300 invalidum
1148 1269 1199 1300 est
1227 1265 1506 1304 matrimonium,
1537 1264 1613 1299 licet
1637 1264 1708 1298 sive

929 1317 1128 1365 procurator
1166 1323 1237 1347 sive
1276 1311 1346 1347 alia
1386 1323 1464 1358 pars
1498 1311 1709 1347 contrahens

927 1360 1010 1395 haec
1038 1359 1289 1405 ignoraverint.

371 1534 414 1538 —
442 1512 632 1548 necessitas
658 1512 802 1558 eiusque
830 1516 956 1547 natura
1498 1510 1585 1547 Can.
1621 1510 1701 1547 1081

854 1627 903 1660 3—
930 1606 973 1642 ob
1001 1607 1236 1652 ignorantiam
1557 1622 1564 1637 >
1625 1605 1710 1641 1082

555 1712 656 1737 ‹—ex
670 1701 832 1748 partein·
1125 1722 1166 1726 —
1194 1712 1380 1747 personam
1406 1702 1497 1737 eius·-
1498 1712 1524 1737 e

555 1737 735 1808 lteltectus
801 1769 843 1774 —
1118 1731 1351 1825 {qualitatem
1551 1763 1565 1780 ι)
1622 1747 1711 1784 1083

556 1810 559 1827 Ι

862 1863 900 1869 ——
932 1843 1092 1895 oberro·
1124 1843 1560 1889 —matrimoniiproprie-

873 1901 945 1926 rem
961 1901 1120 1949 circa—
1147 1895 1234 1926 tates
1271 1902 1312 1926 ac
1347 1891 1555 1926 sacramenti

373 1937 523 1973 —dese-
1118 1925 1355 1983 'dignitatem
1552 1952 1566 1970 »
1624 1935 1711 1972 1084

397 1989 472 2021 ctus
503 2005 547 2010 —-

1129 2054 1167 2058 —
1192 2033 1406 2068 validitatem
1434 2033 1551 2067 matri-

124 2080 237 2128 Caput
272 2080 312 2116 V.
1148 2080 1311 2116 monialis
1327 2085 1528 2116 contractus
1552 2094 1566 2111 »
1627 2076 1713 2113 1085

103 2129 149 2165 De
162 2139 334 2170 consensu

149 2176 333 2212 matrimo-
370 2210 372 2215 ,
867 2196 907 2200 -
934 2186 1014 2210 cum
1043 2175 1181 2210 fictione
1207 2180 1266 2210 aut
1293 2174 1444 2221 quadam
1473 2185 1526 2220 po-

147 2223 233 2260 niali
321 2242 358 2248 —
566 2232 658 2257 —ex
675 2227 838 2268 partevo-
888 2223 991 2258 sitiva
1016 2222 1215 2258 exclusione
1552 2236 1566 2252 υ
1625 2218 1712 2255 1086

590 2269 736 2305 luntatis
806 2285 849 2296 —

867 2338 910 2343 —
936 2317 980 2353 ob
1007 2318 1076 2352 vim
1104 2317 1155 2353 vel
1185 2321 1314 2353 metum
1342 2327 1486 2361 gravem
1554 2330 1568 2347 »
1626 2312 1714 2349 1087

568 2430 610 2435 -
636 2422 716 2446 cum
745 2413 944 2458 praesentia
968 2417 1001 2449 et
1029 2412 1142 2449 verbis
1554 2424 1568 2441 υ
1625 2406 1714 2444 1088

376 2514 526 2586 —tqrae-
566 2524 612 2529 —
630 2514 690 2550 per
718 2511 975 2574 procuratorem
997 2527 1053 2601 —l
1558 2518 1570 2533 υ
1628 2498 1717 2536 1089

398 2562 414 2586 s
432 2562 440 2585 1
459 2562 480 2586 o
507 2571 550 2577 —

568 2613 692 2649 -per
718 2602 944 2648 interpretem
996 2604 1053 2647 —i
1564 2612 1570 2627 ›
1631 2594 1716 2630 1000

1050 2655 1097 2721 l—
1126 2695 1353 2741 quandonam
1383 2692 1556 2739 parochus

424 2739 475 2775 vel
507 2760 547 2764 “
1079 2754 1123 2779 116
1149 2743 1289 2778 assistat
1558 2754 1570 2770 υ
1630 2736 1711 2771 1001

572 2864 610 2869 -
638 2842 703 2878 sub
730 2841 931 2877 conditione
955 2839 1094 2874 diversa
1555 2848 1569 2865 »
1629 2828 1717 2867 1002

378 2948 422 2954 -
448 2936 628 2973 quousque
655 2923 949 2972 praesumendum
976 2927 1027 2957 est
1054 2920 1154 2956 illum
1182 2929 1402 2967 perseverare
1548 2931 1562 2948 1>
1623 2912 1715 2949 1093
