1971 3261
171 141 240 176 588
563 139 650 173 Lus.
677 140 749 174 111.
778 160 791 165 -
817 140 928 174 PARS
952 139 984 174 1.
1013 159 1026 166 -
1051 140 1108 175 De
1133 140 1399 175 Sacramentis
1583 140 1676 176 Gan.
1705 141 1797 178 1075

167 261 446 316 generationis
478 258 725 302 ordinato».
760 256 891 315 Origo
923 273 995 303 seu
1033 259 1351 302 fundamentum
1387 259 1510 304 huius
1540 263 1797 317 cognationis

170 329 411 387 quintuplex
447 329 734 385 distinguitur,
766 342 938 386 nempe:
973 328 1015 386 a)
1051 328 1176 386 prolis
1209 332 1436 386 generatio,
1473 331 1581 374 unde
1605 334 1798 387 provenit

169 401 382 456 sanguinis
414 399 599 442 eiusdem
634 402 957 443 communicatio
999 413 1072 443 seu
1115 399 1477 456 consanquinitas,
1513 399 1555 458 b)
1587 404 1796 458 supposita

169 471 542 525 consanguinitate,
577 471 674 512 unio
708 469 1024 513 matrimonialis
1057 473 1254 514 canonica
1289 483 1361 513 seu
1397 470 1579 527 legitima
1613 473 1703 515 sive
1727 486 1799 528 per

169 545 427 585 contractum
464 540 811 583 matrimonialem
846 541 981 598 quoad
1026 543 1200 595 animos,
1246 543 1335 584 sive
1379 554 1453 598 per
1484 547 1621 585 actum
1658 545 1797 586 matri-

171 610 390 654 monialem
427 611 561 667 quoad
596 623 785 667 corpora,
819 616 859 654 et
892 625 940 654 ex
977 613 1128 654 unione
1162 612 1227 654 illa
1264 613 1473 655 enascitur
1505 611 1698 670 affinitas
1731 627 1797 656 ea-

169 681 320 724 noniea
352 694 424 724 seu
460 681 659 737 legitima,
693 680 733 738 c)
767 695 817 725 ex
853 685 1004 725 unione
1027 683 1320 725 matrimoniali
1344 682 1484 737 simili,
1508 696 1555 725 eo
1578 683 1687 740 quod
1713 685 1799 740 ipse

169 755 405 795 contractus
439 750 648 794 invalidus
680 753 744 806 sit,
782 751 844 794 vel
880 754 975 808 quia
1009 751 1166 809 absque
1189 754 1276 808 ipso
1300 753 1404 795 tiunt
1427 765 1625 808 personae
1654 753 1799 797 «duae

138 823 206 882 viu
242 834 366 864 carue
401 833 537 876 una»,
571 826 696 879 atque
731 822 867 878 prodit
900 825 1093 879 coguatio
1127 835 1234 880 quae
1269 825 1449 866 retinere
1485 828 1615 880 potest
1649 837 1797 867 nomen

168 893 426 948 cognationis
460 892 659 935 naturalis
696 892 757 936 vel
793 892 988 950 affinitas
1020 892 1251 948 natm-alis,
1286 892 1330 950 (l)
1364 907 1412 936 ex
1447 896 1710 951 susceptione
1735 894 1801 938 ba·

170 964 373 1019 ptismatis
406 967 530 1019 atque
562 963 892 1006 confirmationis
936 966 1068 1007 oritur
1111 964 1306 1021 coynatio
1349 963 1594 1022 spiritualis
1626 965 1676 1008 ad
1710 978 1801 1008 nor-

171 1045 278 1076 mam
312 1045 404 1077 can.
439 1033 538 1084 768,
571 1034 670 1088 797,
705 1047 753 1077 ac
786 1034 954 1077 demum
990 1033 1029 1091 e)
1064 1048 1112 1078 ex
1137 1035 1358 1091 adoptione
1384 1037 1494 1078 iuxta
1519 1034 1666 1078 civiles
1688 1035 1800 1092 leges

172 1109 335 1160 peracta
371 1106 538 1160 exurgit
571 1104 764 1162 coynatio
798 1104 963 1162 leqalis.
985 1104 1256 1161 —Cognatio
1289 1119 1360 1148 seu
1395 1107 1718 1149 communicatio
1750 1119 1799 1149 ex

171 1174 451 1218 fundamentis
473 1175 702 1218 secundum
729 1180 917 1219 naturam
944 1176 999 1232 a).
1027 1175 1069 1233 b)
1095 1181 1134 1220 et
1158 1180 1198 1227 c)
1223 1175 1318 1233 (hoc
1343 1176 1487 1220 saltem
1513 1175 1565 1220 ob
1588 1175 1800 1233 copulam)

169 1250 264 1289 sunt
297 1245 521 1301 naturales,
556 1248 750 1302 cognatio
783 1251 920 1290 autem
957 1246 1033 1290 sub
1082 1246 1216 1290 littera
1250 1246 1294 1304 d)
1329 1246 1453 1290 habet
1486 1247 1798 1290 fundamentum

170 1321 541 1363 sacramentorum,
578 1328 683 1373 quae
717 1318 1049 1373 supernaturalia
1083 1323 1190 1367 sunt,
1223 1318 1294 1361 sed
1329 1320 1523 1375 quamvis
1541 1319 1686 1361 eodem
1713 1320 1802 1361 iure

171 1388 314 1431 divino
347 1400 429 1444 quo
463 1392 725 1431 sacramenta
761 1389 1045 1444 moderantur,
1098 1389 1310 1433 videretur
1352 1391 1544 1445 cognatio
1576 1388 1802 1445 spiritualis

172 1461 408 1512 constituta,
443 1458 588 1501 saltem
624 1471 721 1514 erga
757 1462 1008 1514 ministrum,
1042 1465 1184 1517 utpote
1218 1460 1324 1517 quod
1351 1460 1419 1503 illa
1443 1465 1641 1517 sequatur
1662 1459 1800 1516 aliquo

173 1529 297 1572 modo
330 1542 378 1572 ex
417 1533 732 1585 regeneratione
764 1530 982 1587 spirituali,
1027 1544 1133 1589 quae
1176 1532 1265 1575 fieri
1300 1533 1442 1588 nequit
1474 1530 1630 1588 absque
1663 1543 1800 1574 sacra—

174 1602 300 1643 menti
336 1602 539 1651 ministro,
575 1605 754 1644 attamen
788 1604 820 1644 si
856 1607 967 1645 recte
1000 1602 1288 1646 consideretur
1326 1615 1404 1645 non
1439 1604 1627 1659 sequitur
1659 1614 1800 1644 neces-

171 1672 294 1723 sario,
329 1672 425 1727 quia
460 1669 583 1713 huius
616 1674 943 1727 regenerationis
977 1672 1219 1729 principalis
1251 1677 1399 1716 auctor
1433 1676 1493 1715 est
1527 1671 1648 1725 Deus,
1682 1673 1801 1715 cuius

172 1745 344 1784 naturae
377 1746 588 1785 consortes
620 1755 764 1786 sumus
798 1756 871 1799 per
904 1745 1080 1799 gratiam
1116 1746 1153 1786 in
1190 1742 1394 1800 baptismo
1429 1748 1653 1799 receptam,
1687 1744 1801 1785 iuxta

172 1811 271 1855 illud
307 1812 491 1869 Apostoli
519 1814 556 1857 1;
595 1829 615 1854 ((
640 1818 746 1856 Deus
789 1818 849 1856 est
892 1815 963 1871 qui
1009 1815 1266 1860 iustificat»:
1311 1827 1383 1857 seu
1420 1819 1461 1857 ut
1495 1813 1540 1857 D.
1574 1812 1645 1856 Th.
1681 1815 1737 1856 ait
1761 1813 1798 1854 2;

178 1898 198 1923 ((
222 1883 344 1926 homo
379 1883 592 1940 baptizans
624 1884 794 1928 adhibet
843 1885 1129 1929 tautummodo
1179 1887 1454 1929 ministerium
1498 1886 1694 1938 exterius,
1729 1883 1800 1928 sed

171 1953 358 2001 Christus
390 1960 451 1998 est
483 1958 552 2013 qui
589 1957 761 1998 interius
796 1954 973 2012 baptizat
995 1970 1045 2010 »3
1080 1956 1191 1999 unde
1234 1955 1461 2012 spiritualis
1494 1957 1685 2012 cognatio
1720 1959 1800 1998 tota

172 2032 233 2072 est
266 2029 367 2070 iuris
399 2029 601 2081 canonici,
635 2028 742 2070 sicut
775 2031 814 2070 et
847 2029 1039 2083 coguatio
1075 2026 1218 2084 legalis
1250 2040 1302 2070 ex
1337 2029 1423 2084 ipso
1457 2039 1623 2085 quoque
1657 2026 1800 2069 tunda-

174 2103 311 2142 mento
343 2103 403 2141 est
436 2100 603 2140 omnino
639 2099 739 2140 iuris
771 2098 908 2141 civilis
940 2097 1199 2154 singularum
1236 2100 1464 2141 nationum.

290 2177 370 2214 474.
398 2182 760 2221 impedimentum
803 2183 1213 2223 consanguinitatis.
1242 2200 1283 2205 -—
1313 2179 1478 2219 Rationes
1517 2179 1620 2214 huius
1658 2177 1804 2224 impedi-

174 2244 281 2280 menti
308 2243 450 2289 exponit
475 2242 509 2278 S.
537 2242 599 2277 Th.
618 2241 632 2263 3
657 2251 765 2284 agens
790 2240 832 2275 de
860 2244 999 2285 peccato
1037 2239 1212 2274 incestus:
1258 2238 1381 2274 «ratio
1418 2244 1481 2280 est,
1520 2238 1602 2284 quia
1639 2247 1803 2283 personas

172 2303 345 2347 sanguine
370 2302 576 2337 coniunctas
603 2310 743 2335 necesse
769 2302 820 2334 cst
846 2297 889 2333 ad
917 2297 1067 2333 invicem
1094 2297 1200 2332 simul
1226 2297 1442 2334 conversari:
1471 2297 1563 2332 unde
1581 2296 1608 2330 si
1630 2295 1709 2331 illae
1729 2306 1803 2341 per-

173 2372 278 2396 sonae
305 2372 375 2396 non
401 2365 604 2396 arcerentur
629 2370 649 2394 a
674 2357 922 2393 commixtione
960 2367 1119 2397 venerea,
1158 2356 1269 2391 nimia
1307 2355 1550 2402 opportunitas
1579 2355 1720 2390 daretur
1747 2354 1802 2389 bo·

175 2420 331 2455 minibus
358 2430 524 2455 venereae
550 2417 822 2460 commixtionis,
851 2420 884 2451 et
910 2416 960 2450 sic
984 2415 1094 2451 animi
1125 2416 1306 2451 bominum
1337 2415 1442 2449 nimis
1469 2413 1730 2449 emollescerent
1746 2423 1804 2458 per

175 2480 362 2515 luxuriam.
393 2478 508 2513 Tertia
534 2477 621 2513 ratio
647 2482 709 2517 est,
735 2476 819 2522 quia
850 2486 909 2522 per
948 2475 1012 2510 hoe
1049 2474 1279 2520 impediretur
1317 2472 1562 2519 multiplicatio
1599 2471 1801 2507 amicorum.

177 2538 264 2574 Dum
291 2538 384 2573 enim
414 2537 515 2572 homo
542 2547 682 2571 uxorem
711 2540 912 2571 extraneam
939 2533 1078 2580 accipit,
1105 2534 1299 2578 iunguntur
1324 2533 1353 2568 ei
1382 2530 1802 2578 quadamsspecialiami-

176 2597 258 2633 citia
283 2607 405 2632 omnes
430 2595 681 2640 consanguinei
711 2595 825 2630 uxoris
851 2605 891 2630 ac
917 2594 944 2628 si
972 2597 1088 2629 essent
1113 2591 1366 2635 consanguinei
1393 2591 1514 2626 eius...
1557 2590 1661 2625 Addit
1685 2594 1801 2625 autem

174 2655 376 2692 Aristoteles
402 2660 562 2701 quartam
590 2654 776 2694 rationem,
805 2652 887 2699 quia
905 2663 985 2688 cum
1003 2651 1210 2687 naturaliter
1229 2651 1331 2686 bomo
1349 2649 1647 2695 consanguineam
1665 2648 1798 2693 diligat,

175 2715 202 2750 si
229 2715 414 2750 adderetur
439 2725 549 2754 amor,
579 2713 636 2758 qui
664 2718 715 2748 est
741 2724 781 2747 ex
807 2711 1056 2748 commixtione
1084 2721 1242 2753 venerea,
1273 2709 1368 2745 fieret
1395 2708 1526 2743 nimius
1552 2708 1656 2743 ardor
1673 2707 1805 2742 amoris

174 2779 207 2810 et
235 2774 426 2808 maximum
455 2772 612 2807 libidinis
639 2772 904 2807 incentivum».
930 2769 1054 2806 Medici
1078 2781 1118 2805 ac
1146 2768 1338 2816 physiologi
1366 2768 1471 2803 aliam
1487 2766 1729 2812 gratissimam
1749 2776 1804 2800 ra-

296 2892 306 2912 ¹
323 2890 435 2925 Rom.
464 2890 552 2933 VII,
579 2890 637 2924 33.
668 2910 709 2914 —
732 2889 746 2911 ²
766 2889 895 2933 111,q.
917 2887 1064 2922 LXVII
1078 2892 1151 2927 art,
1169 2888 1189 2921 5
1204 2886 1252 2920 ad
1268 2886 1327 2920 1¹¹¹.
1356 2905 1399 2910 —
1425 2885 1439 2907 3
1457 2886 1491 2926 2,
1507 2885 1591 2929 2.q.
1611 2884 1690 2926 154,
1710 2895 1745 2917 a.
1765 2884 1800 2918 9.

1967 734 1971 750 Ι

1937 809 1940 816 Ι
1960 789 1966 804 ἱ

1934 856 1945 867 Q

1935 893 1942 918 ἶ

1932 951 1944 970 ,ι-

1933 999 1942 1018 ,⁴

1922 1033 1925 1038 v
1937 1019 1949 1038 Ν,
1968 1033 1971 1045 y

1933 1034 1965 1129 ἒ

1941 1117 1971 1173 >t

1934 1166 1971 1245 'l

1940 1359 1942 1362 ,
1962 1326 1971 1364 ’ἶ
