1971 3261
226 164 296 198 712
627 161 712 195 Lm.
742 161 815 195 111.
845 180 857 186 -
886 160 995 195 PARS
1020 160 1053 194 1.
1083 181 1092 186 -
1120 161 1176 195 De
1201 161 1465 196 Sao-ramentis
1520 161 1614 197 can.
1641 162 1844 197 1150-1151
1914 145 1917 150 ’

344 283 439 325 567.
466 283 562 328 Res
595 283 920 327 consecratae
950 283 1037 326 aut
1068 282 1375 326 benedictae.
1398 306 1451 311 —
1470 280 1592 323 Aliud
1617 293 1849 324 sacramen-

224 353 366 396 talium
400 351 632 395 subiectum
668 353 939 394 inanimatum
964 351 1253 394 consideratur
1277 353 1314 393 in
1349 365 1438 393 ean.
1464 353 1590 394 1150.
1607 350 1687 394 Res
1709 365 1848 395 conse-

222 428 367 466 cratae
390 427 556 479 propter
572 424 678 465 sacri
701 421 937 465 chrismatis
961 423 1212 478 unctionem,
1231 420 1294 464 vel
1311 421 1564 476 benedictae,
1585 435 1658 465 seu
1681 434 1702 465 a
1728 422 1850 466 rebus

223 495 403 550 profanis
435 497 649 549 separatae
682 492 956 536 constitutiva
990 491 1286 544 benedictione,
1320 496 1461 549 utpote
1494 492 1543 536 ad
1583 492 1654 536 Dei
1689 493 1846 537 cultum

222 564 436 607 ordinatae
469 563 510 620 a)
540 568 782 605 reverenter
831 567 1081 613 tractentur,
1116 562 1155 616 b)
1187 576 1318 620 neque
1359 561 1415 605 ad
1447 576 1567 605 asam
1602 563 1849 621 profanam,

220 634 448 678 secundum
505 647 587 689 reg.
624 635 726 676 iuris
762 633 811 676 51
851 635 890 676 in
926 634 970 676 6⁰
1010 633 1189 676 «Semel
1234 632 1318 676 Deo
1350 633 1549 688 dicatum,
1581 647 1661 677 non
1704 639 1764 678 est
1796 635 1846 678 ad

221 717 319 747 usus
352 704 555 747 humanos
588 703 760 747 ulterius
792 704 1124 747 transferendum
1149 719 1189 754 )),
1213 702 1277 746 vel
1298 717 1381 746 non
1407 703 1644 761 proprium,
1663 705 1771 762 quod
1796 704 1848 748 ab

221 777 493 819 irreverentia
528 776 566 817 in
603 773 934 818 benedictionem
969 774 1108 818 datam
1144 787 1223 817 non
1265 779 1397 829 vacat,
1430 773 1726 827 adhibeantur,
1759 777 1846 819 ani—

222 846 514 889 madversione
548 846 676 889 facta:
701 844 871 887 etiamsi
903 845 947 887 in
980 844 1167 888 dominio
1187 844 1454 902 privatorum
1476 845 1575 896 sint,
1602 846 1729 903 (quod
1752 859 1848 902 sup-

221 919 385 974 ponitur
417 919 505 960 iure
540 930 658 973 posse
692 917 815 970 lieri),
848 929 944 960 cum
980 916 1191 972 praedicta
1225 918 1380 959 motiva
1414 915 1703 972 prohibitionis
1725 929 1747 960 a
1780 917 1848 960 do-

221 990 336 1030 minii
370 993 515 1031 natura
548 1000 628 1030 non
665 988 886 1043 pendeant,
922 991 965 1030 ut
999 992 1124 1044 patet.

338 1059 435 1102 568.
460 1060 685 1104 Minister
716 1060 963 1115 legitimus
997 1060 1400 1104 exorcismorum.
1427 1084 1480 1089 -—
1498 1057 1578 1103 Rit.
1597 1058 1713 1102 Rom.
1736 1059 1748 1081 ¹
1775 1058 1845 1102 ha-

218 1130 287 1174 bet
312 1129 518 1173 rubricam
558 1145 580 1170 «
601 1128 660 1172 De
684 1129 972 1173 exorcizandis
1006 1129 1184 1173 obsessis
1202 1142 1223 1172 a
1247 1129 1467 1172 daemonio
1489 1144 1530 1183 »‚
1549 1142 1599 1172 ex
1623 1131 1741 1173 cuius
1763 1130 1846 1174 lec-

217 1202 327 1244 tione
359 1204 543 1257 apparet,
578 1202 835 1243 exorcismos
872 1213 1017 1243 verum
1059 1213 1149 1243 esse
1191 1199 1506 1252 sacramentale,
1539 1199 1617 1244 hoc
1654 1204 1741 1244 est:
1777 1200 1845 1244 be-

218 1271 496 1314 nedictionem
530 1269 696 1314 obsesso
730 1272 1012 1313 invocativam
1050 1284 1123 1327 per
1164 1272 1385 1327 imperium
1421 1272 1459 1313 in
1493 1270 1752 1314 daemonem.
1789 1270 1846 1315 De

218 1341 295 1385 hac
329 1341 511 1398 loquitur
543 1355 633 1384 ean.
669 1343 789 1384 1151.
824 1343 850 1395 g
884 1341 922 1384 1.
955 1340 1084 1386 Nemo
1127 1342 1432 1398 cuiuscumque
1471 1343 1545 1384 etsi
1581 1343 1748 1385 maioris
1779 1355 1843 1385 or-

196 1412 339 1466 dinis,
366 1417 580 1470 potestate
619 1410 892 1455 eroreizandi
930 1411 1154 1469 praeditas
1188 1425 1238 1455 ex
1274 1414 1392 1455 tertio
1427 1414 1585 1455 minore
1627 1412 1772 1456 ordine
1805 1415 1843 1455 in

219 1482 342 1526 latina
377 1483 575 1538 Ecclesia,
600 1485 713 1526 iuxta
737 1483 913 1526 formam
948 1483 1247 1526 ordinationis:
1277 1481 1470 1526 «habete
1502 1487 1744 1539 potestatem
1769 1485 1843 1526 im-

218 1553 397 1610 ponendi
434 1566 579 1596 manus
610 1566 736 1609 super
767 1565 1087 1609 energumenos,
1121 1555 1211 1596 sive
1249 1551 1488 1608 baptizatos,
1519 1554 1610 1595 sive
1656 1552 1846 1596 catechu-

218 1637 424 1677 menos»,
456 1628 735 1681 congruenter
766 1622 918 1668 Christi
968 1625 1229 1680 promissioni
1266 1625 1431 1680 proprie
1469 1623 1760 1679 intelligendae
1793 1624 1844 1667 de

215 1694 429 1740 Ecclesia:
460 1711 479 1735 «
502 1697 571 1752 qui
606 1697 644 1738 in
681 1708 746 1738 me
778 1695 955 1738 credunt
979 1696 1017 1736 in
1044 1697 1210 1737 nomine
1241 1708 1331 1737 meo
1364 1694 1581 1737 daemonia
1615 1696 1781 1738 eiicient
1802 1710 1843 1749 ›>‚

217 1771 257 1809 et
288 1767 392 1809 infra
427 1768 465 1808 in
500 1766 644 1809 eadem
679 1766 940 1809 ordinatione
974 1765 1126 1808 dicitur
1170 1768 1247 1807 «in
1287 1765 1469 1808 officium
1503 1764 1842 1810 Exorcistarum:

215 1841 260 1880 ut
290 1840 371 1880 sint
403 1836 638 1893 spirituales
672 1838 958 1893 impeiQatores
991 1837 1041 1880 ad
1075 1835 1331 1880 abiiciendos
1363 1836 1587 1879 daemones
1619 1836 1670 1879 de
1702 1850 1843 1912 corpo-

217 1906 330 1951 ribus
362 1906 582 1951 obsessis»
621 1907 754 1965 (Pont.
790 1907 949 1964 Rom.;)
974 1911 1154 1950 attamen
1191 1920 1311 1950 nemo
1344 1920 1488 1950 eorum
1522 1906 1775 1949 exorcismos
1799 1906 1843 1949 in

216 1977 413 2028 obsewssos
447 1979 639 2036 equidem
675 1979 724 2022 ad
760 1991 947 2022 normam
983 1977 1064 2021 Rit.
1100 1977 1217 2022 Rom.
1224 1976 1462 2035 ‚proferre
1492 1976 1678 2034 leqitime
1710 1977 1841 2020 idest:

217 2049 326 2092 licite
357 2062 429 2092 seu
463 2048 695 2092 observatis
729 2048 891 2105 legibus
937 2048 1230 2092 ecclesiasticis
1272 2053 1426 2106 potest,
1459 2061 1535 2091 nec
1579 2047 1760 2103 loquitur
1791 2047 1842 2091 de

216 2119 307 2163 aliis
339 2122 595 2173 exorcismis,
629 2125 804 2176 excepto
843 2119 957 2162 «illo
991 2122 1029 2162 in
1063 2120 1255 2163 Satanam
1279 2123 1319 2162 et
1350 2118 1521 2175 angelos
1552 2120 1838 2175 apostaticos»

216 2190 405 2234 assLeone
438 2190 529 2234 Xlll
563 2191 673 2234 edito
705 2204 777 2234 seu
813 2204 864 2235 ex
899 2190 1109 2234 audientia
1143 2189 1314 2241 Ssmi.,²
1336 2190 1388 2233 de
1409 2202 1491 2247 quo
1525 2190 1609 2232 fere
1642 2189 1681 2232 id
1708 2190 1840 2245 ipsum

216 2267 402 2316 cavetur,
436 2262 520 2304 nisi
552 2262 602 2304 ab
639 2261 888 2317 Ordinario,
922 2261 971 2305 ad
1007 2273 1194 2304 normam
1230 2273 1320 2304 can.
1359 2261 1440 2303 198
1473 2260 1545 2304 sed
1577 2259 1605 2317 ξ
1640 2259 1677 2302 1i
1704 2259 1766 2303 vel
1802 2257 1840 2302 2¹

216 2346 289 2389 pro
321 2332 498 2385 casibus,
532 2333 573 2389 a)
604 2332 864 2389 peculiarem
898 2337 936 2375 et
972 2331 1010 2386 b)
1044 2345 1289 2389 eoepressam
1321 2344 1399 2374 non
1446 2331 1573 2381 factis,
1605 2330 1675 2373 sed
1713 2329 1840 2373 verbo

217 2403 281 2446 vel
316 2403 690 2461 aequipollentibus
723 2406 852 2460 signis
883 2402 1143 2453 obtinaerit;
1165 2405 1203 2445 in
1238 2401 1316 2446 hoc
1339 2404 1448 2446 enim
1482 2403 1681 2445 exercitio
1713 2413 1839 2458 quam

216 2476 396 2517 maxime
429 2488 531 2530 opus
563 2480 623 2517 est
655 2473 1039 2518 subordinationem
1074 2474 1296 2527 custodire,
1332 2475 1444 2516 iuxta
1469 2472 1560 2516 Rir.
1595 2471 1726 2516 Romi.
1752 2484 1837 2514 mo-

214 2546 412 2587 nitionem
449 2546 634 2587 ministro
667 2545 804 2588 datam
827 2558 836 2586 :
865 2560 887 2585 «
909 2546 979 2601 qui
1005 2557 1083 2587 non
1119 2557 1207 2598 sua,
1229 2544 1298 2587 sed
1323 2544 1463 2587 divina
1489 2543 1618 2586 fretus
1643 2544 1836 2585 virtute...

213 2619 297 2658 tam
331 2617 441 2671 pium
476 2627 580 2671 opus
613 2629 663 2658 ex
697 2618 868 2658 caritate
901 2619 1139 2658 constanter
1170 2618 1210 2657 et
1240 2613 1452 2657 humiliter
1484 2617 1758 2670 exequatur»

332 2685 482 2729 lisdem
518 2685 656 2729 verbis
688 2698 735 2729 ac
768 2685 862 2729 Rite.
896 2685 1042 2729 Rome.
1077 2687 1195 2728 initio
1230 2687 1298 2729 cit.
1333 2690 1435 2741 cap⁵.
1470 2684 1689 2741 qualitates
1722 2685 1839 2726 mini-

213 2758 286 2800 stri
321 2756 497 2798 ostendit
532 2768 579 2799 ac
612 2755 854 2811 praescribit
886 2755 915 2813 ξ
946 2757 988 2798 2.
1023 2754 1136 2798 Haec
1168 2754 1342 2798 lieentia
1374 2753 1423 2797 ab
1460 2752 1692 2798 Ordinarz'o
1717 2756 1754 2796 in
1787 2752 1833 2811 ἕο

331 2862 343 2883 1
370 2860 448 2894 Tit.
476 2861 527 2895 X.
556 2861 649 2905 Cap.
676 2861 705 2895 Ι.
734 2882 777 2886 -
803 2860 881 2895 23
915 2860 1037 2905 Cong.
1067 2859 1113 2894 de
1151 2860 1264 2905 Prop.
1289 2859 1385 2893 Fide
1413 2859 1456 2893 18
1483 2858 1578 2892 Maii
1607 2859 1706 2895 1890.
1732 2859 1834 2892 Acta
1899 2837 1901 2843 Ι
1963 2888 1964 2902 ,

215 2908 252 2943 S.
282 2907 406 2949 Sedis,
436 2908 583 2952 XXIII
612 2907 691 2943 743
