1971 3261
165 130 234 165 326
560 127 645 161 Lus.
674 127 745 160 III.
774 146 787 151 -
813 126 924 160 PARS
948 126 979 159 1.
1008 145 1020 152 -
1046 126 1104 160 De
1129 125 1393 160 Sam-amentis
1598 125 1691 161 Can.
1717 125 1788 160 925

165 249 287 292 aliam
322 248 599 292 concessionis
632 244 913 300 indulgentiae
939 243 1148 300 partialis:
1186 258 1209 284 ((
1231 243 1356 286 corde
1379 243 1525 286 saltem
1549 246 1725 287 contrito
1747 260 1786 299 >)‚

164 319 390 362 secundum
427 329 549 373 quam
585 317 658 358 etsi
696 328 768 370 pro
802 313 1057 370 indulgentia
1083 313 1279 357 lucranda
1305 326 1383 356 non
1408 315 1460 356 sit
1484 310 1685 357 confessio
1720 328 1787 357 ne-

163 390 355 443 cessaria,
382 388 587 443 peccatori
633 391 768 428 tamen
804 397 970 428 necesse
1012 388 1072 427 est
1105 386 1280 440 gratiam
1316 386 1513 441 consequi
1550 397 1621 438 per
1653 389 1790 428 actum

167 472 291 502 verae
324 459 597 502 contritionis.

284 528 365 572 lllis
398 527 666 586 qualitatibus
699 526 910 583 praeditus
943 525 1066 570 debet
1098 525 1244 569 ultimo
1281 539 1370 570 esse
1423 526 1469 582 d)
1492 526 1683 569 subditus
1705 540 1795 570 eon-

167 599 363 649 eeclemis,
387 600 482 656 quia
518 598 639 641 buius
662 596 978 640 administrandi
1015 601 1192 653 potestas
1225 609 1305 640 non
1341 597 1581 640 extenditur
1614 597 1718 640 ultra
1755 597 1797 640 li·

171 673 288 713 mites
322 669 617 712 iurisdictionis
649 669 751 721 eius,
785 669 862 710 uisi
895 666 1014 710 aliter
1048 668 1135 709 iure
1168 671 1238 709 aut
1276 666 1494 722 privilegio
1534 671 1700 710 cautum
1745 669 1796 710 sit

172 755 207 783 v.
243 754 303 796 gr.
338 740 388 783 de
422 739 461 783 S.
494 738 540 782 R.
575 738 618 781 E.
653 737 956 790 Cardinalibus,
996 739 1066 794 qui
1111 737 1352 781 «facultate
1386 737 1610 793 gaudent...
1647 750 1794 781 conce-

170 811 294 854 dendi
329 810 607 866 indulgentias
640 809 914 852 ducentorum
949 808 1128 861 dierum,
1162 810 1200 850 in
1235 808 1326 850 aliis
1351 807 1452 851 locis
1485 807 1795 866 (praeterquam

176 897 195 923 «
219 895 317 925 suae
354 880 649 924 iurisdictionis
689 879 752 922 vel
787 881 1053 935 protectionis
1075 877 1134 931 ›>),
1169 878 1238 921 sed
1274 891 1295 921 a
1332 878 1620 934 praesentibus
1642 879 1796 922 solum-

171 952 306 1007 modo,
350 951 524 1008 singulis
570 950 744 1004 vicibus,
783 949 1046 993 lucrandas»
1094 950 1201 1006 (can.
1243 948 1341 1003 ⁶239,
1375 947 1403 1006 ἓ
1436 949 1473 1004 2,
1510 949 1612 1005 240).
1650 950 1795 994 «Cum

170 1023 336 1081 quidam
375 1035 473 1065 vero
506 1021 735 1078 Episcopus
767 1020 884 1064 Ritus
907 1017 1133 1065 Orientalis
1155 1019 1329 1063 dublum
1357 1022 1635 1076 proposuisset
1660 1025 1796 1064 utrum

169 1094 313 1137 fideles
345 1093 511 1137 Rituum
561 1089 837 1136 Orientalium
887 1091 1039 1135 lucrari
1089 1093 1243 1148 possint
1287 1103 1430 1134 omnes
1464 1090 1744 1147 indulgentias
1776 1104 1798 1135 a

170 1165 340 1209 Summo
376 1164 571 1207 Pontifice
606 1163 829 1206 universali
865 1163 1033 1206 decreto
1066 1174 1299 1215 concessas,
1332 1162 1369 1206 S.
1402 1161 1716 1205 Poenitentiaria
1741 1176 1800 1206 re-

171 1236 458 1293 spondendum
494 1237 681 1278 censuit:
717 1232 979 1277 Affirmative
1002 1249 1023 1273 »
1053 1233 1080 1277 ¹.

289 1305 484 1350 Subiecto
519 1308 644 1361 igitur
668 1304 854 1361 praedito
877 1308 1055 1361 quatuor
1078 1303 1400 1357 conditionibus,
1420 1315 1527 1361 quae
1552 1306 1588 1346 in
1611 1303 1640 1361 ἓ
1664 1315 1799 1360 praec.

173 1377 407 1421 declaratae
439 1381 547 1427 sunt,
581 1380 741 1432 oportet
776 1377 980 1431 inspicere
1013 1379 1260 1418 statuentem
1296 1376 1320 1428 ἓ
1355 1374 1392 1419 2.
1433 1372 1483 1418 Ut
1516 1387 1610 1417 vero
1631 1373 1801 1432 praefa-

175 1453 260 1490 tum
283 1447 509 1490 subiectum
534 1460 670 1504 capax
687 1460 758 1489 eas
777 1459 952 1502 nempe:
992 1462 1013 1487 (<
1038 1445 1317 1501 indulgentias
1340 1460 1361 1485 »
1400 1444 1632 1488 declaratas
1653 1457 1801 1487 revera

174 1518 377 1570 lucretur,
410 1523 449 1561 et
486 1531 579 1560 cum
620 1517 726 1560 desit
753 1515 924 1559 verbum
965 1517 1130 1559 «sibi»
1169 1515 1399 1559 adhibitum
1435 1518 1473 1558 in
1508 1516 1550 1569 §⁰
1586 1514 1642 1569 1⁰,
1677 1518 1799 1558 inter-

175 1589 373 1645 pretanda
408 1593 468 1631 est
500 1587 601 1630 haec
635 1586 819 1631 clausula
853 1589 960 1629 sicut
992 1591 1031 1629 et
1064 1587 1101 1639 §³
1134 1586 1256 1629 huius
1291 1588 1608 1642 praescriptum,
1631 1584 1707 1628 sibi
1732 1589 1802 1628 aut

174 1659 278 1715 aliis,
312 1658 427 1701 debe!
462 1657 612 1701 habere
644 1660 685 1711 a)
710 1657 997 1712 intentionem,
1031 1670 1103 1700 seu
1137 1661 1273 1700 actum
1312 1656 1533 1699 voluntatis
1551 1656 1801 1713 quandoque

175 1729 372 1779 elicitum,
407 1741 513 1786 quae
538 1730 709 1771 intentio
733 1727 1001 1771 habitualiter
1034 1732 1227 1780 maneat3
1263 1732 1306 1770 ut
1338 1725 1692 1770 innuunt'verba:
1722 1725 1803 1768 sat-

177 1806 254 1842 tem
284 1799 524 1857 ‹qeneralem
568 1799 702 1856 quoad
749 1797 898 1841 multas
941 1797 1234 1854 indulgentias,
1279 1811 1349 1840 eas
1383 1796 1632 1855 acquirendi
1664 1796 1730 1840 hic
1764 1802 1803 1840 et

174 1884 296 1926 nunc,
337 1870 398 1913 vel
434 1872 472 1912 in
506 1870 688 1912 futurum
734 1869 829 1912 data
873 1871 1193 1926 opportunitate,
1241 1868 1301 1911 vel
1337 1880 1443 1925 quae
1477 1867 1672 1924 operibus
1704 1879 1727 1910 a
1759 1879 1802 1910 se

174 1941 373 1985 faciendis
405 1941 593 1984 adnexae
626 1945 720 1984 sunt
745 1941 878 1983 forsan
904 1942 1117 1996 ignoratae
1150 1939 1202 1983 ab
1233 1952 1294 1987 eo,
1331 1941 1443 1982 iuxta
1481 1939 1667 1995 regulam
1692 1940 1802 1981 enim

177 2012 255 2055 lur.
277 2011 392 2055 Rom.
413 2010 566 2055 LXlX:
607 2010 781 2054 «Invito
815 2010 1064 2054 beneficium
1100 2023 1179 2053 non
1213 2010 1399 2065 datur»,
1430 2015 1471 2053 et
1503 2012 1803 2066 cuiuscumque

177 2085 346 2126 interest
377 2086 447 2125 aut
483 2095 553 2138 per
586 2096 628 2125 se
661 2086 731 2125 aut
750 2095 822 2137 per
847 2081 1124 2136 indulgentias
1148 2079 1322 2124 Divinae
1346 2080 1528 2123 Iustitiae
1550 2081 1803 2133 satisfacere,

177 2166 270 2196 nam
311 2169 328 2194 «
356 2153 396 2195 ln
436 2153 706 2206 alternativis,
750 2152 950 2195 debitoris
996 2157 1056 2194 est
1099 2151 1310 2205 electio»,
1352 2156 1394 2194 nt
1427 2153 1480 2194 ait
1516 2164 1599 2206 reg.
1635 2150 1713 2193 lur.
1749 2151 1803 2193 70

178 2227 215 2267 in
252 2225 310 2266 6⁰.
347 2224 386 2266 ln
423 2223 488 2266 illa
521 2236 686 2280 quoque
731 2225 956 2266 intentione
1000 2224 1236 2266 continetur
1279 2222 1476 2278 implicite
1519 2220 1646 2264 altera
1680 2233 1806 2278 quan-

176 2295 311 2352 doque
345 2297 575 2337 necessaria
611 2296 724 2336 iuxta
759 2293 856 2336 Dec.
891 2294 927 2336 S.
963 2291 1130 2349 Congu·
1164 2292 1354 2348 lndulg.m
1379 2292 1406 2335 2.
1445 2308 1467 2332 <‹
1492 2291 1535 2334 3⁰
1559 2289 1734 2343 Quando
1752 2290 1801 2334 ad

176 2365 454 2421 indulgentias
488 2364 708 2408 lucrandas
743 2363 1039 2420 praescribitur
1073 2365 1204 2420 oratio
1240 2376 1311 2419 pro
1346 2363 1426 2405 fine
1455 2362 1729 2405 determinato
1767 2375 1802 2406 v.

176 2450 236 2492 gr.
273 2450 343 2491 pro
377 2438 652 2490 extirpatione
688 2434 906 2478 haeresum
942 2439 1018 2477 etc.
1054 2446 1103 2477 an
1140 2435 1379 2491 requiratur
1397 2434 1568 2476 intentio
1597 2432 1804 2488 explicita,

181 2518 377 2562 expressa
395 2506 570 2559 singulis
593 2505 790 2548 vicibus?
823 2506 864 2548 S.
882 2503 1030 2560 Congr.
1067 2504 1320 2560 respondit...
1355 2503 1417 2546 Ad
1454 2503 1521 2547 3¹¹².
1545 2502 1804 2558 Negative».

298 2576 390 2619 Alia
428 2589 526 2619 vero
552 2576 733 2619 conditio
767 2578 805 2618 in
840 2587 997 2618 canone
1031 2577 1158 2631 posita
1194 2579 1281 2617 est:
1317 2573 1360 2631 b)
1393 2579 1577 2631 elopem
1601 2572 1804 2625 iniuncta,

178 2660 349 2703 nempe:
385 2649 515 2689 oratio
552 2646 707 2689 vocalis
739 2658 918 2702 semper,
951 2645 1200 2702 quandoque
1233 2645 1524 2697 determinata,
1556 2643 1806 2700 quandoque

175 2730 270 2761 cum
294 2717 494 2761 ecclesiae
531 2718 761 2759 visitatione
796 2717 980 2759 fortassis
1012 2715 1247 2772 aliqualiter
1279 2715 1530 2771 designatae,
1556 2726 1603 2757 ac
1638 2726 1710 2769 pro
1744 2714 1802 2756 in-

296 2870 307 2891 1
335 2868 355 2902 7
381 2869 455 2903 Iul.
485 2869 598 2908 iem
629 2867 704 2902 co,
733 2867 891 2902 ix-see.
923 2887 965 2892 -
992 2867 1005 2889 2
1034 2867 1077 2900 12
1103 2866 1178 2901 Iul.
1207 2866 1309 2907 1847,
1338 2867 1427 2901 Dec.
1452 2844 1563 2901 {um
1589 2877 1628 2899 n.
1657 2865 1740 2900 344.
