1971 3261
113 155 205 192 Gan.
232 153 387 189 960-961
690 153 773 186 ΤΠ,
808 153 870 186 VI.
902 174 912 177 -
940 153 996 188 De
1026 154 1169 188 Ordine
1672 154 1739 188 371

116 274 206 327 uus,
240 277 281 316 ut
314 273 574 328 supponitur,
607 284 712 314 noua
748 271 988 314 testimoniet
1023 272 1262 315 necessario
1296 272 1393 321 sinl,
1431 277 1472 315 ut
1500 275 1741 329 contingere

115 348 258 401 potest,
292 342 347 385 ad
380 355 569 385 normam
602 356 691 385 cuii.
728 345 834 393 994,
867 342 895 400 ξ
925 344 970 396 3,
1002 342 1237 401 Episcopus
1284 343 1465 397 alienus,
1499 343 1625 386 idest:
1662 357 1739 386 non

119 415 388 470 «proprius»
425 413 644 455 ordinandi
679 414 729 457 ad
766 426 950 456 normam
987 428 1075 457 can.
1113 416 1209 467 956,
1246 419 1284 457 et
1317 428 1366 457 ex
1418 414 1495 457 hoc
1545 414 1741 470 parallelo

113 489 280 541 propter
314 486 483 527 rationis
518 487 732 540 paritatem
770 484 873 527 banc
909 498 1094 527 normam
1133 488 1392 541 interpretari
1428 490 1589 542 oportet
1617 487 1738 528 etiam

112 555 163 599 de
197 557 383 598 ministro
416 555 748 598 extraordinario
794 569 865 612 pro
910 556 972 598 liis
1010 558 1122 613 «qui
1160 556 1315 599 litteras
1363 557 1619 599 dimissorias
1654 559 1741 599 iure

112 628 331 683 requisitas
364 625 631 669 exhibeant»
671 627 719 669 ad
757 640 942 669 normam
978 640 1067 670 can.
1103 628 1201 680 957,
1237 628 1254 680 ‚S
1290 627 1331 680 2,
1355 630 1413 669 sic
1448 629 1572 683 igitur
1604 627 1739 670 decla-

114 702 225 739 ratus
263 696 534 753 «Episcopus
581 697 782 740 alienus»
838 700 874 740 in
926 697 1142 755 hypothesi
1187 698 1227 756 ξ’
1263 713 1311 740 ue
1343 698 1510 741 ordine!
1558 697 1737 741 alienum

113 767 246 824 quoad
283 766 357 809 hoc
391 767 618 817 subditum⁷
643 773 867 825 ‹melequum
902 767 1042 810 eadem
1081 773 1122 810 ut
1155 780 1277 824 supra
1310 788 1323 805 «
1349 764 1579 810 testimonia
1604 780 1741 810 neces-

112 840 264 881 saria»
304 838 520 895 receperit,
554 851 659 895 quae
710 839 882 894 proinde
916 839 1048 881 eidem
1085 844 1178 881 sunt
1224 839 1436 891 mittenda,
1470 841 1568 895 quin
1605 851 1743 881 neees-

112 911 220 952 sario
253 911 333 951 sint
366 908 417 952 ab
451 922 498 952 eo
532 909 780 965 colligenda.
808 935 859 939 ——
886 908 972 952 Hoc
1009 909 1197 952 ultimum
1224 924 1244 951 e
1269 913 1411 953 contra
1448 907 1743 965 praescribitur

113 993 307 1036 expresse
339 982 375 1022 in
401 982 426 1034 ξ
445 982 488 1023 3.
518 979 639 1033 Quod
670 980 708 1023 si
736 980 1043 1037 promovemus·
1071 984 1107 1022 vi
1144 981 1373 1023 litterarum
1410 980 1739 1023 dimissoriarum

112 1064 160 1093 ex
196 1053 365 1094 canonis
413 1055 623 1106 contextu,
661 1057 819 1109 tempus
862 1050 1068 1109 sufficiens
1100 1051 1155 1093 od
1188 1050 1516 1094 eoulrulwudum
1571 1049 1741 1105 impedi-

114 1127 306 1169 mentum,
342 1122 450 1179 quod
491 1138 510 1162 ‹(
535 1127 610 1175 est,
646 1122 907 1178 regulariter,
944 1136 1015 1178 pro
1051 1122 1250 1166 militibus
1284 1124 1507 1174 trimestre,
1544 1135 1615 1177 pro
1654 1121 1744 1163 aliis

112 1199 311 1236 semestre
338 1198 427 1248 post
453 1193 710 1249 pubertatem
735 1209 756 1234 ))
795 1193 850 1235 ud
874 1207 1063 1236 normam
1095 1207 1186 1235 cau.
1211 1196 1305 1235 994
1341 1192 1596 1248 omis-essere]
1631 1197 1743 1234 taxa-

115 1266 197 1306 tive
233 1264 275 1305 iu
310 1263 402 1320 ipsu
435 1262 615 1306 dioecesi
648 1262 848 1321 Episcopi
881 1262 1139 1312 ordinantis,
1175 1277 1245 1306 seu
1281 1262 1457 1306 Abbatia
1492 1275 1539 1305 ac
1591 1261 1746 1305 l‘raela-

113 1340 203 1377 tura
240 1334 392 1377 nullius
419 1337 456 1377 vi
493 1347 581 1378 can.
619 1334 717 1386 215,
752 1336 776 1388 ξ
811 1334 848 1387 ⁰2,
874 1339 913 1376 et
948 1339 988 1377 ut
1022 1347 1143 1390 supra
1182 1333 1233 1376 ob
1268 1333 1402 1377 locum
1440 1333 1682 1389 parallelum
1708 1337 1745 1375 et

115 1407 286 1448 rationis
310 1407 542 1461 paritatem,
566 1419 637 1448 seu
667 1404 825 1448 Vicaria
851 1410 921 1448 aut
954 1405 1216 1448 Praefectura
1242 1404 1491 1461 Apostolica,
1517 1406 1597 1447 imo
1621 1406 1744 1447 etiam

122 1478 197 1519 «si
233 1482 319 1533 post
354 1475 542 1519 obtentas
576 1475 727 1533 (prius)
773 1476 930 1519 litteras
977 1475 1275 1519 testimoniales
1307 1481 1347 1518 et
1394 1480 1488 1518 ante
1537 1480 1744 1531 peractam

117 1547 419 1590 ordinationem
471 1561 615 1590 rursus
665 1551 849 1590 moratus
882 1549 975 1590 sit»
1031 1546 1183 1590 ibidem
1221 1546 1331 1604 (can.
1368 1546 1465 1601 994,
1498 1547 1525 1599 ,ξ
1557 1545 1616 1599 3),
1650 1550 1747 1589 tunc

118 1621 156 1661 in
203 1618 263 1661 bis
296 1618 460 1662 casibus
495 1620 779 1676 unusquisque
822 1618 1129 1674 praedictorum
1166 1631 1339 1674 nempe:
1392 1616 1458 1659 liic
1508 1617 1746 1659 testimonia

118 1690 184 1734 illa
221 1692 451 1734 necessaria
486 1689 644 1732 directe
676 1689 863 1746 collique
897 1694 1020 1746 atque
1054 1689 1103 1732 ad
1140 1689 1216 1733 boc
1252 1691 1338 1743 iste,
1373 1702 1451 1731 non
1487 1688 1591 1731 alius
1630 1688 1746 1731 Prae-

116 1761 236 1815 latus,
269 1761 490 1818 obligatur.

237 1832 334 1875 308.
370 1835 446 1878 Ad
480 1846 624 1890 quem
658 1834 780 1878 mitti
814 1836 1021 1889 possunt
1058 1834 1253 1877 litterae
1286 1833 1659 1877 dimissoriales.
1694 1857 1744 1861 —

118 1902 240 1947 Cone.
275 1903 385 1948 Trid.
421 1903 496 1947 loe.
531 1906 599 1947 cit.
634 1903 823 1946 edixerat
858 1903 1143 1946 tantummodo
1183 1902 1276 1945 «ad
1323 1901 1447 1945 alium
1499 1901 1746 1958 Episcopum

121 1975 396 2018 ordinandum
434 1975 643 2018 dimittant
667 1991 704 2018 2).
740 1974 873 2018 Huius
906 1974 1099 2031 Episcopi
1126 1974 1514 2017 determinationem
1543 1974 1678 2028 refert,
1703 1986 1750 2016 ae

126 2060 218 2090 «ex
255 2051 370 2103 parte
404 2051 561 2090 tantum
598 2060 690 2090 cum
738 2049 827 2090 iure
860 2048 991 2089 veteri
1024 2047 1259 2101 congruit»
1298 2059 1388 2087 ean.
1423 2047 1523 2087 961.
1563 2043 1752 2087 Litterae

120 2117 391 2161 dimissoriae
423 2130 546 2174 supra
581 2118 776 2161 definitae
810 2117 923 2160 milli
953 2122 1128 2174 possunt
1162 2116 1210 2158 ab
1234 2115 1442 2173 Episcopo
1472 2116 1648 2173 proprio
1681 2116 1750 2158 de-

121 2189 276 2232 clarato
326 2193 363 2231 in
399 2201 489 2233 can.
525 2189 623 2242 956,
658 2194 695 2231 et
744 2188 821 2232 sub
869 2188 1019 2246 quibus
1066 2187 1204 2230 verbis
1251 2187 1426 2229 aliorum
1465 2189 1502 2228 vi
1546 2199 1749 2230 canonum

121 2262 385 2304 continentur
417 2261 551 2318 quoad
590 2264 856 2317 praesentem
882 2272 1068 2302 normam
1105 2272 1262 2311 omnes,
1296 2261 1364 2315 qui
1401 2260 1513 2301 iuxta
1553 2270 1641 2301 can.
1668 2259 1752 2301 9¹58

127 2331 328 2374 «litteras
361 2331 617 2374 dimissorias
650 2331 750 2375 dare
785 2335 1017 2388 possunt»,
1053 2342 1100 2373 ac
1135 2334 1303 2386 propter
1346 2331 1446 2372 iuris
1482 2331 1633 2372 veteris
1666 2342 1752 2372 mu-

122 2405 316 2446 tationem
352 2403 532 2446 addente
565 2415 748 2447 eanone:
782 2402 910 2445 eliam
947 2400 1172 2444 Gai-sumzu·
1203 2399 1413 2458 Episcopo
1452 2399 1754 2451 submbieam'o,

121 2475 218 2532 quia
252 2473 318 2517 hic
353 2476 390 2516 in
427 2476 516 2517 iure
552 2473 817 2530 praecedenti
846 2473 894 2517 ad
931 2472 1061 2516 solum
1088 2472 1237 2515 (lardm.
1272 2471 1394 2516 Urbis
1423 2471 1630 2515 Vicarinm
1664 2485 1760 2514 suos

121 2544 308 2588 subditos
340 2545 549 2589 dimittere
585 2549 745 2602 poterat
779 2544 1049 2597 ordinandos,
1085 2549 1127 2586 ut
1175 2548 1286 2599 patet
1324 2557 1372 2586 ex
1408 2556 1582 2587 censura
1616 2547 1760 2586 const⁸.

122 2615 384 2673 Apostolicae
432 2616 550 2660 Sedis
587 2615 674 2659 Vll⁸L
725 2618 830 2659 inter
878 2617 1170 2671 suspensiones
1223 2627 1331 2657 nunc
1381 2615 1595 2671 abrogata,
1631 2618 1670 2656 ut
1721 2616 1758 2656 in

121 2699 212 2730 can.
246 2687 330 2729 958
378 2687 534 2731 dictum
570 2692 642 2731 est.
696 2686 823 2742 Dii-igi
868 2699 967 2742 ergo
1018 2690 1187 2741 possunt
1236 2686 1451 2741 praefatae
1504 2684 1662 2727 litterae
1705 2683 1761 2727 ad

122 2756 343 2815 quemlibet
365 2756 635 2816 Episcopum,
659 2758 736 2802 sub
770 2760 888 2801 cuius
924 2759 1089 2799 nomine
1124 2755 1203 2799 huc
1237 2756 1286 2798 ad
1324 2769 1514 2799 normam
1544 2768 1632 2799 can.
1659 2756 1756 2803 957,

122 2827 150 2886 ξ
183 2828 206 2871 ⁶2
245 2843 265 2869 «
293 2831 403 2872 venit
436 2842 602 2887 quoque
635 2828 841 2885 (Vicarius
875 2841 922 2870 ac
959 2828 1195 2870 Praefectus
1219 2825 1500 2883 Apostolicus)
1528 2825 1667 2869 Abbas
1693 2825 1754 2868 vel

125 2898 336 2942 Praelatus
384 2899 590 2943 nullius»
629 2899 736 2957 (can.
774 2899 871 2951 215,
905 2898 932 2955 ξ
967 2897 1017 2950 2),
1051 2899 1140 2940 sive
1191 2897 1447 2955 relinquatur
1498 2896 1753 2950 illiusdesi-
