1971 3261
164 148 259 184 Can.
285 148 356 184 956
736 149 820 183 ΤΙΤ.
852 149 916 183 VI.
947 170 959 174 -
987 150 1042 185 De
1072 151 1216 186 Ordine
1727 151 1797 187 365

164 267 217 310 de
239 279 363 311 causa
389 266 575 311 iubetur:
603 267 880 311 imeimwedo
904 268 1089 324 firmare,
1109 269 1345 313 huiusmodi
1373 272 1628 327 praescripto
1651 276 1797 314 const·

170 353 190 379 ((
214 337 550 395 Speculatores»
589 338 639 382 ad
685 338 795 382 hunc
835 353 976 382 casum
1024 343 1226 393 restricto,
1262 354 1335 384 nec
1375 354 1542 397 semper
1573 342 1796 395 servando,

164 414 207 452 ut
241 413 351 466 patet
383 422 431 452 ex
467 408 666 452 subnexis
699 409 1035 466 exceptionibus:
1071 420 1112 453 a>
1146 411 1231 454 nisi
1263 416 1420 468 σφαίρῃ·
1447 412 1497 454 (le
1516 413 1795 469 promovendo

161 478 218 522 ad
250 479 422 523 ordines
455 478 643 536 singulos
676 481 856 523 maiores
893 479 954 523 vet
992 483 1184 532 miiioreS,
1211 487 1412 538 utsupra,
1439 495 1517 524 non
1542 482 1591 524 ad
1619 485 1792 538 primam

162 555 373 593 tonsuram
410 555 578 607 propter
616 549 814 594 verbum:
839 550 991 593 clerico
1015 551 1087 608 qai
1110 551 1291 594 dioecesi
1314 552 1504 608 Episcopi
1532 556 1700 609 proprii.
1725 557 1793 611 qui

163 620 240 664 hoc
271 634 428 664 canone
462 622 777 668 determinatur,
809 635 886 679 per
916 622 1099 679 pronam
1135 628 1349 665 sensuram
1387 624 1469 665 iam
1500 623 1796 667 1'71‹·‹1rcle'mtlu.s·

161 697 238 745 est,
273 705 343 734 seu
379 694 502 734 etiam
543 705 662 748 «per
697 692 1068 751 incardinationem
1122 692 1230 735 itlius
1279 694 1417 737 clerici
1470 697 1582 750 prius
1610 695 1730 738 alieni
1757 711 1794 737 ».

161 765 259 819 quia
287 762 395 806 -baec
428 763 703 806 incar-dinatio
737 763 853 806 atteri
893 779 912 803 ((
939 777 1010 819 per
1046 766 1219 819 primam
1258 769 1466 806 tonsuram
1493 782 1514 805 »
1555 769 1700 808 merito
1733 779 1795 809 ae-

161 832 363 890 quipollet
401 833 453 877 ob
492 834 600 877 idem
642 835 928 877 iusiurandum
979 848 1057 877 non
1108 835 1339 877 iterandum
1381 838 1416 876 ri
1454 835 1573 878 liuius
1612 840 1793 881 canonis.

161 903 273 960 quod
307 917 328 947 a
361 903 513 947 clerico
549 905 848 948 incardinando
882 906 954 947 fuit
989 905 1171 948 dandum
1202 921 1223 945 «
1247 918 1385 948 coram
1414 907 1697 949 incardinantc
1721 909 1796 951 Or-

161 973 324 1017 diuario
358 977 502 1018 eiusre
537 975 771 1032 delegato»
811 976 920 1026 (can.
959 976 1054 1029 117,
1089 975 1167 1032 3¹⁷¹),
1204 976 1265 1017 rel
1303 992 1321 1015 «
1349 979 1423 1019 nisi
1459 983 1605 1032 agatur
1629 995 1648 1016 »
1686 977 1722 1029 b)
1746 978 1795 1019 de

157 1045 441 1102 promovendo
474 1047 524 1089 ad
561 1047 728 1090 ordines
772 1053 813 1090 ut
856 1060 994 1103 supra,
1034 1046 1095 1090 vel
1143 1049 1317 1103 primam
1365 1052 1574 1090 tonsuram
1610 1048 1793 1100 alumno,

160 1116 339 1161 scilicet:
377 1120 598 1161 seminarii
636 1118 697 1160 vet
736 1121 772 1160 in
808 1117 884 1161 hac
919 1118 1098 1161 dioecesi
1131 1118 1279 1161 studiis
1318 1118 1563 1161 incumbens
1596 1133 1688 1161 cnm
1727 1120 1796 1161 do—

162 1187 316 1230 micilio
349 1202 420 1231 seu
456 1189 798 1238 incardinatione,
833 1189 904 1246 qui
945 1189 1117 1232 servilio
1161 1189 1274 1231 alz'us
1316 1189 1518 1232 dioecesis
1555 1189 1796 1232 destinatur

161 1271 210 1301 ex
248 1260 472 1302 intentione
507 1262 722 1317 utriusque
754 1257 967 1304 Ordinarii
1003 1259 1059 1302 ad
1092 1274 1280 1303 normam
1321 1274 1412 1302 ean.
1446 1263 1554 1312 065),
1587 1263 1614 1318 (ξ
1649 1261 1687 1313 2,
1719 1264 1796 1303 sci-

163 1328 280 1373 licet:
316 1342 422 1386 quae
456 1330 700 1387 exequenda
736 1333 828 1384 erit,
867 1347 885 1371 (ι
914 1334 1082 1387 praevia
1109 1330 1290 1387 legitima
1315 1331 1655 1374 excardinatione
1678 1337 1715 1374 et
1742 1334 1795 1373 in-

160 1401 445 1444 cardinatione
469 1415 515 1445 »ι
552 1401 613 1444 vel
646 1402 814 1444 demum
855 1408 1092 1458 «agatur»
1131 1404 1167 1448 c]
1199 1401 1250 1444 de
1278 1402 1571 1458 promovendo,
1606 1405 1711 1445 sicut
1745 1403 1795 1445 de

160 1471 328 1515 alumno
363 1471 622 1515 declaratum
659 1478 732 1520 est,
768 1472 968 1529 reliqi'oso
1000 1473 1207 1530 professo,
1241 1473 1339 1530 (non
1375 1473 1511 1516 adhuc
1536 1476 1707 1527 novitio,
1726 1476 1793 1530 qui

160 1544 296 1586 forsan
331 1556 427 1586 cum
462 1543 770 1599 dispensatione
803 1556 893 1588 can.
931 1544 1028 1596 567,
1063 1548 1087 1597 ξ
1122 1544 1144 1586 ’2
1181 1549 1513 1600 promorereturi
1552 1550 1588 1587 et
1616 1545 1683 1587 iilo
1709 1551 1792 1587 tan-

162 1618 247 1657 tum
287 1614 570 1671 «religioso»
609 1614 659 1657 de
693 1629 771 1672 quo
808 1615 847 1657 ιή
884 1629 975 1658 ean.
1010 1618 1118 1665 964,
1155 1629 1192 1658 η.
1227 1618 1270 1669 4,
1303 1615 1461 1658 scilicet
1490 1631 1507 1655 «
1533 1618 1652 1659 cuius
1685 1617 1793 1659 ordi-

159 1687 270 1728 natio
304 1687 463 1741 regitur
497 1687 586 1728 iure
620 1686 961 1730 saecularium».
1000 1686 1130 1742 igitur
1164 1691 1272 1743 patet
1317 1686 1366 1729 ad
1413 1686 1663 1743 Episcopum
1704 1701 1794 1742 pro-

161 1758 297 1811 prium
333 1758 372 1798 in
405 1769 527 1799 sensu
552 1759 723 1799 canonis
747 1757 830 1800 955
856 1760 944 1799 iure
969 1756 1241 1800 obtinendum
1279 1760 1432 1814 requiri
1467 1771 1631 1813 semper
1665 1762 1704 1811 ιι)
1728 1757 1795 1800 do-

161 1824 361 1868 micilium
397 1828 434 1868 in
471 1828 559 1869 etus
592 1826 786 1877 dioecesi,
821 1827 891 1871 sed
927 1827 966 1884 b)
1001 1841 1094 1870 cum
1130 1829 1303 1883 origine,
1333 1827 1394 1870 rel
1422 1828 1702 1881 iureiurando,
1732 1827 1792 1870 ret

160 1896 490 1940 incardinatione
538 1911 608 1940 seu
656 1900 825 1954 praevia
869 1911 939 1941 seu
987 1900 1141 1941 intenta
1186 1912 1279 1941 cum
1315 1901 1606 1956 exequutionis
1638 1901 1792 1941 securi-

160 1972 255 2021 tate,
290 1969 354 2011 cui
390 1969 479 2011 iure
513 1971 810 2026 aequiparatur
843 1983 892 2012 ex
929 1983 1017 2013 can.
1052 1970 1143 2017 111,
1169 1970 1196 2026 3⁴
1225 1970 1239 2011 l
1279 1971 1481 2026 professio
1515 1969 1791 2027 quorumdam

160 2037 367 2094 religiosa.

279 2109 411 2153 Huius
456 2112 808 2167 interpretationis
853 2111 1155 2168 legitimitatem
1201 2113 1448 2155 confirmant
1493 2117 1529 2154 et
1581 2112 1793 2155 declarant

165 2195 186 2220 «
209 2193 315 2238 quae
351 2181 652 2237 responderunt
688 2181 778 2224 Emi
813 2182 952 2226 Patres
988 2183 1224 2225 Pontiticiae
1259 2182 1475 2225 Commiss.
1510 2182 1559 2226 ad
1596 2185 1794 2239 interpre-

160 2251 307 2295 tandos
339 2251 451 2295 auth.
486 2252 696 2296 canones¹
733 2252 782 2296 ad
818 2252 943 2297 dubia
980 2256 1202 2310 proposita,
1237 2266 1407 2309 nempe:
1435 2279 1486 2283 —
1525 2252 1568 2296 1⁰
1591 2252 1791 2306 Quisnam

159 2323 211 2365 sit
243 2321 472 2379 Episcopus
507 2326 698 2380 proprius
736 2337 809 2380 pro
853 2325 1113 2368 ordinatione
1149 2324 1327 2376 iliorum,
1363 2327 1432 2381 qui
1468 2324 1625 2368 nulium
1660 2325 1792 2368 domi-

159 2392 301 2436 cilium
335 2392 500 2438 babent.
538 2420 590 2424 —
628 2394 671 2437 2⁰
706 2394 851 2439 Utrum
889 2394 954 2438 iile
988 2398 1057 2453 qui
1092 2395 1308 2438 ordinetur
1342 2408 1364 2438 a
1399 2398 1565 2452 proprio
1590 2395 1793 2452 Episcopo

158 2466 331 2507 servitio
363 2464 470 2508 atius
502 2465 705 2509 dioecesis
739 2465 837 2523 (non
873 2469 951 2509 iam
993 2483 1010 2506 α
1036 2468 1105 2523 qui
1143 2466 1379 2509 huiusmodi
1414 2469 1585 2510 servitio
1619 2467 1794 2510 destina-

159 2539 270 2577 tur»
308 2537 347 2577 in
382 2536 566 2579 futurum
601 2550 672 2579 seu
697 2537 746 2580 ad
775 2550 960 2580 normam
997 2550 1086 2581 can.
1114 2538 1210 2587 969,
1235 2536 1263 2594 ἓ
1287 2537 1344 2594 2),
1379 2538 1664 2581 incardinetur
1698 2538 1791 2581 huic

159 2605 227 2648 alii
260 2605 441 2650 dioecesi
475 2608 588 2650 iuxta
632 2620 834 2651 canonem
875 2609 968 2659 111,
1002 2610 1029 2664 ς’
1066 2609 1103 2659 2,
1138 2621 1186 2651 an
1234 2611 1369 2664 potius
1412 2608 1591 2652 dioecesi
1638 2612 1790 2665 proprii

159 2675 350 2733 Episcopi
386 2679 499 2720 iuxta
533 2690 733 2722 canonem
761 2680 858 2727 969,
884 2682 908 2733 ᾗ
934 2679 979 2724 2:
1018 2705 1068 2709 —
1106 2678 1151 2721 Et
1176 2684 1382 2736 quatenus
1414 2682 1610 2736 negative
1633 2680 1682 2723 ad
1711 2682 1791 2736 pri-

160 2758 270 2790 mam
305 2752 479 2804 partem‚
506 2747 549 2791 3⁰
573 2750 762 2803 Quonam
800 2754 985 2806 tempore
1021 2750 1271 2793 incardinari
1296 2749 1444 2794 debeat
1469 2750 1648 2794 dioecesi
1673 2753 1791 2793 cuius

277 2900 289 2922 ¹
316 2899 338 2933 3
364 2901 467 2945 Aug.
499 2902 601 2936 1919.
633 2901 827 2936 Monitore
854 2888 992 2936 eccles.
1022 2902 1103 2936 Ser.
1135 2902 1197 2943 IV,
1228 2902 1305 2938 vol.
1335 2903 1386 2943 11,
1416 2905 1473 2938 57.
