1971 3261
144 179 215 214 730
854 181 1060 206 ΑΡΡΕΝΒΙΧ

142 301 232 339 sive
268 308 410 338 verum
444 297 533 337 sive
568 293 765 347 medium,
799 296 868 335 aut
902 291 1034 347 legale
1065 293 1155 334 sive
1190 291 1400 347 regionale
1431 293 1521 335 sive
1553 291 1663 336 aliud
1698 306 1769 336 ex-

142 367 462 410 traordinarium
487 380 527 418 »,
561 364 670 420 (can.
706 363 773 417 33,
807 363 834 417 ξ
868 361 910 419 l)
943 366 1066 418 atque
1111 375 1184 418 pro
1228 361 1345 406 libitu
1384 362 1599 406 diversum
1636 365 1675 406 in
1709 364 1769 407 di-

140 439 300 481 stinctis
331 435 489 479 diebus,

260 543 316 577 42.
343 540 560 577 Concedendi
590 545 626 576 nt
652 540 695 576 ob
723 540 915 585 legitimam
950 551 1162 586 gravemque
1196 540 1381 580 rationem,
1409 540 1451 576 de
1478 551 1547 586 qua
1579 541 1654 577 eius
1689 552 1772 577 con-

140 603 288 639 scientia
313 606 490 645 oneratur,
519 601 587 635 loco
615 599 731 635 Divini
759 597 877 646 Officii,
903 599 1073 634 rosarium
1099 599 1152 635 vel
1178 599 1268 635 aliae
1305 610 1421 645 preces
1449 600 1586 635 recitari
1621 601 1769 647 possint.

141 661 365 706 (Communis
390 665 538 706 quatuor
564 659 834 703 Formularum).

261 756 324 799 Ad
348 768 388 798 n.
412 754 480 798 42.
506 780 558 785 —
587 770 610 795 c<
635 753 877 810 Legitimam
911 766 1171 811 gravemque
1205 756 1404 797 rationem
1431 769 1450 795 ))
1475 754 1660 798 iudicare
1685 768 1773 810 per·

144 830 243 870 tinet
277 827 326 869 ad
362 825 674 877 concedentem,
709 826 806 881 quia
839 825 891 867 de
926 824 993 868 illa
1031 840 1053 866 «
1076 827 1165 867 eius
1211 827 1465 868 conscientia
1513 829 1773 880 oneratur»,

142 902 183 940 et
216 898 409 953 quamvis
447 897 738 938 «rosarium»
780 897 818 937 vi
857 897 970 938 vocis
1009 895 1200 951 designet
1240 895 1478 953 quindecim
1513 895 1692 938 decades
1725 895 1772 938 il·

145 968 236 1021 lius,
271 979 376 1024 quae
408 966 544 1010 adbuc
588 965 803 1010 breviores
845 971 982 1009 essent
1024 978 1147 1022 quam
1184 965 1379 1009 Divinum
1414 964 1625 1020 Officium,
1658 971 1774 1023 puta-

147 1052 236 1081 mus
271 1052 342 1094 pro
375 1039 579 1093 gravitate
613 1038 783 1080 rationis
808 1049 927 1092 posse
950 1036 1122 1092 intelligi
1158 1039 1301 1079 rosarii
1336 1039 1498 1080 tertiam
1536 1041 1692 1092 partem
1721 1050 1770 1080 ex

146 1123 219 1152 usu
256 1109 464 1166 loquendi,
503 1120 820 1164 «precesque»
859 1107 1090 1150 durationis
1122 1107 1310 1150 eiusdem
1344 1107 1548 1162 sufficere,
1587 1107 1649 1150 vel
1685 1120 1774 1164 par-

145 1182 216 1222 tim
250 1193 298 1222 ex
336 1178 416 1227 illo,
453 1181 601 1235 partim
626 1191 675 1221 ex
702 1180 788 1221 istis
811 1180 1003 1234 componi
1027 1177 1362 1221 substitutionem
1404 1177 1539 1220 Divini
1559 1175 1710 1229 Officii,
1734 1183 1773 1222 et

147 1250 252 1294 lianc
285 1250 587 1293 substitutionis
609 1249 998 1292 determinationem
1035 1262 1125 1292 esse
1158 1249 1426 1306 concedentis
1457 1253 1654 1292 statuere.

263 1353 318 1391 43.
347 1354 569 1390 Permittendi
598 1355 671 1390 suis
698 1354 929 1389 missionariis
948 1359 986 1389 ut
1002 1361 1106 1390 vestes
1125 1354 1263 1389 laicales
1282 1354 1426 1389 induere
1453 1354 1599 1400 possint,
1620 1354 1647 1389 si
1675 1354 1775 1390 aliter

146 1416 196 1451 vel
223 1415 372 1450 transire
389 1415 432 1449 ad
452 1414 525 1449 loca
550 1425 671 1449 eorum
698 1425 802 1449 curae
828 1415 1027 1454 commissa,
1046 1414 1098 1449 vel
1125 1413 1160 1447 in
1187 1413 1238 1449 eis
1263 1413 1443 1449 commode
1473 1424 1676 1459 permanere
1702 1425 1772 1449 non

147 1474 334 1520 potuerint.
365 1471 587 1518 (Communis
612 1472 771 1508 omnium
801 1472 1069 1516 Formularum).
1670 1479 1675 1486 Χ

264 1569 326 1611 Ad
363 1582 400 1610 n.
436 1568 502 1612 43.
535 1594 587 1599 —
617 1566 714 1611 Can.
753 1567 835 1610 136
872 1567 1117 1624 praescribit
1150 1572 1192 1610 ut
1231 1581 1417 1611 «onmes
1449 1567 1590 1611 clerici
1625 1567 1774 1610 decen-

147 1646 227 1683 tem
264 1639 448 1683 habitum
483 1639 810 1683 ecclesiasticum
836 1654 874 1691 »,
899 1641 968 1696 qui
999 1652 1077 1681 non
1113 1643 1173 1682 est
1206 1640 1360 1695 ubique
1394 1637 1548 1692 talaris,
1571 1638 1775 1681 deferant.

147 1710 188 1753 ln
224 1712 479 1766 oppositione
515 1712 639 1766 igitur
677 1710 727 1753 ad
765 1709 879 1752 illum
916 1710 1070 1753 dicitur
1097 1725 1117 1750 «
1140 1714 1272 1752 vestes
1296 1708 1472 1752 laicales
1495 1709 1667 1752 induere
1692 1721 1779 1764 pos-

145 1783 227 1823 sint
249 1797 287 1822 ».
323 1779 412 1824 Cit.i
445 1786 552 1825 can·
584 1783 608 1833 ἓ
642 1779 686 1823 3⁰
721 1780 997 1836 reprobantur
1034 1796 1056 1821 «
1079 1780 1219 1823 elerici
1265 1782 1446 1822 minores
1492 1781 1561 1836 qui
1612 1780 1776 1836 propria

146 1853 391 1895 auctoritate
424 1854 511 1894 sine
546 1851 728 1907 legitima
755 1864 877 1894 causa
903 1850 1089 1895 habitum
1114 1850 1441 1894 ecclesiasticum
1476 1851 1709 1894 dimiserint
1731 1865 1775 1903 »3

147 1922 197 1965 ad
233 1935 355 1979 quam
399 1925 763 1978 praescriptionem
799 1936 842 1965 se
877 1923 1001 1965 rel'ert
1035 1922 1100 1965 lex
1137 1921 1320 1978 poenalis
1353 1927 1461 1965 ean.⁸
1494 1921 1606 1964 2379
1642 1920 1776 1977 quoad

147 1993 322 2036 clericos
369 2006 533 2050 quoque
583 1996 771 2038 maiores.
806 1993 936 2037 Datur
968 2006 1067 2049 ergo
1102 1992 1167 2036 liic
1203 1992 1399 2036 Praelatis
1432 1991 1605 2036 facultas
1641 2007 1661 2032 ((
1687 2004 1775 2048 per-

150 2063 338 2106 mittendi
371 2066 455 2106 suis
488 2066 758 2107 missionariis
779 2080 820 2118 ›),
855 2067 923 2121 qui
960 2068 1003 2107 ut
1037 2064 1260 2120 plurimum
1295 2062 1533 2106 sacerdotes
1565 2066 1672 2113 sunt,
1704 2061 1776 2105 ad-

153 2147 316 2177 versum
351 2148 439 2180 cau.
469 2135 549 2177 136
583 2147 720 2191 agere,
754 2136 1029 2178 determinata
1062 2136 1121 2177 sic
1155 2134 1337 2190 legitima
1371 2146 1518 2177 causa:
1549 2134 1626 2176 «si
1659 2132 1779 2176 aliter

149 2203 194 2261 a)
231 2204 291 2247 vel
319 2207 493 2248 transire
516 2206 565 2249 ad
594 2205 680 2249 loca
705 2219 848 2249 eorum
883 2205 1074 2263 (nempe:
1111 2203 1487 2261 missionariorum)
1512 2216 1638 2247 curae
1670 2216 1780 2246 com-

152 2276 287 2329 missa,
313 2274 516 2332 (fortassis
550 2290 622 2332 per
654 2276 834 2319 alienum
870 2274 1162 2332 territorium),
1186 2274 1227 2332 b)
1256 2274 1318 2318 vel
1354 2276 1393 2317 in
1429 2277 1489 2317 eis
1520 2271 1778 2331 (declaratis)

149 2345 366 2388 commode
401 2359 644 2402 permanere
668 2346 1037 2404 (quandocumque
1063 2344 1208 2402 velint)
1233 2359 1312 2388 non
1348 2347 1618 2401 potuerint».
1644 2344 1780 2401 Atque

152 2415 228 2458 bae
262 2419 531 2472 permissione
565 2417 673 2460 licite
706 2420 876 2460 canonis
909 2417 1217 2461 observantiam
1255 2417 1600 2472 praetermittunt.

270 2512 326 2549 44.
356 2514 582 2551 Permittendi
610 2516 683 2551 suis
710 2516 942 2552 missionariis
969 2521 1006 2552 ut
1030 2523 1120 2551 artes
1145 2515 1327 2551 medicinae
1353 2521 1383 2549 et
1408 2513 1599 2560 chirurqiae
1624 2523 1781 2548 exercere

152 2573 303 2613 valeant,
332 2573 520 2609 dummodo
548 2574 582 2608 in
610 2574 678 2608 illis
707 2575 804 2620 periti
832 2575 915 2617 sint,
945 2579 1132 2620 operentur
1157 2574 1289 2619 absque
1325 2573 1508 2612 incisione,
1537 2576 1781 2618 praeterquam

150 2632 195 2667 ad
222 2632 429 2677 sangninem
457 2633 701 2674 emittendum,
730 2639 762 2668 et
790 2634 876 2668 nibil
904 2634 1047 2679 exigant
1073 2644 1134 2679 pro
1159 2632 1359 2668 huiusmodi
1390 2631 1574 2672 exerciti0;
1600 2635 1634 2666 et
1660 2631 1697 2664 in
1722 2639 1779 2665 cu-

154 2690 274 2725 randis
301 2691 506 2726 mulieribus
531 2703 569 2726 ea
597 2693 718 2733 vitent,
739 2704 828 2738 quae
854 2693 1075 2728 sanctitatem
1101 2691 1324 2732 characteris,
1341 2701 1411 2737 quo
1430 2689 1589 2734 insigniti
1610 2693 1706 2731 sunt,
1724 2688 1782 2724 de-

153 2749 288 2784 decent.
315 2749 518 2793 (Peculiaris
544 2751 724 2796 utriusque
751 2751 931 2787 Formulae
955 2751 1105 2794 tertiae).

276 2839 338 2882 Ad
374 2852 411 2881 n.
446 2839 513 2882 44.
545 2865 602 2870 —
634 2840 771 2883 Canon
808 2841 904 2895 139,
937 2839 966 2898 ἓ
999 2841 1022 2883 2
1054 2842 1218 2884 statuit:
1258 2837 1448 2883 «Clerici
1486 2839 1575 2881 sine
1617 2841 1780 2893 aposto-

159 2909 237 2952 lico
270 2909 428 2952 indulto
469 2910 717 2953 medicinam
763 2911 825 2953 vel
870 2910 1126 2967 chirurgiam
1160 2923 1210 2952 ne
1243 2912 1527 2952 exerceant».
1563 2906 1665 2950 lllud
1709 2919 1783 2963 per
