1971 3261
130 147 199 182 556
520 148 606 181 Lus.
635 147 710 181 ΙΙΙ.
738 166 750 173 -
778 148 890 181 PARS
914 147 945 181 I.
975 167 988 172 -
1013 147 1072 181 De
1096 147 1362 183 Sacramentis
1544 148 1638 184 Gan.
1666 148 1761 183 1058

132 267 232 310 talis
265 268 405 310 stricte
438 270 627 323 sumptae
663 279 735 322 pro
768 269 906 310 earnis
940 269 1192 324 integritate,
1225 269 1320 325 quia
1355 268 1584 312 seeundum
1619 267 1760 311 Hiero-

131 351 302 395 nymum
330 338 366 380 ¹:
407 338 734 392 «virginitatem
771 336 1025 381 voventibus
1059 351 1140 381 non
1176 337 1307 381 solum
1343 337 1516 393 nubere,
1549 338 1619 381 sed
1656 337 1760 382 veile

132 409 289 452 nubere
322 407 560 451 damnabile
594 413 655 451 est
678 423 719 461 ))‚
751 410 848 465 quia
887 410 1184 452 «matrimonii
1220 410 1312 452 linis
1345 411 1568 465 primarius
1590 414 1651 452 est
1674 422 1763 466 pro-

132 481 325 523 creatio»
365 478 474 535 (can.
513 479 638 533 1013,
671 479 699 536 ἓ
734 479 774 535 1>
819 481 1046 535 virginitati
1080 482 1282 536 opposita,
1317 478 1766 537 b)easti'lalisperfec-

134 556 213 600 loe,
247 551 369 592 etiam
405 549 454 592 ad
492 554 673 606 tempus,
707 562 839 607 eoque
873 549 1140 606 perdurante,
1178 562 1284 606 quae
1331 555 1415 593 tum
1467 552 1766 607 virginitatem,

132 623 162 663 si
199 633 277 662 non
310 620 431 662 suerit
466 622 634 675 praevie
667 621 831 674 amissa,
866 625 950 662 tum
985 625 1102 663 actus
1134 620 1451 664 matrimonialis
1473 619 1763 664 abstinentiam

133 690 320 744 includit,
354 690 395 747 c.)
426 704 506 732 ozon
556 689 738 733 iiicbendi
789 695 928 733 votum
979 691 1138 733 directe
1186 693 1419 747 oppositum
1469 691 1764 734 matrimoniali

133 763 376 816 contractui,
421 760 463 807 dl
493 760 752 818 suscipiendi
800 759 973 804 ordines
1021 774 1177 817 sacros,
1225 766 1269 804 ut
1303 766 1411 817 patet
1447 763 1485 804 in
1524 764 1626 816 tire,
1667 764 1763 819 quia

139 844 342 875 «saei-am
378 832 681 875 ordinationem
721 831 856 875 valide
907 833 1051 888 recipit
1100 831 1211 875 solus
1252 834 1314 875 vir
1349 830 1575 888 baptizatus
1597 848 1616 873 »
1656 831 1764 888 (ean.

136 904 233 955 968,
267 905 292 957 g
328 902 382 958 t),
417 908 456 945 et
490 904 593 945 ratio
637 904 946 959 impedimenti
971 907 1030 946 est
1080 902 1445 959 incompatibilitas
1492 902 1665 946 iuridiea
1715 903 1765 946 ad

134 988 322 1017 normam
357 987 445 1017 can.
483 975 580 1023 987,
616 973 660 1016 ⁶2⁰
687 973 1004 1017 matrimonialis
1034 978 1163 1017 status
1188 987 1261 1030 per
1282 979 1540 1017 contractum
1566 977 1765 1031 assumpti

135 1059 228 1089 cum
263 1045 420 1088 ordinis
453 1047 558 1088 sacri
593 1047 855 1101 susceptione
890 1047 1104 1100 promissa,
1139 1046 1306 1088 demum
1342 1044 1381 1102 e)
1415 1050 1454 1087 el
1487 1044 1768 1102 eritpleetendi

135 1122 289 1159 statum
324 1115 569 1173 reliyioswii
605 1117 654 1160 ad
690 1130 813 1174 quem
848 1116 1184 1172 amplectendum
1232 1115 1426 1160 inhabilis
1464 1116 1505 1158 tit
1541 1115 1592 1159 ob
1627 1119 1766 1159 matri-

137 1187 356 1230 monialem
381 1192 639 1231 eontraetum
670 1204 691 1228 «
710 1189 876 1241 coniux,
902 1187 1077 1231 durante
1103 1190 1366 1231 matrimonio
1389 1203 1409 1229 »
1437 1187 1546 1244 (can.
1568 1187 1663 1238 542,
1691 1186 1767 1243 1⁰).

254 1292 288 1329 Si
316 1298 432 1328 autem
460 1298 581 1328 contra
607 1298 723 1328 votum
752 1293 900 1329 iniretur
933 1298 1132 1328 contractus
1166 1293 1450 1335 matrimonialis,
1479 1293 1546 1329 duo
1582 1293 1768 1339 posteriora

136 1358 212 1388 vota
238 1352 503 1398 suspenduntur
530 1352 669 1388 vinculo
696 1353 911 1388 matrimonii
936 1353 1158 1399 perdurante,
1187 1353 1275 1388 sicut
1305 1358 1338 1388 et
1366 1358 1482 1388 votum
1510 1365 1580 1389 non
1598 1353 1769 1394 nubendi,

137 1410 206 1445 imo
234 1415 267 1445 et
294 1410 356 1444 hoc
382 1414 493 1445 cessat
519 1410 665 1445 omnino
691 1410 717 1444 si
747 1411 1012 1446 matrimonium
1040 1421 1107 1456 qua
1137 1411 1288 1456 primum
1314 1411 1533 1447 excludebat.
1563 1410 1684 1455 Quoad
1701 1411 1770 1446 duo

138 1469 252 1514 priora
290 1472 380 1507 vota,
421 1468 504 1502 dum
545 1479 614 1503 non
654 1461 902 1515 dispensentur
942 1469 992 1505 vel
1030 1473 1302 1510 commutentur,
1336 1469 1506 1505 servanda
1533 1475 1583 1505 est
1610 1469 1767 1504 doctrina

138 1526 178 1562 D.
207 1526 360 1562 Tliomae
379 1528 412 1559 2:
445 1541 459 1558 «
480 1527 570 1572 quod
599 1527 656 1563 ille
694 1527 751 1573 qui
792 1528 967 1563 contrahit
1006 1528 1270 1563 matrimonium
1313 1539 1371 1574 per
1398 1528 1498 1564 verba
1525 1529 1567 1564 de
1595 1528 1769 1574 praesenti

140 1591 215 1632 post
242 1591 359 1620 votum
387 1586 533 1632 simplex
562 1597 631 1622 non
660 1592 770 1633 potest
796 1598 1004 1632 cognoscere
1030 1598 1170 1622 uxorem
1205 1598 1304 1622 suam
1340 1587 1415 1622 sine
1451 1592 1589 1633 peccato
1616 1587 1768 1631 mortali,

138 1646 220 1691 quia
246 1645 358 1680 adbuc
385 1650 490 1681 restat
519 1645 582 1692 ipsi
613 1646 758 1681 facultas
784 1646 953 1692 implendi
983 1651 1099 1682 votum
1127 1647 1365 1681 continentiae
1395 1651 1477 1682 ante
1505 1647 1769 1681 matrimonium

137 1709 430 1739 consummatum.
458 1703 523 1740 Sed
542 1710 722 1751 postquam
739 1705 1001 1741 matrimonium
1033 1710 1314 1740 consummatum
1346 1710 1408 1746 est,
1428 1709 1479 1741 est
1496 1705 1526 1741 ei
1543 1705 1610 1740 iam
1640 1706 1769 1740 factum

138 1763 301 1798 illicitum
327 1774 397 1798 non
426 1763 569 1799 reddere
593 1763 748 1799 debitum
777 1764 874 1799 uxori
902 1765 1068 1810 exigenti,
1109 1771 1226 1799 tamen
1265 1775 1304 1800 ex
1332 1764 1434 1810 culpa
1460 1775 1530 1800 sua.
1560 1764 1599 1799 Et
1626 1764 1701 1799 ideo
1726 1764 1770 1799 ad

139 1822 203 1857 hoe
227 1821 392 1867 obligatio
419 1822 485 1857 voti
516 1833 582 1858 non
611 1833 647 1858 se
673 1823 842 1864 extendit,
872 1828 907 1858 ut
934 1834 972 1858 ex
1002 1823 1186 1869 praedictis
1214 1827 1318 1868 patet.
1347 1823 1479 1859 Tamen
1514 1823 1615 1859 debet
1643 1834 1702 1869 per
1722 1823 1768 1858 la-

141 1885 297 1916 mentum
327 1881 559 1927 poenitentiae
585 1892 849 1928 recompensare
877 1893 937 1928 pro
963 1882 1181 1918 continentia
1208 1893 1277 1917 non
1305 1887 1441 1917 servata
1458 1897 1488 1916 ».
1518 1882 1685 1928 Tuncque
1703 1893 1772 1917 ces-

140 1944 193 1974 sat
219 1940 430 1985 virginitatis
457 1945 586 1976 votum.
617 1941 739 1984 Quoad
765 1930 914 1976 alterum
942 1952 1021 1976 vero
1048 1952 1116 1976 non
1145 1941 1400 1987 dispensatum,
1418 1952 1482 1976 nec
1498 1946 1769 1983 commutatum,

143 1998 180 2033 D.
211 1998 363 2034 'I'homae
387 2004 437 2034 est
465 2010 543 2034 vera
568 1999 727 2035 doctrina
745 2000 778 2033 3:
811 2014 825 2032 «
842 2000 932 2044 quod
959 2005 1130 2046 quantum
1157 2000 1199 2035 ad
1227 2011 1268 2036 ea
1294 2000 1328 2034 in
1356 2000 1484 2046 quibus
1503 2005 1639 2036 nonest
1660 2001 1771 2035 sactus

142 2058 314 2102 impotens
342 2063 458 2093 votum
486 2058 723 2094 continentiae
749 2070 899 2103 servare,
927 2059 1042 2094 adhuc
1069 2064 1144 2105 post
1169 2064 1387 2095 contractum
1409 2060 1671 2095 matrimonium
1690 2059 1787 2095 obli-'

141 2122 242 2162 gatur
267 2118 310 2152 ad
338 2117 570 2153 servandum:
602 2124 743 2164 propter
768 2119 858 2164 quod
887 2123 1022 2153 mortua
1049 2129 1154 2154 uxore
1180 2123 1317 2154 tenetur
1344 2118 1495 2154 totaliter
1523 2119 1712 2154 continere.
1732 2117 1773 2153 Et
1830 2114 1833 2115 ⁷

142 2177 224 2222 quia
250 2187 288 2211 ex
318 2176 530 2212 matrimonii
560 2177 699 2212 vinculo
727 2188 796 2212 non
826 2177 1001 2222 obligatur
1017 2178 1060 2212 ad
1079 2177 1235 2213 debiturn
1256 2178 1457 2224 petendum,
1478 2178 1554 2213 ideo
1573 2189 1642 2212 non
1663 2182 1774 2224 potest

143 2240 256 2280 petere
281 2235 437 2270 debitum
465 2236 540 2271 sine
569 2241 719 2282 peceato,
748 2236 909 2282 quamvis
938 2237 1043 2282 possit
1078 2239 1154 2272 sine
1182 2241 1320 2282 peccato
1351 2237 1494 2272 reddere
1520 2237 1675 2273 debitum
1702 2237 1771 2272 exi-

143 2294 235 2339 genti
276 2294 411 2335 (saltem
442 2295 726 2340 interpretative).
771 2300 953 2341 postquam
993 2295 1166 2340 obligatus
1192 2300 1243 2331 est
1268 2295 1311 2331 ad
1340 2295 1403 2331 hoo
1431 2307 1490 2342 per
1514 2295 1690 2331 carnalem
1718 2306 1773 2331 co-

145 2353 260 2398 pulam
295 2354 557 2399 praecedentem
581 2368 611 2388 n.

263 2448 500 2492 Alexander
534 2449 581 2492 lll
619 2463 720 2506 papa
755 2450 855 2493 dicit
888 2451 926 2493 ⁴:
968 2449 1178 2507 «simplex
1208 2455 1346 2493 votum
1372 2452 1680 2493 matrimonium
1702 2453 1773 2493 im·

145 2520 254 2575 pedit
289 2520 633 2573 contrahendum,
668 2527 705 2564 et
740 2534 818 2563 non
854 2521 1013 2564 dirimit
1038 2523 1116 2564 iam
1142 2525 1400 2564 contractum
1422 2536 1460 2565 )>.
1486 2520 1527 2564 ld
1553 2521 1771 2564 confirmat

145 2592 221 2635 hoc
257 2592 378 2634 modo
412 2594 436 2645 ξ
470 2591 506 2635 Ξ.
542 2590 714 2636 Nullum
748 2605 797 2635 ex
832 2592 953 2635 dietis
988 2596 1123 2634 votum
1156 2591 1336 2649 simplem
1374 2591 1522 2634 irritat
1554 2591 1770 2634 inanimo-

146 2663 274 2719 m‘um,
294 2662 402 2719 quod
424 2662 491 2705 illo
514 2665 678 2718 vigente
696 2662 931 2706 celebretur
954 2662 1120 2706 aliunde
1148 2662 1480 2716 validum,salva
1503 2664 1772 2719 exceptione:

265 2802 275 2823 1
304 2801 492 2845 August„
519 2801 574 2834 De
601 2801 702 2835 bono
730 2801 873 2835 viduit.
903 2813 984 2846 cap.
1014 2802 1047 2836 9.
1078 2823 1120 2827 ·—
1149 2802 1162 2824 ²
1189 2801 1322 2848 Suppl.
1350 2815 1384 2847 q.
1412 2803 1518 2846 LIII,
1539 2815 1572 2838 a.
1593 2804 1609 2836 1
1637 2802 1685 2836 nd
1710 2802 1769 2838 3¹¹¹.

145 2869 188 2873 —
228 2849 242 2870 3
268 2848 358 2882 Loe.
387 2848 454 2881 cit.
483 2847 531 2881 ad
558 2848 618 2882 4¹⁵⁰.
660 2869 698 2873 —
729 2851 741 2871 ⁴
773 2849 863 2893 Cap.
900 2865 912 2878 «
933 2849 1146 2884 Consuluit
1166 2865 1179 2879 s
1223 2852 1244 2883 4
1271 2851 1334 2886 tit.
1361 2850 1382 2884 6
1415 2849 1520 2892 «Qui
1547 2850 1679 2884 elerici
1707 2849 1771 2884 vel

148 2901 337 2930 voventes
364 2895 660 2929 matrimonium
691 2896 921 2930 contrahere
948 2902 1144 2940 possunt»
1177 2896 1263 2932 Lib.
1292 2897 1364 2931 ΠΙ.

1929 2768 1959 2796 0·ae

1934 2944 1942 2963 ὶ

1931 2977 1938 2990 υ
