1971 3261
87 104 157 138 316
335 147 354 154 .„
481 103 565 136 Lm.
592 102 664 136 ΙΙΙ.
692 122 704 127 -
733 102 843 136 PARS
868 101 899 135 I.
929 123 941 126 -
968 101 1025 136 De
1049 101 1317 136 Sacramentis
1439 100 1531 136 Gan.
1558 101 1718 137 922-924

88 225 230 277 i‘ertur,
261 223 331 266 sed
367 223 416 266 ad
453 227 615 278 tempus
648 221 952 264 tamtummodo
974 225 1035 264 ·et
1082 219 1239 278 absque
1287 220 1547 264 solemnitate
1595 226 1719 280 atque

89 299 258 338 externa
302 292 596 347 celebratione,
630 293 865 349 quaeritur:
916 291 960 334 10
995 296 1132 334 utrum
1184 290 1440 347 indulgentia
1490 297 1622 335 cesset
1657 293 1719 336 vel

87 369 250 407 maneat
283 364 363 406 diei
397 363 543 416 affix33
593 367 633 405 et
665 366 870 419 quatenus
920 363 1115 418 negative
1164 362 1214 405 ad
1268 363 1338 403 tam
1374 366 1545 417 partem,
1583 367 1718 406 utrum

88 435 129 478 20
165 438 325 477 inaneat
359 435 482 476 etiam
517 446 612 476 eum
647 433 794 475 festum
829 434 1072 475 transiertur
1106 432 1157 475 ob
1182 445 1400 476 occursum
1437 433 1561 475 feriae
1599 432 1646 476 Vl
1680 435 1720 476 in

89 504 385 548 i’arasceve‘?»
432 529 484 534 -
515 503 639 547 Sacra
683 503 835 546 Poenit.
878 503 1113 559 respondit:
1148 501 1266 547 Circa
1314 503 1400 556 ium,
1434 503 1624 560 neyative
1666 503 1724 546 ad

89 579 153 618 lm*
184 580 362 633 partem,
402 573 663 632 affirmative
697 573 751 616 ad
784 575 874 617 Eam.
908 571 1026 617 Circa
1064 572 1445 630 2⁰m‚affio·1natz·ve.
1473 599 1524 604 —
1560 574 1717 618 Sancti·

87 652 147 689 tas
179 647 257 690 Sua
293 644 461 701 (Bened.
501 644 570 687 PP.
610 642 700 700 XV)
734 645 953 686 enunciata
989 656 1184 700 responsa
1232 643 1479 699 approbavit
1512 649 1551 687 et
1586 645 1716 701 publi-

86 719 169 761 cari
205 718 320 759 iussit
345 732 381 759 ›).

205 789 301 830 258.
339 789 410 833 De
440 792 663 844 tempore
701 789 805 832 utili
853 789 918 832 ad
966 788 1232 832 lucrandas
1280 788 1627 842 indulgentias.
1659 813 1718 818 ——

91 858 191 902 Can.
215 860 321 901 993.
355 857 420 900 Ad
453 857 701 900 lucrandam
729 856 1054 914 indmyenli'a‘nt,
1079 869 1184 913 quae
1209 856 1381 913 proinde
1404 870 1599 900 concessa
1621 871 1715 914 sup-

87 932 264 985 ponitur,
288 929 358 972 sed
383 928 460 972 sub
484 929 638 985 duplici
665 928 925 971 conditione:
949 926 989 984 a)
1015 926 1146 970 aliem·
1169 926 1255 970 diez·
1279 926 1462 984 affioeam,
1486 932 1525 970 et
1551 933 1717 984 propter

85 1000 190 1043 hanc
223 1001 483 1042 connectitur
516 998 582 1042 hic
615 1011 745 1042 canon
781 1011 874 1041 cum
895 997 1061 1054 praec'¹.,
1096 996 1139 1054 b)
1162 997 1199 1039 si
1224 996 1410 1039 visitatio
1433 996 1632 1040 ecelesiae
1653 997 1719 1040 vel

83 1070 266 1113 oratorii
300 1070 559 1127 requiratur,
594 1083 666 1126 per
699 1081 822 1127 quam
864 1068 1109 1125 intelligitur
1155 1080 1347 1111 accessus
1393 1068 1442 1111 ad
1477 1067 1715 1112 huiusmodi

84 1141 219 1185 locum
252 1154 416 1184 sacrum
451 1154 498 1184 ex
535 1143 690 1183 motivo
725 1140 820 1183 tidei
854 1144 924 1183 aut
960 1139 1171 1194 religionis
1204 1152 1297 1182 cum
1325 1141 1550 1182 intentione
1584 1139 1715 1183 Deum

84 1212 236 1256 ibidem
272 1212 501 1255 honorandi
537 1214 573 1254 in
609 1214 744 1268 seipso
777 1215 847 1255 aut
880 1213 918 1253 in
953 1216 1094 1254 saneto
1127 1210 1280 1267 aliquo,
1316 1210 1528 1254 recitando
1581 1225 1616 1256 v.
1652 1225 1715 1267 gr.

83 1285 303 1341 quinquies
337 1284 467 1337 Pater,
503 1283 592 1326 Ave
625 1287 665 1326 et
697 1281 850 1336 Gloria,
885 1281 994 1339 quod
1039 1281 1212 1335 sufficit3
1262 1281 1332 1324 sed
1371 1281 1581 1337 praedicta
1620 1284 1715 1325 visi-

85 1356 182 1397 tatio
214 1367 294 1397 non
328 1359 388 1397 est
427 1356 674 1403 necessaria,
710 1355 784 1396 nisi
835 1355 1095 1409 exprimatur
1146 1354 1182 1394 in
1217 1353 1497 1406 concessione,
1531 1356 1571 1395 et
1606 1353 1714 1396 idem

83 1425 246 1468 dicatur
283 1425 417 1482 quoad
469 1427 596 1482 ipsius
643 1424 855 1468 Ecclesiae
902 1424 1307 1467 determinationem.
1343 1423 1427 1465 lino
1461 1436 1510 1466 ex
1544 1422 1640 1466 Dec.
1674 1423 1715 1467 S.

84 1495 247 1552 Congr⁸.
282 1496 637 1552 Indulgentiaruni
660 1495 696 1540 ¹:
737 1493 895 1547 «Quod
933 1494 981 1537 ad
1008 1493 1209 1537 ecclesiae
1246 1496 1521 1537 visitationem
1546 1499 1718 1550 spectat⁷

83 1580 172 1610 eam
208 1567 368 1623 impleri
406 1580 536 1622 posse,
570 1569 660 1609 sive
703 1570 810 1613 ante,
844 1567 934 1608 sive
983 1569 1072 1621 post
1120 1564 1294 1607 alioruin
1345 1566 1505 1620 piorum
1540 1578 1712 1621 operum

83 1637 450 1694 (necessariorum)
470 1637 843 1694 implementum».
863 1662 920 1666 -
943 1635 1015 1678 His
1033 1637 1255 1692 suppositis
1276 1637 1538 1692 prosequitur
1556 1648 1715 1680 canon:

86 1709 263 1750 visitatio
298 1706 398 1750 llaec
430 1707 523 1763 fieri
552 1713 689 1765 potest
723 1720 747 1748 a
783 1705 957 1748 meridie
989 1705 1076 1748 diei·
1106 1704 1414 1762 praecedentis,
1440 1707 1478 1748 in
1503 1719 1584 1763 quo
1618 1720 1710 1762 sup-

84 1778 267 1833 putando.
288 1782 327 1820 et
349 1780 536 1834 sequenti
564 1778 698 1820 media
723 1781 842 1820 nocte
881 1792 903 1817 «
926 1776 1118 1819 standum
1144 1780 1202 1818 est
1226 1777 1436 1819 connnuni
1473 1775 1550 1819 loci
1574 1779 1663 1820 usui
1687 1793 1712 1818 »

82 1848 190 1904 (can.
210 1849 262 1892 33
281 1848 309 1902 ξ
329 1847 385 1904 1),
412 1862 539 1906 usqae
572 1847 627 1891 ad
661 1846 840 1891 mediam
875 1852 1031 1890 noctem
1057 1860 1163 1904 qzcae
1185 1851 1391 1889 statutam
1413 1845 1523 1889 a'z'em
1556 1861 1628 1903 pro
1653 1850 1713 1891 in-

82 1918 295 1975 dulgentia
332 1919 529 1962 lucranda
563 1918 737 1962 claudit.
773 1918 822 1961 Et
855 1922 916 1961 est
939 1930 1059 1961 casus
1081 1922 1280 1973 exceptus
1314 1919 1351 1959 in
1383 1930 1471 1960 can.
1498 1917 1544 1960 31
1576 1919 1713 1975 quoad

82 1995 244 2046 tenipus
276 1990 601 2046 supputamluin,
640 2005 660 2030 <‹
686 1991 760 2032 nisi
809 1989 919 2031 aliud
971 2001 1169 2044 expresse
1217 1993 1477 2031 caveatur».
1515 1987 1555 2030 ln
1596 1988 1710 2032 Dec⁰.

81 2064 219 2103 auten]
254 2059 417 2116 Congr⁸.
452 2060 489 2104 S.
524 2057 661 2104 Officii
687 2058 723 2103 ²:
765 2058 893 2102 «Hoc
917 2057 1144 2101 declaravii
1173 2057 1265 2100 Pius
1289 2056 1322 2100 X
1349 2059 1435 2100 t'ore
1473 2057 1709 2112 valiturum,

82 2135 163 2173 tan]
200 2144 270 2186 pro
304 2130 574 2187 indulgentiis
608 2130 815 2187 plenariis,
850 2141 974 2187 quam
1011 2142 1082 2184 pro
1118 2127 1372 2184 partialibus,
1391 2127 1522 2171 <semel
1559 2130 1596 2171 in
1630 2129 1714 2179 die,

81 2206 151 2243 aut
175 2204 292 2244 toties
316 2204 478 2258 quoties
501 2201 780 2258 acquirendis,
804 2202 1028 2253 concessis,
1049 2199 1110 2242 vei
1135 2199 1428 2252 concedendis,
1448 2211 1713 2256 quacumque

80 2271 247 2314 demum
282 2271 358 2315 sub
393 2272 632 2328 loquutione
666 2276 829 2327 tempus
860 2273 949 2313 sive
982 2270 1069 2312 dies
1098 2269 1339 2325 designetur
1360 2285 1397 2310 2).
1435 2269 1609 2312 Proinde
1634 2272 1708 2313 nisi

83 2341 179 2385 huic
213 2344 358 2385 canoni
393 2342 587 2398 explicite
619 2342 846 2397 derogetur
880 2343 918 2383 in
954 2341 1089 2383 t‘utura
1124 2342 1404 2383 concessione.

203 2413 298 2455 259.
348 2414 422 2458 De
469 2415 748 2458 cessatione
796 2425 1142 2458 concessarum
1192 2411 1621 2467 indulgentiarum.
1657 2437 1711 2441 —-

77 2482 222 2537 Quoad
249 2483 353 2526 hanc
377 2485 655 2526 concessionis
677 2484 951 2526 cessationem
973 2481 1235 2524 solummodo
1260 2481 1490 2537 quidquam
1517 2485 1711 2536 respectu

82 2553 433 2609 indulgentiarum
470 2553 642 2596 realium
681 2551 977 2608 praescribitur
1002 2554 1039 2593 in
1066 2564 1157 2593 ean.
1181 2553 1286 2593 924.
1311 2550 1340 2608 ξ
1364 2551 1399 2593 1.
1437 2549 1499 2593 Ad
1522 2564 1710 2593 normam

82 2637 171 2667 erm.
193 2625 267 2678 75,
286 2623 466 2666 scilieet:
491 2636 538 2666 eo
563 2623 672 2679 quod
694 2625 800 2666 sicut
824 2621 1041 2678 privilegia
1063 2621 1189 2664 realia
1207 2626 1246 2663 et
1266 2620 1410 2663 localia
1428 2623 1550 2664 etiam
1576 2620 1713 2664 liuius-

82 2694 189 2736 modi
218 2694 499 2750 indulgentiae
526 2696 613 2737 iure
637 2698 859 2737 censentur
883 2692 972 2735 loco
998 2694 1139 2748 reique
1163 2691 1414 2734 adhaerere:
1439 2691 1707 2748 quemadmo-

198 2847 209 2868 1
240 2846 281 2880 19
316 2846 413 2880 Maii
444 2846 546 2888 1759,
577 2846 667 2879 Dec.
698 2845 810 2879 auth.
840 2857 877 2878 n.
904 2845 986 2877 ⁴214.
1018 2863 1059 2868 —-
1087 2843 1100 2865 2
1126 2843 1171 2876 26
1198 2843 1279 2878 Ian.
1308 2843 1411 2886 1911,
1441 2841 1517 2876 CO.
1545 2841 1618 2882 III,
1647 2842 1707 2876 64.
