1971 3261
124 122 218 158 Gan.
249 121 339 157 1087
647 121 733 154 ΤΙΤ.
763 121 846 156 VII.
866 142 879 146 -
898 121 955 156 De
982 122 1242 155 illatrimonz'o
1694 122 1762 154 611

125 242 435 285 matrimonium
485 242 630 283 initum
683 245 792 283 metu
842 242 962 295 gravi
1013 239 1189 283 naturali
1240 253 1289 283 ex
1340 252 1464 283 causa
1515 242 1764 295 necessaria⁷

122 325 195 356 seu
231 316 344 355 metu
378 310 430 354 ab
465 312 703 359 intrinsece,
729 315 772 353 ut
805 311 872 354 alii
910 312 1149 368 loquuntur,
1184 324 1248 353 ex.
1275 324 1337 367 gr.
1371 312 1403 353 si
1437 309 1567 354 Titius
1601 314 1767 368 nuptias

123 382 344 436 contrahit,
378 383 473 439 quia
525 380 712 424 medicus
745 383 780 424 ei
816 381 933 436 dixit,
969 383 1221 424 matrimonii
1259 394 1376 424 usum
1427 394 1515 424 esse
1564 383 1599 425 ei
1633 394 1763 439 quan·

123 456 256 498 tocius
290 454 571 496 necessarium
596 451 646 495 ad
671 455 889 495 sanitatem
916 452 1264 495 conservandam.
1301 451 1410 495 Talis
1434 454 1542 495 enim
1568 458 1767 509 operatur

125 522 438 578 rationabiliter,
466 535 599 579 neque
635 522 715 565 ulla
752 524 901 565 iniuria
927 536 976 566 ex
1003 522 1070 565 tali
1098 527 1207 566 metu
1244 524 1279 566 ei
1317 523 1373 564 lit.
1406 523 1602 579 Sequitur
1635 536 1765 580 ergo:

125 594 413 639 tantummodo
447 593 498 637 ab
531 593 698 637 homine
733 595 955 650 provenire
991 607 1108 649 posse
1143 598 1313 645 metum,
1348 595 1416 650 qui
1453 596 1762 637 matrimonium

125 666 308 719 dirimat,
333 678 427 708 cuin
453 677 584 707 canon
612 669 887 721 prosequatur
908 682 914 707 :
951 663 999 706 ab
1023 664 1260 706 (zrlrinseeo
1284 668 1322 706 el
1349 663 1504 706 iniuste
1538 664 1765 710 ineas-mni.

127 736 239 780 Haec
273 737 471 779 iniustitia
496 749 596 792 ergo
620 735 909 779 consideratur
944 737 980 778 in
1007 749 1054 778 eo
1078 737 1146 792 qui
1174 739 1329 778 metum
1366 737 1524 790 incutit,
1549 738 1638 778 sive
1667 738 1763 792 qiiia

127 810 189 851 ius
222 809 257 851 ei
293 820 373 850 non
409 807 662 863 suffragatur
696 806 745 849 ad
774 806 926 849 malum
964 806 1237 862 inlligendum
1262 806 1372 863 quod
1400 808 1593 850 minatur.
1617 806 1763 850 saltem

126 892 174 922 eo
207 878 318 936 quod
352 877 519 921 excedit
553 882 797 934 potestatem
831 879 932 931 eius,
956 880 1046 920 sive
1084 879 1180 934 quia
1206 876 1374 920 modum
1411 877 1623 933 infligendi
1648 878 1765 921 (lam-

127 962 223 992 num
258 962 338 992 non
373 953 527 1001 servat,
564 962 600 992 v.
635 962 698 1005 gr.
733 950 770 990 in
804 947 988 992 Statibus
1013 947 1234 991 foederatis
1268 946 1488 991 Amet-icae
1511 948 1766 1004 Septentrio-

128 1019 231 1063 nalis
266 1020 407 1073 iudex,
440 1022 509 1076 qui
546 1031 758 1063 carcerem
795 1018 956 1075 legibus
991 1020 1188 1062 inflictam
1222 1020 1427 1074 stupranti
1455 1020 1661 1075 virginem
1696 1021 1768 1062 mi-

125 1095 299 1134 naretur
342 1090 633 1147 applicandam
680 1092 828 1133 iniusta
873 1091 1077 1133 sententia
1124 1088 1186 1132 vel
1235 1089 1452 1132 fraudibus
1506 1090 1767 1146 exequenda,

125 1164 321 1220 quamvis
356 1162 458 1218 legis
493 1162 702 1218 praefatae
738 1163 891 1204 iustitia
925 1163 1181 1204 sustineatur
1219 1160 1270 1204 ab
1304 1160 1569 1204 Auctoribus.
1603 1186 1654 1191 -—
1691 1161 1767 1203 De-

126 1235 251 1290 nique
286 1236 325 1276 in
361 1236 450 1276 iure
485 1232 636 1289 praec&
671 1246 719 1275 ex
756 1245 962 1275 canonum
997 1245 1120 1275 sensu
1154 1232 1387 1288 arguebant
1421 1233 1655 1274 necessario
1691 1231 1769 1274 Do·

125 1311 262 1347 ctores
297 1309 452 1347 metum
489 1303 776 1347 incutiendum
813 1305 936 1346 luisse
970 1303 1021 1346 a‹l
1056 1303 1391 1359 extorquendum
1420 1302 1768 1346 matrimonialem

126 1388 389 1419 consensum.
426 1374 466 1418 ld
502 1377 751 1431 exprimitur
784 1376 843 1418 sic
878 1368 917 1417 in
951 1386 1137 1417 canone:
1187 1387 1212 1415 a
1261 1387 1339 1431 quo
1390 1373 1770 1430 praedeterminato

129 1450 239 1492 metu
274 1451 319 1490 ul
352 1446 445 1504 quis
478 1460 522 1489 se
554 1445 716 1497 liberet,
752 1445 816 1488 vel
852 1450 895 1488 ut
927 1449 1061 1488 cesset
1108 1457 1233 1488 causa
1282 1446 1518 1488 extrinseca
1568 1444 1619 1488 ab
1654 1446 1768 1487 incu—

126 1519 267 1563 tiendo
300 1517 384 1573 illo,
409 1520 529 1561 [mica
557 1519 623 1561 via
656 1520 706 1561 sit
741 1519 777 1560 ei
812 1516 984 1573 eli-qere,
1009 1530 1057 1559 eo
1081 1516 1189 1574 quod
1226 1521 1415 1573 cognitur,
1449 1515 1768 1559 matrimonium

127 1589 441 1634 celebrandum.

246 1671 410 1708 Rationes
437 1671 542 1706 huius
568 1670 714 1706 canonis
741 1676 824 1706 sunt
849 1675 1035 1717 sequentes
1060 1670 1153 1716 apud
1182 1670 1219 1705 D.
1246 1670 1416 1706 Tliomam
1445 1671 1481 1704 1:

246 1730 372 1766 Primo.
405 1730 593 1766 Decretalis
621 1730 730 1766 Alexi.
760 1729 814 1772 lll,
842 1730 900 1776 qui
931 1729 1072 1776 Papien.
1104 1729 1271 1776 Episcopo
1297 1728 1382 1765 dicit
1408 1730 1448 1763 2:
1491 1729 1614 1766 «Cum
1656 1730 1769 1766 locum

126 1802 199 1826 non
225 1791 352 1827 habeat
377 1801 584 1831 consensuS‚
613 1790 672 1825 ubi
703 1794 828 1832 metus,
855 1789 907 1825 vel
935 1789 1065 1825 coactio
1088 1789 1284 1830 intercedit,
1315 1799 1455 1824 necesse
1482 1793 1546 1831 est,
1567 1794 1603 1824 ut
1630 1789 1690 1824 ubi
1716 1801 1770 1825 as-

125 1861 250 1885 sensus
276 1849 462 1885 cuiusdam
488 1849 693 1896 requiritur,
722 1849 913 1884 coactionis
953 1848 1099 1884 materia
1138 1847 1379 1895 repellatur».
1409 1847 1475 1884 Sed
1504 1847 1769 1884 matrimonium

126 1909 203 1945 sine
221 1919 395 1944 consensu
423 1908 665 1944 contrahentis
694 1919 763 1943 uon
790 1908 904 1943 (latur.
932 1907 1020 1953 Ergo
1040 1907 1182 1953 quando
1208 1907 1386 1953 praefatus
1406 1911 1520 1943 metus
1546 1907 1770 1943 contrahenti

126 1968 277 2004 infertur
303 1967 417 2003 irritat
443 1967 518 2014 ipso
545 1967 634 2003 facto
662 1967 929 2003 matrimonium
956 1966 1037 2001 inde
1063 1970 1265 2012 sequutum.

247 2026 450 2063 Praeterea:
489 2027 754 2063 Matrimonium
788 2025 964 2071 significat
1001 2024 1288 2061 coniunctionem
1316 2023 1445 2061 Christi
1485 2025 1528 2061 ad
1569 2024 1771 2068 Ecclesiam,

127 2085 222 2122 iuxta
263 2085 302 2121 D.
333 2085 480 2122 Paulum
507 2086 543 2120 3:
590 2084 895 2121 «Sacramentum
935 2085 999 2120 hoc
1037 2095 1206 2129 magnum
1246 2088 1320 2119 est:
1365 2094 1427 2129 ego
1464 2088 1580 2120 autem
1620 2083 1697 2120 dico
1732 2083 1769 2118 in

126 2144 266 2182 Christo
291 2150 329 2182 eb
351 2145 388 2180 in
416 2145 620 2186 Ecclesia»,
646 2155 738 2191 quae
764 2143 966 2180 coniunctio
994 2143 1032 2178 fit
1058 2143 1252 2179 secundum
1293 2143 1489 2179 libertatem
1522 2142 1664 2179 amoris.
1702 2141 1770 2178 Sed

127 2205 210 2241 huic
236 2204 387 2241 libertati
414 2209 589 2251 repugnat
607 2215 712 2250 quam
734 2203 886 2239 maxime
914 2207 1028 2238 metus
1055 2202 1266 2249 praedictus.
1295 2201 1382 2247 Ergo
1401 2200 1669 2238 Sacramentum
1697 2213 1773 2238 ma-

127 2264 283 2301 trimonii
313 2264 396 2300 inde
422 2264 520 2311 sequi
548 2275 618 2300 non
647 2268 771 2310 potest.

247 2323 386 2360 Tertio:
430 2322 619 2359 Vinculum
659 2322 875 2359 matrimonii
903 2327 955 2358 est
981 2326 1202 2368 perpetuum.
1244 2320 1344 2357 Unde
1386 2320 1471 2356 illud
1515 2321 1606 2367 quod
1649 2330 1771 2367 perpe-

128 2382 241 2418 tuitati
269 2387 455 2429 repugnat,
485 2383 527 2418 de
552 2393 588 2418 se
615 2382 882 2418 matrimonium
909 2381 1013 2416 tollit.
1043 2380 1154 2417 Metus
1179 2384 1310 2423 autem,
1337 2380 1394 2426 qui
1423 2379 1516 2416 cadit
1542 2380 1578 2414 in
1604 2384 1771 2415 constan-
1806 2428 1809 2431 r

125 2445 196 2477 tem
223 2441 350 2483 virum,
380 2441 425 2477 ab
452 2441 595 2477 homine
621 2441 751 2477 iniuste
777 2441 984 2476 incussus...
1014 2439 1281 2486 perpetuitatem
1322 2443 1522 2474 contractus
1558 2438 1658 2480 tollit,
1689 2438 1773 2485 quia

129 2504 239 2546 potest
265 2500 333 2546 peti
361 2500 536 2536 restitutio
563 2500 600 2535 in
626 2500 814 2545 integrum,
843 2499 938 2535 iuxta
965 2498 1078 2534 illud:
1111 2512 1126 2530 «
1146 2509 1235 2544 quae
1262 2502 1371 2540 metu,
1391 2502 1424 2534 et
1443 2497 1474 2533 vi
1496 2497 1598 2539 fiunt,
1627 2497 1670 2534 de
1697 2497 1773 2532 iure

126 2558 255 2594 debent
283 2559 319 2594 in
347 2559 485 2595 irritum
512 2560 665 2595 revocari
694 2559 807 2603 (Alex.
837 2557 878 2593 lll
906 2558 941 2593 in
969 2569 999 2593 c.
1026 2557 1062 2601 2)
1088 2562 1122 2593 et
1148 2568 1266 2593 carere
1291 2556 1420 2593 debent
1447 2556 1568 2592 robore
1596 2556 1773 2592 firmitatis

128 2617 222 2662 (lun.
248 2617 290 2654 lll
316 2618 353 2653 in
380 2629 409 2654 c.
436 2617 469 2654 4.
499 2619 568 2655 Tit.
598 2619 646 2655 De
672 2619 726 2654 bis
753 2629 843 2665 quae
868 2618 944 2655 vi...
973 2617 997 2659 l,
1028 2615 1088 2662 40)
1108 2631 1137 2652 ».
1165 2616 1206 2653 Et
1233 2616 1309 2653 ideo
1349 2616 1433 2652 haec
1473 2615 1603 2651 coactio
1642 2618 1771 2655 metus,

126 2687 217 2723 quae
241 2677 336 2713 cadit
361 2677 398 2712 in
426 2683 648 2714 constantem
676 2678 804 2719 virum,
832 2677 923 2713 tollit
949 2675 1231 2717 matrimonium,
1261 2681 1294 2712 et
1320 2686 1389 2712 non
1417 2675 1500 2711 alia.
1529 2672 1683 2718 Quidam
1710 2684 1770 2708 au-

127 2741 197 2772 tem
222 2736 389 2773 dixerunt
414 2737 507 2783 quod
533 2737 562 2772 si
589 2737 681 2773 adsit
707 2747 911 2776 consensus,
943 2735 1106 2782 quamvis
1143 2740 1296 2777 coactus,
1328 2734 1475 2770 interius
1514 2738 1565 2770 est
1592 2732 1772 2768 matrimo-

248 2832 259 2854 1
290 2831 426 2878 Suppl.
456 2843 492 2878 q.
520 2832 683 2873 XLVII,
712 2836 786 2867 art.
815 2831 849 2866 3.
876 2852 920 2857 —
958 2831 972 2853 2
998 2830 1089 2875 Cap.
1118 2844 1136 2863 «
1157 2830 1256 2865 Cum
1284 2830 1414 2864 locum
1437 2845 1450 2858 ν
1483 2830 1526 2862 14
1554 2829 1611 2862 De
1639 2838 1769 2872 spons.

129 2883 170 2913 et
196 2879 369 2914 matrim.
399 2879 430 2922 I,
457 2880 487 2914 1.
517 2900 559 2905 —-
586 2880 601 2902 ³
626 2879 687 2914 Ad
713 2878 857 2924 Ephes.
887 2878 933 2922 V,
962 2878 1020 2912 32.
