1971 3261
168 184 234 217 102
557 182 642 215 Liss.
670 181 740 216 III.
767 201 778 206 -
807 181 918 215 PARS
942 181 972 214 Ι.
1002 200 1015 205 -
1041 180 1098 215 De
1123 180 1388 215 Sacramentz's

167 301 452 357 ‹lisciplinares
494 299 752 343 conditiones
795 300 833 341 in
878 311 995 342 sacro
1036 298 1190 341 litando
1223 297 1473 346 servandas;
1508 297 1575 340 alii
1611 298 1791 355 denique

167 371 439 427 obligationes
470 369 707 414 celebrandi
741 368 1061 426 applicandique
1095 368 1284 411 divinum
1324 368 1575 411 sacrificium
1609 372 1792 410 statuunt

167 455 214 485 ac
248 454 412 484 normas
435 440 663 484 servandas
700 439 834 496 quoad
863 441 1081 482 missarum
1105 441 1270 494 stipem.
1295 437 1411 482 Circa
1438 437 1584 481 horum
1608 438 1793 494 singulas

168 512 320 555 classes
354 511 570 567 invigilant
605 510 671 554 SS.
706 508 779 553 CC.
815 509 996 561 [timum.
1031 509 1081 552 de
1114 510 1478 552 sacramentorum
1514 508 1730 565 disciplina
1755 512 1794 552 et

169 581 354 626 Concilii.
388 579 549 625 Omittit
585 594 683 636 ergo
716 592 929 623 sacrorum
964 591 1169 622 canonum
1193 578 1330 623 Codex
1368 578 1615 636 quamplura
1643 584 1794 622 statuta

171 653 387 708 liturgicae
421 651 664 707 disciplinae
698 649 982 707 relinquenda,
1021 654 1159 692 cetera
1193 648 1258 692 hic
1284 651 1396 692 iuxta
1421 648 1584 692 Codicis
1606 649 1794 693 ordinem

171 735 379 778 exponere
412 722 676 764 intendimus.
701 720 841 763 -lus
875 719 1127 776 praecedens
1159 719 1211 762 (le
1243 719 1357 762 Sacri
1392 719 1535 762 litandi
1579 719 1794 775 disciplina

173 795 391 849 praecipue
413 793 486 834 tuit
509 793 738 834 eruendum
764 804 812 833 ex
838 789 914 834 Tit.
938 790 989 833 dc
1013 789 1293 833 celebratione
1317 791 1537 832 missarum
1563 791 1602 832 in
1626 789 1712 832 Lib.
1731 789 1797 842 tlt,

171 862 467 907 Collectionum
512 861 705 918 Corporis
743 862 857 914 iuris,
891 873 941 903 ex
976 859 1091 904 Dec⁰.
1131 858 1255 904 Conc.
1289 859 1399 903 Trid.
1435 859 1493 903 De
1526 859 1799 904 observandis

172 937 211 976 et
246 933 438 986 vitandis,
462 937 538 976 etc.
563 937 602 975 et
634 945 682 974 ex
718 930 829 975 Dec⁵.
866 929 1180 975 recentioribus.
1216 930 1449 973 Praet'atum
1485 932 1547 973 ius
1571 931 1707 987 quoad
1732 944 1796 974 ce-

173 1003 358 1047 lebrandi
393 1002 687 1059 obligationem
721 1007 760 1045 et
794 1003 1012 1044 missarum
1046 1003 1192 1056 stipem
1229 1002 1408 1043 inveniri
1442 999 1585 1044 debuit
1608 1003 1645 1043 in
1682 1014 1797 1057 prae-

172 1075 281 1117 dicto
315 1073 389 1116 Tit.
426 1073 626 1127 Decretm„
663 1075 701 1115 in
739 1071 852 1115 Dec⁰.
892 1070 986 1115 «Ut
1017 1070 1154 1114 debita
1179 1086 1199 1112 ›>
1238 1071 1276 1115 S.
1303 1069 1450 1115 C.C.1
1485 1084 1578 1114 cum
1618 1071 1798 1129 subseq⁸.

175 1145 405 1199 Declarat.⁸.,
440 1148 479 1187 et
511 1146 549 1186 in
582 1142 624 1187 C.
664 1142 886 1198 «Nuper»
927 1142 1012 1185 lnu.
1049 1141 1117 1185 Xll
1144 1143 1172 1187 ².
1207 1141 1279 1185 ³...
1321 1157 1341 1182 c<
1366 1141 1561 1185 Decernit
1592 1142 1631 1185 S.
1670 1143 1798 1200 Syno-

174 1216 263 1270 dus,
299 1220 341 1258 ut
374 1215 570 1257 ordinarii
607 1214 790 1258 locorum
826 1213 1016 1270 Episcopi
1051 1226 1096 1256 ea
1130 1215 1267 1256 omnia
1312 1211 1589 1269 prohibei-Q...
1622 1217 1746 1270 atque
1779 1227 1800 1257 e

176 1286 312 1329 medio
347 1285 489 1328 tollere
522 1284 665 1328 sedulo
699 1289 858 1339 curent,
891 1297 939 1328 ac
972 1288 1203 1339 teneantur,
1228 1296 1335 1340 quae
1372 1283 1433 1326 vel
1475 1283 1675 1330 avcmtia,
1716 1284 1800 1328 ido-

177 1356 307 1399 lorum
342 1358 536 1409 servitus‚
573 1355 634 1398 vel
670 1355 1007 1411 irreverentia,...
1046 1354 1107 1397 vel
1143 1353 1432 1411 superstitio...
1458 1354 1683 1398 induxit».

298 1425 477 1482 «Atque
512 1430 554 1468 nt
593 1425 719 1468 multa
746 1427 886 1481 paucis
909 1423 1334 1480 comprehendantur,
1369 1425 1410 1466 in
1447 1425 1635 1478 primis...
1670 1423 1801 1468 illibe-

178 1497 282 1540 rales
315 1496 673 1553 eleemosynarum
709 1498 946 1539 exactiones
981 1498 1127 1552 potius,
1152 1507 1276 1552 quam
1304 1494 1610 1551 postulationes,
1640 1495 1804 1553 aliaque

179 1567 428 1621 huiusmodi,
462 1580 568 1625 quae
601 1579 623 1611 a
656 1569 882 1610 simoniaca
916 1566 1021 1621 labe,
1060 1565 1121 1609 vel
1157 1570 1269 1609 certe
1304 1578 1326 1608 a
1361 1567 1470 1622 turpi
1506 1571 1677 1622 quaestu
1724 1580 1803 1609 non

179 1639 299 1695 longe
331 1638 493 1692 absunt,
528 1641 695 1681 omnino
730 1637 974 1694 prohibeant
997 1653 1036 1681 ›>.
1071 1636 1161 1680 Huc
1197 1638 1403 1692 pertinent
1442 1636 1616 1680 dicenda
1651 1640 1689 1679 in
1725 1638 1804 1680 tine

178 1709 313 1765 quoad
348 1711 494 1765 stipem
531 1711 764 1752 missarum.

301 1795 318 1820 ((
347 1779 516 1834 Deinde,
542 1783 583 1821 ut
608 1780 881 1821 irreverentia
917 1779 1083 1828 vitetur,
1121 1777 1270 1834 singuli
1298 1779 1336 1820 in
1360 1779 1444 1820 suis
1467 1777 1727 1821 dioecesibus
1751 1779 1806 1820 in-

178 1850 394 1903 terdicant,
420 1863 471 1893 ne
494 1852 559 1893 cui
589 1862 706 1905 vago,
731 1854 769 1892 et
793 1851 932 1905 ignoto
970 1848 1177 1892 sacerdoti
1218 1851 1363 1891 missas
1382 1847 1595 1891 celebrare
1621 1848 1742 1891 liceat
1764 1863 1804 1892 ›>.

181 1921 226 1963 Et
258 1921 310 1964 ab
344 1921 420 1964 lioc
453 1920 603 1963 deinde
638 1922 896 1976 incipiemus.
936 1918 1196 1962 «Neminem
1223 1923 1451 1975 praeterea,
1485 1921 1554 1976 qui
1582 1918 1745 1975 publice
1768 1923 1807 1962 et

178 1994 333 2035 notorie
378 1993 626 2034 criminosus
658 1993 722 2044 sit,
757 1995 826 2033 aut
869 1995 1011 2033 sancto
1044 1989 1162 2033 altari
1200 1992 1449 2044 ministrare,
1485 1994 1555 2032 aut
1587 1992 1716 2032 sacris
1751 1991 1806 2032 in-

180 2068 332 2105 teresse
378 2064 613 2118 permittant
658 2061 755 2117 (hoc
790 2074 890 2104 vero
925 2063 978 2104 ita
1012 2061 1169 2104 dictum
1214 2060 1427 2114 sufficiat):
1463 2073 1567 2103 neve
1602 2063 1809 2116 patiantur

183 2135 354 2189 privatis
389 2135 425 2175 in
461 2132 665 2188 domibus,
699 2137 822 2189 atque
855 2133 1023 2174 omnino
1057 2136 1175 2174 extra
1209 2130 1444 2184 ecclesiam‚-
1477 2135 1516 2174 et
1547 2130 1597 2174 ad
1618 2130 1806 2173 divinum

183 2209 338 2247 tantum
374 2204 529 2247 cultum
566 2204 754 2246 dedicata
789 2205 983 2253 oratoria,
1007 2201 1058 2246 ab
1082 2202 1238 2245 eisdem
1272 2199 1506 2246 Ordinariis
1539 2201 1806 2257 designanda,

182 2279 221 2317 et
257 2275 473 2327 visitanda,
507 2279 694 2317 sanctum
732 2274 807 2317 boc
840 2274 1094 2317 sacriticium
1130 2286 1150 2316 a
1184 2272 1481 2319 saecularibus,
1516 2277 1585 2315 aut
1627 2284 1648 2315 a
1694 2285 1810 2328 regu-

184 2345 337 2388 laribus
370 2345 704 2402 quibuscumque
729 2346 897 2401 peragi:
933 2357 980 2387 ac
1019 2346 1094 2386 nisi
1132 2345 1257 2399 prius,
1296 2346 1364 2400 qui
1390 2345 1589 2398 intersint,
1615 2343 1810 2386 decenter

181 2419 408 2472 composito
442 2418 626 2471 corporis
666 2415 822 2470 habitu,
863 2414 1172 2458 declaraverint
1195 2428 1238 2457 se
1264 2419 1400 2457 mente
1424 2416 1562 2469 etiam,
1586 2426 1633 2456 ac
1658 2413 1809 2456 devoto

181 2488 318 2530 cordis
352 2488 514 2541 affectu,
552 2500 629 2529 non
665 2487 795 2529 solum
832 2499 1019 2543 corpore,
1052 2486 1260 2529 adesse».
1294 2484 1342 2528 Et
1380 2484 1482 2528 haec
1514 2487 1650 2527 omnia
1685 2484 1811 2541 expli-

181 2556 382 2606 cabimus.

305 2644 322 2669 «
352 2629 575 2681 Postremo,
610 2643 658 2671 nc
693 2630 974 2685 superstitioni
1009 2627 1123 2671 locus
1155 2627 1304 2684 aliquis
1327 2626 1458 2681 detur,
1495 2625 1643 2678 edicto,
1670 2627 1811 2681 poenis

183 2702 413 2755 propositis,
458 2704 645 2741 caveant.
683 2713 732 2742 ne
765 2699 1002 2742 sacerdotes
1040 2698 1143 2751 aliis,
1186 2710 1309 2754 quam
1354 2696 1503 2739 debitis
1548 2695 1671 2742 horis,
1705 2694 1811 2738 cele-

184 2769 327 2819 brent;
364 2782 468 2812 neve
502 2771 603 2811 ritus
628 2769 740 2814 alios,
766 2773 836 2812 aut
858 2769 959 2812 alias
982 2770 1269 2812 caeremonias
1292 2772 1330 2810 et
1356 2779 1500 2822 preces
1526 2768 1563 2808 in
1591 2768 1808 2808 missarum

300 2875 312 2896 4
335 2876 372 2908 11
394 2875 487 2908 Maii
512 2876 611 2908 1901.
644 2895 684 2899 ——
715 2876 727 2897 2
747 2875 791 2908 23
810 2875 908 2909 Nov.
932 2874 1034 2908 1697.
1070 2894 1112 2899 —
1146 2874 1160 2895 3
1179 2873 1270 2907 Dec.
1305 2873 1421 2907 Cone.
1456 2871 1560 2905 Trid.
1583 2882 1676 2904 sess.
1698 2870 1812 2904 XXII

184 2922 239 2955 De
268 2922 521 2956 observandis
542 2927 582 2955 et
603 2922 816 2956 vitandis...
