1971 3261
172 154 266 191 Can.
293 153 451 188 saa-900
710 154 794 188 ΤιΤ.
824 155 889 188 IV.
914 176 923 180 -
945 156 1000 191 De
1031 158 1269 192 l’oenitentia
1734 159 1802 193 ‘267

292 274 387 317 227.
424 276 662 320 Monitum
696 289 788 332 pro
824 277 955 322 Urbe
989 279 1135 323 valde
1167 280 1449 323 notandum.
1483 303 1538 309 —-
1561 280 1629 322 SS.
1658 278 1701 321 1).
1722 279 1799 321 No-

173 351 256 389 ster
289 344 519 388 concedere
553 345 746 400 (lignatus
779 350 839 388 est
872 346 1064 389 ‹Jmnitms
1088 349 1348 391 cont'essariis
1373 350 1410 390 in
1436 348 1544 392 Urbe
1568 349 1805 406 approbatis

173 415 408 460 facultatem
445 414 688 473 absolvendi
724 418 760 458 in
797 417 940 460 callem
978 417 1086 461 Urbe
1120 421 1291 475 eiusque
1325 419 1513 462 districtu
1559 432 1579 462 a
1619 423 1806 463 censuris

173 498 279 544 quae
315 488 352 528 in
387 486 539 529 Codice
573 488 674 528 iuris
706 486 901 529 Canonici
951 485 1187 531 (baioariis
1238 495 1518 534 reservantur.
1557 488 1804 534 Confessarii

175 559 390 613 iniungant
425 556 729 613 poenitentibus
762 557 1036 613 obligationes
1069 559 1119 601 (le
1160 561 1246 601 iure
1272 560 1546 615 iniungenilas
1571 563 1607 603 in
1633 561 1806 617 singulis

172 626 337 671 casibus
372 629 484 670 iuxta
520 627 684 683 regulas
718 640 737 670 a
775 627 957 684 probatis
990 628 1230 672 auctoribus
1264 630 1434 673 traditas
1467 636 1503 673 ct
1529 633 1559 673 si
1585 636 1732 687 agatur
1755 632 1805 675 (le

173 698 478 755 irregularitate
513 703 653 741 exorta
679 712 729 741 ex
756 702 1047 755 procuratione
1079 699 1262 751 abortus,
1299 710 1514 745 recurrant
1549 716 1621 758 pro
1645 702 1804 758 dispen-

172 772 329 812 satione
363 768 413 812 atl
448 769 616 813 Sacram
655 769 1032 813 Poenitentiariam.

294 840 464 896 insuper
496 852 616 883 casus
649 839 864 897 hucusque
899 840 1000 884 Emo
1034 839 1241 884 Cardinali
1288 840 1447 884 Nicario
1475 846 1688 893 reservati,
1723 856 1805 886 am-

173 911 280 968 plius
315 925 393 954 non
427 911 643 955 subiacent
675 913 949 955 reservationi
977 911 1003 954 ¹.

656 1008 682 1057 †
717 1005 852 1049 loseru
891 1006 1049 1052 [limet.
1088 1006 1211 1049 Arcb.
1251 1006 1421 1063 Philipp.
1473 1006 1745 1064 likesyerens.

294 1125 390 1168 9⁶28.
427 1127 653 1171 Cessatio
687 1127 734 1170 in
769 1127 969 1171 casibus
1004 1127 1170 1182 quoad
1205 1128 1595 1171 reservationem
1628 1129 1692 1171 ab
1727 1128 1810 1172 Or-

172 1198 378 1242 dinariis
412 1200 662 1242 statutam.
697 1221 751 1226 ——
784 1196 898 1239 Sicut
934 1201 1085 1252 praec³.
1118 1195 1181 1253 ξω
1216 1196 1238 1237 3
1274 1195 1519 1251 desumptus
1551 1201 1685 1239 estex
1721 1197 1808 1239 cit¹.

175 1266 285 1310 Dec¹.
320 1265 365 1309 n⁰
399 1267 421 1309 7
459 1266 604 1309 litteris
637 1267 677 1323 c)
711 1279 757 1310 ac
782 1266 840 1323 (l).
867 1269 921 1310 ita
946 1269 1095 1310 ceteris
1119 1266 1304 1310 eiusdem
1332 1269 1491 1309 numeri
1519 1266 1664 1309 littcris
1690 1267 1809 1323 plane

173 1339 401 1382 conformis
434 1342 492 1381 est
528 1352 618 1382 ean.
659 1340 767 1381 900.
802 1340 868 1381 Sic
898 1339 1041 1394 incipit
1077 1343 1204 1380 num⁸.
1240 1337 1336 1380 ille:
1377 1353 1398 1378 «
1422 1338 1482 1380 Aa
1520 1339 1714 1381 evitanda
1741 1339 1808 1381 (le-

176 1423 288 1452 mum
324 1411 469 1466 gravia
495 1411 830 1452 inconvenientia
864 1421 970 1467 quae
994 1422 1043 1452 ex
1072 1408 1427 1452 reservationibus
1452 1408 1622 1452 utilibus
1644 1422 1811 1466 quoque

173 1493 223 1524 ac
257 1482 502 1524 necessariis
536 1481 573 1522 in
611 1479 891 1536 peculiaribus
915 1479 1164 1537 quibusdam
1186 1493 1324 1522 rerum
1346 1480 1553 1522 adiunctis
1572 1479 1688 1523 iacile
1713 1482 1809 1522 oriri

178 1556 356 1607 possent,
391 1551 537 1594 eadem
571 1553 611 1595 S.
646 1549 937 1607 Congregatio,
972 1553 1139 1593 nomine
1182 1556 1220 1593 et
1255 1553 1499 1594 auctoritate
1543 1551 1812 1603 Sanctissimi,

174 1624 389 1679 sequentia
416 1621 603 1665 decernit
626 1637 646 1662 ))
672 1638 679 1664 ;
709 1620 892 1674 Quaevis
931 1637 950 1663 «
974 1619 1297 1666 Ordinariorum
1324 1637 1341 1661 ³)
1382 1621 1583 1675 locorum,
1604 1626 1646 1664 ut
1670 1623 1707 1663 in
1735 1621 1810 1664 De-

175 1698 290 1737 creto
323 1695 446 1736 etiam
482 1706 531 1736 ex
566 1695 736 1736 canonis
779 1697 991 1746 contextu,
1034 1692 1266 1735 reservatio
1300 1692 1486 1736 scilicet:
1521 1694 1610 1735 sive
1657 1694 1812 1735 ratione

180 1766 351 1820 peccati,
383 1765 473 1807 sive
507 1766 665 1807 ratione
688 1777 890 1807 censurae
923 1769 1088 1818 statuta,
1124 1768 1209 1807 tum
1232 1766 1328 1820 quia
1355 1766 1392 1805 in
1419 1762 1592 1805 Decreto
1617 1763 1667 1806 ‹le
1692 1765 1811 1805 utris·

176 1849 258 1893 que
291 1837 441 1892 agitur,
475 1848 522 1879 ac
557 1837 595 1878 in
622 1835 698 1879 boc
731 1848 890 1880 canone
934 1835 1183 1893 relinquitur
1209 1834 1382 1878 verbum
1423 1850 1442 1875 ((
1467 1836 1641 1892 quaevis
1665 1850 1684 1875 »
1713 1833 1814 1877 alias

178 1907 337 1962 inutile,
372 1909 467 1964 quia
501 1908 552 1950 (le
588 1907 942 1951 reservationibus
985 1908 1139 1964 Capitis
1184 1906 1304 1949 buius
1338 1911 1397 1949 cst
1431 1906 1650 1949 evidenter
1682 1917 1811 1948 canon

180 1978 485 2035 intelligendus,
520 1981 590 2036 qui
629 1978 706 2022 sub
740 1992 787 2022 eo
812 1981 978 2035 ponitur
1001 1978 1185 2031 ultimus,
1210 1977 1324 2020 omni
1358 1976 1398 2019 ri
1431 1982 1562 2030 carel)
1587 1990 1657 2019 scu
1688 1978 1813 2032 «ipso

180 2052 269 2093 iure
303 2054 498 2104 cessat»,
534 2053 586 2092 ita
621 2054 665 2092 ut
698 2049 892 2094 facultate
925 2049 1170 2093 absolvendi
1205 2048 1373 2105 speciali
1409 2061 1511 2104 opus
1536 2060 1614 2090 non
1639 2049 1702 2091 sit.

361 2121 402 2163 10
441 2120 541 2164 Cum
575 2120 877 2178 confessionem
917 2125 1129 2179 perayunl
1153 2120 1204 2162 (le
1239 2132 1334 2163 casu
1361 2120 1495 2161 t'orsan
1527 2123 1738 2161 reservato
1775 2120 1811 2160 in

182 2191 271 2234 loco
305 2192 345 2249 3)
379 2191 464 2234 sive
497 2191 676 2249 aeqroti,
720 2191 1020 2236 decumbentes
1066 2190 1130 2233 vel
1166 2204 1259 2244 non,
1294 2189 1365 2247 (μή
1397 2188 1517 2232 domo
1550 2188 1694 2246 effredi
1732 2202 1810 2231 non

180 2261 321 2305 calent
356 2262 422 2306 illa
457 2262 507 2305 de
541 2275 665 2306 causa
699 2276 770 2306 seu
806 2263 956 2306 medici
993 2263 1162 2314 iudicio,
1196 2261 1238 2318 b)
1273 2261 1358 2303 sice
1381 2260 1526 2318 sponsi
1548 2276 1569 2301 (‹
1592 2261 1814 2303 confessio-

183 2346 275 2376 nem
311 2332 422 2376 illam
458 2338 746 2390 peragentes»
783 2333 1049 2376 711(1!7·imom'i
1080 2346 1174 2376 cum
1212 2331 1281 2374 Dei
1307 2334 1437 2388 gratia
1464 2330 1639 2373 ineundi
1663 2344 1816 2374 causa:

360 2403 404 2446 ⁶2⁰
442 2403 615 2457 Quoties
647 2417 718 2448 seu
755 2406 792 2447 in
827 2404 1002 2460 singulis
1035 2403 1212 2457 casibus,
1247 2402 1413 2460 quando
1450 2401 1490 2458 3)
1518 2400 1580 2444 cel
1602 2401 1816 2458 leyilinms

183 2474 393 2532 Superior
425 2477 693 2533 quicumque,
726 2478 848 2519 etiam
888 2474 1074 2518 Vicerius
1108 2475 1312 2527 foraneus,
1347 2473 1397 2516 ad
1435 2472 1545 2516 illam
1578 2472 1816 2515 facultatem

182 2545 425 2589 absolvendi
461 2558 482 2589 a
518 2549 744 2590 reservatis
775 2546 1091 2590 concedendam
1127 2549 1368 2601 competens
1401 2545 1596 2601 quamvis
1620 2556 1667 2586 ex
1694 2545 1815 2598 parti-

183 2618 405 2673 cipatione,
434 2617 613 2674 petitam
646 2618 697 2661 (le
731 2618 838 2661 facto
870 2630 948 2674 pro
982 2615 1125 2673 aliquo
1159 2614 1440 2658 determinato
1473 2628 1587 2664 casu,
1622 2626 1699 2656 non
1735 2626 1816 2655 am-

184 2687 357 2743 pliorem
392 2699 439 2731 ac
473 2701 740 2746 quocumque
775 2688 911 2740 modo,
951 2686 1193 2729 absolvendi
1215 2685 1465 2744 facultatem
1490 2687 1665 2742 positive
1692 2697 1728 2726 v.
1755 2697 1814 2739 gr.

186 2757 339 2809 verbis,
384 2759 514 2807 factis,
564 2761 786 2802 omissione
836 2758 1062 2801 deliberata
1112 2756 1396 2814 (leneqarerit,
1436 2756 1477 2811 b)
1510 2754 1585 2809 cel,
1616 2753 1817 2812 prudenti

302 2912 312 2933 ¹
340 2911 400 2946 Ex
426 2912 630 2946 Vieariatu
656 2912 678 2945 4
704 2911 839 2946 Martii
870 2912 973 2946 1920.
