1971 3261
201 161 245 194 50
606 156 686 189 Lm.
713 155 783 187 III.
813 174 824 178 —
846 154 955 187 PARS
980 153 1011 186 I.
1040 172 1055 179 -
1080 153 1137 188 De
1162 153 1427 188 Sam-amentis
1633 154 1726 190 Can.
1756 155 1824 190 757

199 280 303 321 sacri
345 276 752 325 catechumenorum,
787 270 1067 314 diversimode
1090 283 1138 314 ac
1163 270 1342 314 lustralis
1359 284 1429 314 seu
1454 284 1558 329 aqua
1582 273 1827 330 simpliciter

202 348 415 392 benedicta
453 348 488 388 in
526 344 709 387 tidelium
737 355 869 385 usum.
897 367 944 371 —
977 341 1050 384 Pro
1076 341 1174 385 locis
1199 354 1296 385 vero
1321 343 1561 385 missionum
1587 346 1825 400 praecipue,

202 418 279 460 huc
315 415 574 459 referendum
609 418 667 455 est
702 411 798 454 Dec.
833 412 870 455 S.
906 411 946 455 C.
982 411 1020 455 S.
1050 408 1187 455 Officii
1213 411 1226 433 ¹
1276 426 1296 452 (ι
1320 409 1496 464 Quando
1533 425 1611 455 non
1647 412 1826 457 habetur

199 500 304 544 aqua
340 484 604 542 baptismalis.
641 482 872 525 adhibenda
898 486 959 524 est
983 482 1168 539 (quando
1192 482 1280 525 fieri
1302 481 1452 539 potest)
1475 495 1580 539 aqua
1606 483 1823 528 benedicta

202 561 310 600 iuxta
347 555 564 599 formulam
601 557 638 596 in
674 554 793 595 novis
826 551 1077 596 editionibus
1109 557 1146 595 et
1182 554 1221 595 in
1255 552 1497 609 Appendice
1539 553 1712 598 Ritualis
1744 554 1823 599 Ro-

203 629 323 681 mani,
357 639 476 669 secus
509 623 743 668 adhibenda
777 628 837 666 est
871 635 976 680 aqua
1011 623 1212 667 naturalis
1232 639 1272 668 ».
1306 623 1554 668 Adhibenda
1592 629 1653 668 est
1676 639 1828 683 nempe

201 698 265 741 illa
301 696 534 739 Benedictio
569 696 689 737 fontis
723 693 932 749 Baptismi‚
966 706 1073 751 quae
1096 694 1213 738 adest
1237 699 1326 751 post
1349 694 1465 738 Ritus
1488 695 1539 738 de
1556 695 1826 740 Sacramento

203 768 415 823 Baptismi3
450 771 486 809 et
523 765 589 808 illa
626 764 794 808 brevior
841 776 945 821 quae
993 763 1170 808 habetur
1213 767 1250 808 in
1286 764 1528 822 Appendice
1577 765 1654 810 Rit.
1705 766 1826 810 Rom.

199 843 352 881 tantuin
387 850 434 879 ex
470 835 636 891 speciali
670 834 788 877 Sedis
822 834 960 890 Apost.
997 835 1155 878 indulto
1180 836 1194 858 ²
1228 835 1416 879 adhiberi
1459 840 1592 892 potest
1617 836 1644 881 ³.

313 904 555 963 Opportune
587 917 753 962 quoque
786 905 1043 948 afferendum
1082 904 1174 948 Dec.
1199 903 1241 950 C.
1266 906 1305 949 S.
1330 902 1467 950 Officii
1491 906 1506 928 4
1535 921 1556 947 (c
1574 906 1635 949 An
1661 909 1699 949 in
1725 906 1828 950 loeis

201 978 266 1022 ubi
302 990 379 1020 non
414 976 530 1019 adest
562 974 737 1018 ecclesia
772 974 1020 1031 parochialis
1054 987 1188 1032 neque
1223 976 1312 1019 fons
1335 975 1594 1032 baptismalis
1617 976 1675 1034 (et
1699 990 1719 1020 a
1744 978 1823 1020 for-

200 1050 289 1091 tiori
325 1047 389 1090 hic
424 1045 614 1102 tantum),
649 1046 827 1088 conferri
862 1047 990 1101 possit
1023 1045 1228 1102 Baptisma
1263 1059 1357 1090 cum
1392 1046 1584 1090 omnibus
1615 1047 1827 1090 sollemni-

201 1118 350 1163 tatibus
383 1122 420 1160 et
455 1117 728 1159 caeremoniis
761 1115 971 1159 Ecclesiae
1004 1116 1246 1160 consuetis?
1280 1115 1325 1160 R.
1362 1116 1483 1160 Posse
1508 1119 1589 1160 imo
1612 1119 1743 1161 teneri
1769 1119 1826 1161 uti

201 1189 278 1232 illis
311 1188 584 1231 caeremoniis
617 1185 768 1243 quibus
794 1191 961 1242 possunt
987 1188 1042 1230 uti
1066 1202 1105 1230 ».
1140 1186 1273 1230 Etiam
1298 1188 1464 1244 quando
1488 1199 1536 1231 ex
1562 1188 1827 1244 praecedenti

202 1259 296 1303 Dec.
333 1272 429 1302 usus
463 1258 530 1301 liat
566 1269 698 1314 aquae
733 1256 943 1300 naturalis.

321 1327 375 1371 De
410 1330 495 1383 ipsa
532 1326 819 1370 benedictione
866 1325 998 1384 fontis
1045 1326 1332 1384 baptismalis
1360 1327 1404 1370 in
1453 1326 1630 1371 Sabbalo
1674 1328 1829 1371 Sancto

202 1400 456 1454 praesertim,
490 1399 705 1455 sequentia
743 1396 915 1440 Decreta
949 1402 1044 1440 sunt
1075 1398 1302 1442 servanda:
1340 1397 1365 1441 l.
1390 1397 1449 1441 Ex
1474 1399 1512 1442 S.
1538 1397 1616 1441 Rit.
1641 1398 1790 1455 Congr.
1811 1399 1828 1421 ⁵

204 1485 225 1509 «
253 1470 286 1511 1.
322 1469 382 1511 An
432 1467 526 1511 talis
575 1467 852 1511 benedictio...
901 1468 989 1511 tieri
1038 1467 1189 1512 debeat
1234 1481 1329 1512 cum
1377 1467 1609 1513 Clirismate
1650 1473 1688 1511 et
1721 1465 1827 1513 Oleo

202 1539 485 1595 praecedentis
518 1540 634 1591 anni;
679 1537 740 1581 vel
793 1539 927 1594 potius
975 1538 1201 1582 omittenda
1248 1541 1300 1582 sit
1333 1539 1480 1582 infusio
1512 1537 1755 1583 Chrismatis
1787 1543 1829 1582 et

200 1607 290 1654 Olei
335 1622 464 1666 usque
508 1608 605 1651 dum
652 1608 754 1651 haec
798 1610 1057 1665 accipiantur
1099 1613 1289 1653 recenter
1331 1614 1586 1653 consecrata.
1622 1609 1745 1654 ...Ad
1788 1609 1826 1651 1.

201 1680 459 1723 Affirmative
492 1679 541 1723 ad
577 1681 752 1735 primam
789 1683 972 1735 partem3
1016 1678 1221 1736 Negative
1255 1679 1304 1723 ad
1339 1679 1580 1723 secundam.
1617 1680 1655 1722 2.
1688 1680 1750 1723 An
1786 1682 1827 1722 in

203 1752 406 1807 Baptismo
438 1749 625 1793 sollemni
662 1750 876 1792 infantium
916 1749 1114 1793 utendum
1158 1752 1252 1794 sit...
1296 1762 1401 1807 aqua
1445 1755 1685 1794 consecrata
1708 1762 1827 1806 prae—

201 1822 360 1866 cedenti
394 1833 515 1875 anno,
549 1832 654 1878 quae
687 1820 737 1863 ad
775 1819 885 1864 bunc
919 1820 1042 1864 finem
1077 1825 1392 1865 conservetur...
1434 1820 1494 1864 Ad
1529 1820 1567 1863 ⁶2.
1601 1819 1827 1876 Negative·,

200 1892 270 1935 sed
305 1892 391 1935 lieri
426 1889 549 1934 debet
582 1902 689 1933 nova
728 1889 866 1933 Fontis
899 1889 1132 1934 benedictio
1154 1904 1248 1934 cum
1273 1887 1389 1935 Oleis
1410 1892 1506 1934 anni
1528 1890 1828 1946 praecedentis,

199 1976 273 2006 ceu
300 1964 513 2019 provisum
537 1963 575 2004 in
608 1962 644 2003 Ιίί
671 1965 784 2017 parte
808 1963 1033 2017 superioris
1054 1960 1215 2005 dubii...
1241 1961 1278 2004 3.
1302 1960 1449 2005 Utrum
1479 1963 1691 2017 supposito
1715 1961 1825 2018 quod

203 2034 318 2090 Aqua
369 2031 624 2088 baptismalis
674 2030 889 2075 benedicta
932 2033 1012 2074 iam
1063 2032 1187 2075 fuerit
1234 2045 1328 2075 cum
1375 2030 1586 2075 veteribus
1617 2028 1744 2086 Oleis‚
1778 2044 1828 2075 eo

201 2104 308 2160 quod
343 2102 443 2148 Olea
480 2107 668 2146 recenter
701 2105 942 2145 consecrata
984 2114 1063 2145 non
1102 2101 1377 2155 haberentur3
1413 2101 1570 2145 intundi
1603 2101 1752 2145 debeat
1786 2103 1825 2144 in

205 2174 402 2217 Piscinam
448 2173 579 2216 donec
624 2184 728 2215 nova
777 2173 1030 2228 recipiantur
1073 2169 1190 2228 Olea,
1239 2176 1279 2215 et
1315 2185 1410 2215 cum
1449 2171 1512 2214 his
1544 2171 1622 2215 alia
1659 2171 1827 2215 benedi·

203 2250 318 2287 catur
350 2245 467 2300 Aqua
502 2245 614 2285 iuxta
649 2242 942 2286 Caeremonias
975 2242 1147 2286 Ritualis
1179 2241 1385 2286 Romani?
1408 2254 1458 2285 an
1484 2255 1582 2285 vero
1607 2241 1673 2285 illa
1694 2244 1826 2298 prima

204 2327 307 2371 aqua
342 2315 580 2357 conservari
616 2318 653 2356 et
693 2314 748 2355 uti
782 2312 931 2356 debeat
971 2324 1100 2370 usque
1141 2312 1191 2356 ad
1238 2311 1568 2356 benedictionem
1602 2313 1641 2354 in
1680 2310 1827 2368 vigilia

322 2469 330 2489 ¹
359 2467 417 2500 Ex
445 2466 542 2500 Con.
573 2465 610 2500 S.
640 2465 681 2499 O.
712 2465 757 2499 de
785 2465 899 2510 Prop.
929 2464 1038 2507 Fide,
1068 2475 1106 2498 n.
1136 2464 1218 2507 517,
1246 2464 1292 2497 22
1318 2463 1406 2496 Iun.
1438 2463 1541 2497 1883.

319 2515 330 2536 2
358 2514 449 2548 Tale
476 2513 677 2547 indultum
703 2512 889 2546 obtinent
914 2512 1062 2546 Viearii
1088 2523 1131 2545 ac
1158 2510 1355 2545 Praefecti
1381 2510 1602 2554 Apostoliei
1627 2521 1695 2555 per
1711 2509 1831 2543 facul·

204 2568 306 2596 tates
334 2563 370 2595 S.
394 2561 535 2605 Cougr.
558 2561 605 2595 de
624 2560 667 2593 P.
687 2559 729 2593 F.
746 2560 926 2604 (excepta
940 2559 1067 2593 Form.
1085 2558 1238 2604 prima),
1256 2568 1415 2600 nempe:
1433 2569 1471 2591 n.
1493 2571 1511 2590 «
1529 2560 1558 2591 1.
1581 2556 1829 2591 Conoedendi

203 2610 285 2643 suis
311 2608 572 2642 missionaiiis
597 2608 827 2643 facultatem
854 2606 1098 2641 benedicendi
1124 2616 1272 2650 aquam
1297 2605 1570 2649 baptismalem
1597 2615 1642 2638 ea
1658 2603 1831 2638 breviori

203 2656 382 2693 formula,
412 2667 487 2700 qua
513 2654 776 2690 Missionariis
803 2654 994 2688 Peruanis
1020 2652 1123 2698 apud
1150 2652 1267 2686 Indos
1307 2651 1491 2685 Summus
1516 2650 1705 2685 Pontifex
1730 2650 1829 2684 Pau-

205 2704 264 2737 lus
293 2703 348 2736 ΙΙΙ
375 2705 434 2736 uti
462 2703 656 2736 concessit
673 2720 705 2737 ι».
739 2701 802 2735 Sic.
828 2706 889 2735 est:
915 2700 1122 2745 designata
1148 2700 1189 2733 in
1215 2698 1442 2744 Appendice
1468 2698 1551 2732 Rit.
1569 2698 1698 2739 Rom.⁴
1715 2702 1755 2732 et
1769 2702 1829 2732 est:

204 2752 326 2794 prima
353 2761 448 2793 quae
477 2750 517 2783 in
544 2761 588 2783 ea
614 2749 800 2784 occurrit.

319 2798 332 2818 3
359 2797 446 2829 Vid.
476 2797 595 2830 etiam
622 2796 735 2831 lustr.
767 2795 803 2831 S.
831 2795 871 2829 O.
903 2794 948 2828 de
976 2794 1019 2828 P.
1049 2794 1091 2828 F.
1125 2795 1164 2827 11
1193 2793 1300 2837 Sept.
1343 2792 1446 2832 1779,
1477 2803 1515 2826 n.
1545 2793 1627 2835 504,
1664 2791 1826 2826 Collect.

207 2864 245 2867 —
274 2846 286 2865 ⁴
313 2844 358 2876 28
386 2844 474 2877 Feb.
508 2843 611 2886 1663,
640 2856 686 2877 ex
716 2843 876 2878 collect.
903 2842 940 2875 S.
971 2841 1012 2875 C.
1043 2841 1088 2875 de
1115 2841 1157 2874 P.
1187 2840 1281 2874 Fide
1308 2851 1345 2876 n.
1381 2840 1463 2873 598.
1502 2859 1544 2864 —
1584 2840 1597 2861 5
1634 2838 1680 2873 23
1719 2838 1830 2882 Sept.

208 2890 305 2929 1837,
334 2902 370 2923 n.
400 2891 503 2926 2773.
