1971 3261
204 133 273 167 5913
598 130 682 164 Lm.
712 130 786 164 111.
815 151 828 155 -
854 130 978 165 PARS.
1002 130 1033 166 Ι.
1061 152 1070 155 -
1098 131 1155 166 De
1179 131 1445 167 Sacramentis

324 250 421 292 478.
446 251 847 306 {mpedimentum
865 250 1100 295 dirimens
1123 251 1434 305 cognationis
1451 251 1643 306 legalis.
1664 275 1717 281 ——
1739 250 1839 297 Pr0-.

205 326 294 377 pter
327 320 471 363 allatas
505 321 683 362 rationes
714 319 833 363 can¹⁵.
868 319 980 362 1059
1013 324 1054 362 et
1099 319 1193 362 111116
1226 333 1461 376 congruens
1500 325 1697 363 statutum
1732 334 1826 364 con-

205 392 335 434 ditum
370 395 430 433 est
464 392 501 432 111
536 403 626 432 caiz.
662 391 796 433 1080.
833 388 931 444 Qui,
965 391 1030 432 vir
1062 401 1110 433 ac
1145 389 1306 439 mulier,
1334 389 1430 447 lege
1471 389 1586 433 civiti
1621 403 1693 446 pro
1725 396 1828 434 tem-

204 475 303 518 pore
340 463 494 517 vigenti
529 463 567 504 in
601 459 776 516 singulis
824 459 1058 504 nationibus
1091 459 1313 516 inhabiles,
1347 473 1478 518 eaque
1510 474 1604 505 cum
1639 462 1830 518 amplitu-

203 533 298 575 dine
332 533 529 588 temporis
560 543 607 574 ac
641 532 838 574 territorii
875 536 1065 587 respectu
1109 536 1345 574 contractus
1381 531 1696 575 matrimonialis
1728 531 1831 575 cele-

209 602 367 649 brandi.
398 614 492 644 nam
528 601 716 644 additur:
753 600 809 643 ad
840 601 1012 658 nuptias
1044 601 1156 644 inter
1187 615 1246 649 se,
1275 615 1311 643 v.
1335 615 1396 658 gr.
1428 603 1533 644 inter
1565 588 1829 658 adoptantem

206 678 246 717 et
278 673 514 728 adoptatam
549 674 694 715 eiusve
728 671 845 725 filias,
882 674 988 714 inter
1020 672 1260 728 adoptatum
1305 672 1434 715 filium
1472 672 1532 715 vel
1579 672 1704 715 tiliam
1738 672 1834 715 ado-

208 749 359 801 ptatam
398 743 632 800 liberosque
668 741 875 786 naturales
907 747 978 785 aut
1011 742 1218 799 legitimos
1250 743 1497 799 adoptantis,
1530 745 1636 786 inter
1667 743 1834 799 adopta·

207 820 293 858 tum
327 819 366 857 et
398 813 634 869 adoptatam
685 812 736 856 ab
770 813 916 857 eadem
953 826 1140 869 persona,
1176 817 1214 856 et
1247 813 1415 856 demum
1451 816 1556 856 inter
1589 813 1830 869 adoptatum

206 891 243 929 et
279 898 451 929 uxorem
484 884 731 940 adoptantis,
765 888 835 927 aut
884 886 990 927 inter
1037 883 1302 939 adoptantem
1347 889 1386 927 et
1419 897 1590 927 uxorem
1625 884 1833 940 adoptati;

207 959 315 1000 inter
350 955 583 1012 praedictos
616 954 824 997 ineundas
859 953 1065 997 habentur
1097 953 1143 998 ob
1176 955 1465 1012 eoquatioiiem
1498 954 1676 1012 leyalem
1709 955 1832 998 idest:

208 1027 453 1085 (secundum
475 1026 661 1069 eiusdem
684 1024 848 1069 Codicis
872 1024 1002 1083 leges)
1030 1028 1237 1082 vigentem
1265 1038 1601 1083 unamquamque
1625 1038 1674 1069 ex
1700 1025 1834 1080 dictis,

207 1101 296 1141 sive
330 1097 474 1154 legalis
508 1099 733 1153 paternitas
766 1099 830 1149 sit,
863 1099 953 1140 sive
997 1097 1231 1140 fraternitas
1273 1101 1342 1139 aut
1385 1096 1561 1139 affinitas
1595 1095 1750 1152 legalis,
1785 1109 1836 1138 ex

208 1168 434 1226 adoptione
468 1167 627 1224 legibus
659 1168 844 1211 eiusdem
879 1166 1042 1211 Codicis
1077 1167 1329 1210 moderanda
1372 1173 1523 1222 ortam,
1558 1166 1659 1210 tales
1694 1169 1756 1209 vir
1789 1179 1836 1210 ac

210 1240 358 1283 mulier
394 1245 600 1296 nequeant
635 1239 672 1281 vi
704 1239 814 1281 iaris
863 1238 1058 1282 canonici
1098 1238 1278 1282 scilicet:
1314 1238 1389 1281 1106
1438 1240 1476 1280 in
1521 1250 1679 1281 canone
1717 1250 1836 1293 «pro

209 1311 422 1368 baptizatis
455 1312 709 1354 constituti»
749 1310 858 1367 (cau.
887 1309 1011 1360 1038,
1045 1309 1073 1366 ἓ
1106 1308 1163 1366 2),
1187 1312 1276 1352 sive
1311 1311 1417 1352 inter
1438 1322 1481 1352 se
1514 1311 1603 1351 sive
1636 1321 1731 1351 cum
1755 1320 1834 1350 non

211 1383 411 1439 baptizato
447 1383 516 1424 tiat
551 1383 860 1424 matrimonium
906 1380 956 1423 ad
1000 1392 1188 1423 normam
1234 1392 1322 1423 can.
1361 1380 1471 1423 1016
1515 1378 1592 1436 (516
1624 1382 1838 1434 acceptata

210 1453 312 1510 legis
344 1453 480 1496 civilis
512 1452 596 1495 sola
645 1451 991 1495 determinatione
1034 1451 1170 1509 quoad
1219 1450 1325 1494 lianc
1369 1449 1710 1507 prohibitionem)
1742 1461 1837 1492 cum

208 1524 391 1568 clausula
427 1522 711 1567 inhabilitante
744 1527 937 1566 statutam
972 1522 1023 1566 ab
1057 1522 1240 1566 Ecclesia
1290 1535 1364 1578 per
1398 1521 1498 1564 haec
1533 1520 1683 1564 verba:
1724 1535 1742 1560 (‹
1768 1532 1838 1563 ne-

209 1600 408 1652 queunt»
446 1593 762 1636 matrimonialia
796 1593 908 1636 inter
955 1606 998 1636 se
1040 1606 1162 1635 sensu
1196 1592 1342 1635 eodem
1389 1604 1436 1635 ac
1479 1596 1598 1634 antea
1634 1590 1840 1647 explicato

209 1665 349 1709 valide
381 1664 656 1713 contrahere:
688 1664 798 1722 quod
836 1666 948 1720 prius
971 1663 1190 1707 dicebatur
1214 1662 1556 1719 impedimentum
1582 1663 1840 1718 cognationis

209 1737 353 1793 legalis
386 1736 437 1780 ob
470 1736 685 1794 aequalem
721 1735 1110 1778 determinationem
1144 1738 1399 1790 acceptatam
1434 1746 1483 1776 ex
1518 1735 1606 1776 iure
1639 1732 1842 1777 Romano,

912 1921 1070 1958 CAPUT.
1104 1921 1141 1957 V.

733 2008 787 2041 De
814 2016 1002 2041 consensu
1029 2005 1322 2040 matrimoniali.

1112 2123 1198 2160 CAN.
1233 2121 1336 2159 1083.
1364 2143 1385 2150 -
1412 2127 1431 2166 ξ
1460 2123 1487 2158 l.
1516 2122 1618 2157 Error
1650 2122 1743 2158 circa
1769 2133 1844 2168 per-

258 2127 342 2162 (lm.
378 2125 478 2161 1081.
508 2147 528 2153 -
555 2127 573 2172 ς
604 2126 633 2160 1.
654 2125 920 2161 Matrimonium
942 2125 991 2160 sa—

1064 2182 1187 2207 sonam
1214 2170 1410 2206 invalidum
1429 2170 1543 2206 reddit
1562 2169 1840 2205 matrimonium.

211 2176 257 2210 cit
298 2175 448 2221 partium
487 2185 679 2209 consensus
706 2173 797 2208 inter
825 2183 990 2219 personas

1615 134 1709 168 san.
1737 133 1830 168 1080
1932 159 1940 167 ,

213 2223 286 2258 iure
312 2222 446 2257 habiles
465 2221 617 2266 legitime
637 2221 905 2261 manifestatu83
931 2220 989 2265 qui

214 2270 310 2305 nulla
337 2272 492 2304 bumana
520 2273 685 2314 potestate
704 2268 856 2314 suppleri
886 2267 988 2302 valet.

260 2321 278 2359 ἓ
317 2316 347 2351 2.
385 2316 584 2352 Cousensus
627 2314 898 2351 matrimonialis
940 2318 992 2350 est

212 2369 310 2399 actus
337 2364 528 2399 voluntatis
555 2374 622 2409 quo
642 2368 789 2408 utraque
817 2373 896 2408 pars
922 2366 991 2397 tra-

211 2411 262 2446 dit
287 2416 321 2446 et
346 2416 501 2456 acceptat
541 2410 595 2445 ius
633 2410 668 2444 in
709 2421 845 2456 corpuS‚
873 2419 991 2455 perpe-

210 2463 310 2493 tuum
336 2464 369 2494 et
391 2458 618 2498 exclusivum,
639 2458 673 2491 in
691 2457 814 2492 ordine
831 2457 873 2492 ad
893 2461 992 2491 actus

212 2517 272 2552 per
298 2516 333 2540 se
359 2510 457 2551 aptos
482 2505 524 2540 ad
554 2505 661 2550 prolis
679 2504 952 2549 generationem.

259 2552 344 2588 CAN.
378 2551 476 2587 1082.
510 2573 525 2577 -
554 2555 573 2594 ἓ
597 2554 625 2587 1.
658 2550 699 2587 Ut
719 2550 993 2587 matrimonialis

210 2610 402 2635 consensus
429 2600 547 2634 baberi
576 2600 696 2644 possit.
718 2610 859 2634 6666556
885 2602 992 2634 estut

212 2647 457 2682 contrahentes
483 2647 605 2681 saltem
640 2657 709 2681 non
740 2646 899 2691 ignorent
921 2656 992 2680 ma-

211 2694 417 2729 trimonium
444 2704 517 2729 esse
546 2693 744 2728 societatem
784 2703 994 2739 permanen-

212 2745 280 2776 tem
309 2741 399 2776 inter
425 2740 537 2776 virum
565 2745 597 2776 et
621 2740 800 2775 mulierem
828 2740 872 2776 ad
902 2739 994 2774 tilios

215 2788 459 2834 procreandos.

259 2839 278 2877 ξ
298 2836 317 2869 2
351 2834 443 2870 Haec·
462 2834 660 2879 ignorantia
681 2841 753 2880 post
775 2834 991 2880 pubertatem

214 2893 285 2917 non
314 2882 560 2928 praesumitur.

1113 2223 1132 2262 ξ
1151 2220 1184 2253 ’2.
1214 2217 1315 2253 Ε1·1·01·
1333 2217 1424 2253 circa
1442 2217 1645 2263 qualitatem
1665 2227 1843 2262 personae,

1063 2267 1126 2302 etsi
1138 2266 1194 2301 det
1208 2276 1349 2300 causam
1361 2264 1565 2308 contractui,
1579 2263 1843 2299 matrimonium

1065 2314 1178 2348 irritat
1205 2317 1365 2348 tantum:

1164 2361 1212 2394 l.⁰
1239 2359 1274 2395 Si
1301 2370 1396 2395 error
1413 2358 1592 2405 qualitatis
1610 2357 1781 2393 redundet
1807 2357 1843 2392 in

1065 2418 1217 2444 errorem
1246 2417 1432 2452 personae;

1160 2454 1213 2489 20
1232 2453 1265 2490 Si
1288 2464 1436 2500 persona
1451 2453 1560 2488 libera
1579 2451 1842 2487 matrimonium

1065 2502 1248 2537 contrabat
1274 2512 1354 2536 cum
1382 2511 1527 2546 persona
1565 2510 1670 2545 quam
1698 2498 1842 2534 liberam
1911 2497 1915 2499 ’
1965 2516 1967 2523 ¹

1068 2554 1177 2595 putat,
1205 2559 1284 2584 cum
1319 2553 1440 2583 contra
1473 2547 1517 2582 sit
1543 2557 1653 2587 serva,
1679 2545 1845 2581 servitute

1068 2596 1204 2642 proprie
1229 2595 1334 2630 dicta.

1113 2644 1198 2679 CAN.
1230 2641 1329 2677 1084.
1372 2661 1388 2668 -
1430 2640 1584 2687 Simplex
1621 2651 1717 2675 error
1753 2639 1844 2674 circa

1068 2689 1282 2725 matrimonii
1312 2689 1483 2724 unitatem
1515 2687 1567 2723 vel
1592 2685 1845 2722 indissolubili-

1066 2742 1172 2772 tatem
1208 2741 1267 2772 aut
1306 2735 1594 2772 sacramentalem
1627 2734 1844 2779 dignitatem.

1066 2784 1129 2820 etsi
1158 2784 1215 2819 det
1241 2794 1382 2819 eausam
1415 2781 1622 2824 contractui,
1650 2792 1720 2816 non
1749 2780 1846 2815 vitiat

1067 2842 1279 2867 consensum
1308 2829 1616 2866 matrimonialem.

1114 2877 1200 2914 Cm'.
1239 2875 1339 2912 1085.
1379 2898 1398 2903 -
1437 2876 1591 2912 Scientia
1627 2880 1688 2911 aut
1728 2873 1846 2920 opinio
