1971 3261
186 123 279 160 Can.
305 121 463 157 973-974
772 122 856 155 Trr.
888 122 949 156 VI.
970 143 982 147 -
1002 122 1057 157 De
1088 123 1231 156 Ordine
1741 120 1812 154 393

185 244 376 287 cientiam
411 239 692 296 comprobata,
726 253 832 297 quae
866 254 978 295 spem
1026 241 1234 283 lundatani
1281 241 1431 283 t'aeiant
1466 241 1564 290 tore,
1601 244 1643 282 ut
1675 252 1811 283 sacer·

184 313 282 357 dotii
319 324 487 354 munera
524 316 633 353 recte
666 310 781 353 obire
829 311 1099 368 eiusdemque
1147 310 1419 366 obligationes
1461 316 1602 354 sancte
1635 324 1807 355 servare

184 387 305 440 queat
329 397 397 426 n...

301 452 398 495 3⁶25.
432 453 707 498 Summaria
740 454 1085 509 requisitorum
1119 455 1438 498 enumeratio.
1475 479 1525 483 —
1563 452 1602 495 ln
1640 452 1715 496 boc
1739 466 1805 497 ca-

181 536 287 566 none
304 523 625 566 commentando
643 535 900 578 exponemus
918 522 998 565 duo
1020 525 1154 578 priora
1176 526 1371 580 requisita
1391 522 1611 580 dequibus
1628 537 1812 567 canones

180 594 248 637 alii
292 593 452 638 desunt.
501 592 599 637 Can«
637 596 743 636 971.
783 596 807 647 ἓ
842 594 878 636 1.
921 591 970 637 Ut
1015 593 1108 650 quis
1143 594 1217 636 boc
1262 599 1345 637 est:
1386 597 1495 637 «vir
1531 594 1800 652 baptizatus»

181 664 288 722 (can.
325 665 421 719 968,
454 664 482 722 ξ
516 664 558 720 1)
592 663 708 707 licite
740 667 851 707 iuxta
887 664 1049 707 articuli
1087 667 1395 720 inscriptionem
1423 678 1469 708 ac
1496 669 1808 722 praesupposito

181 734 333 791 peaee.³
368 741 476 778 can.⁰
507 734 716 791 ordinari,
751 735 918 778 exclusa
954 748 1061 777 nunc
1110 738 1422 778 consecratione
1455 737 1676 793 episcopali
1717 751 1802 780 «ex

178 811 372 850 contextu
411 806 680 850 verborum»
719 805 828 863 (can.
864 805 982 862 950),
1018 806 1164 863 possit.
1218 806 1341 862 (quae
1385 807 1557 849 actualis
1600 808 1806 852 ordinatio

178 876 344 920 aliunde
379 877 513 919 t'orsan
549 878 625 919 erit
660 875 835 933 illicita),
885 878 972 918 iure
1005 876 1254 933 quandoque
1289 876 1445 926 divino,
1480 890 1645 932 semper
1677 878 1808 921 ecele-

176 950 342 991 siastico
373 948 653 1005 requirunlw·
686 949 880 1003 praeviae
913 947 1100 1002 singulae
1134 958 1181 989 ac
1218 949 1416 1002 positivae
1450 948 1728 991 conditiones:
1752 975 1803 979 —

180 1019 221 1061 10
257 1017 436 1076 Recepta
469 1032 592 1061 sacra
626 1017 903 1074 confirmatio,
946 1020 1052 1061 sicut
1095 1018 1219 1061 tradit
1253 1017 1375 1062 Cone.
1410 1017 1519 1062 Trid.
1548 1020 1583 1062 ¹:
1624 1034 1643 1058 ((
1671 1019 1801 1063 Prima

177 1095 343 1133 tonsura
377 1103 456 1132 non
492 1091 717 1143 initientur,
751 1091 819 1147 qui
855 1092 1162 1132 sacramentum
1196 1089 1522 1131 confirmationis
1558 1103 1633 1132 non
1668 1104 1805 1133 susce-

178 1163 310 1217 perint
334 1176 373 1205 ».

295 1266 364 1302 Hoc
390 1271 505 1301 stante
532 1265 640 1307 Deest,
668 1265 841 1312 proposita
871 1266 1011 1300 fuerunt
1029 1264 1072 1320 ιδ.
1102 1264 1231 1310 Congr.
1273 1264 1378 1300 Cone.
1420 1266 1601 1311 sequentia
1634 1266 1740 1302 dubia
1768 1268 1801 1301 in

174 1326 379 1369 Augustana
397 1326 430 1359 ⁶2:
465 1340 478 1357 «
505 1325 536 1359 lO
563 1323 752 1369 Quaeritur
776 1335 822 1359 an
852 1324 1000 1370 primam
1028 1329 1208 1359 tonsuram
1236 1328 1267 1359 et
1295 1328 1442 1369 quatuor
1477 1324 1631 1359 minores
1664 1325 1806 1360 ordines

175 1384 265 1420 male
291 1385 341 1420 vel
371 1395 430 1431 per
454 1384 582 1419 saltum
622 1383 815 1430 suscepisse
852 1383 1000 1422 dicatur,
1042 1383 1100 1429 qui
1127 1388 1346 1418 sacramento
1384 1383 1660 1418 confirmationis
1691 1385 1802 1419 solum

175 1448 249 1489 post
276 1443 351 1478 illos
376 1448 555 1490 susceptos
582 1443 646 1478 fuit
674 1447 882 1488 perunctus3
911 1442 949 1476 20
973 1452 1018 1477 an
1047 1441 1152 1478 idem.
1181 1446 1219 1476 ut
1245 1452 1361 1487 supra,
1380 1442 1562 1477 ordinatus
1588 1447 1620 1477 et
1647 1443 1804 1488 provisus

172 1502 214 1538 de
240 1502 459 1549 simplicibus
485 1501 665 1537 beneficiis
691 1506 773 1537 ante
799 1505 1058 1536 sacramentum
1085 1500 1375 1542 confirmationis,
1403 1500 1554 1545 legitime
1580 1501 1673 1536 dicta
1698 1502 1801 1537 bene-

175 1561 252 1597 ficia
275 1561 499 1608 acquisiverit
528 1562 574 1596 ita
600 1566 638 1596 ut
664 1561 760 1596 nulla
800 1560 954 1605 indigeat
993 1570 1082 1595 nova
1121 1560 1336 1606 provisione3
1366 1559 1402 1593 30
1428 1571 1471 1594 an
1501 1560 1590 1595 idem
1630 1561 1732 1606 possit
1759 1563 1800 1597 ad

171 1632 287 1656 sacros
312 1621 452 1656 ordines
478 1621 676 1659 ascendere,
709 1620 806 1656 nulla
835 1619 937 1666 petita
974 1619 1193 1655 absolutione
1225 1619 1274 1654 vel
1302 1619 1574 1664 dispensatione.
1606 1620 1640 1654 S.
1672 1620 1798 1666 Congr.

170 1680 336 1726 reposuit.
367 1680 417 1715 Ad
448 1680 493 1714 lm
520 1691 595 1715 esse
622 1680 712 1715 male
740 1683 958 1725 promotum;
987 1679 1029 1713 ad
1058 1678 1105 1712 2¹⁰
1126 1678 1243 1713 minus
1263 1678 1416 1722 legitime
1442 1679 1681 1724 acquisivisse.
1699 1685 1803 1725 atque

169 1750 269 1784 egere
295 1750 385 1775 nova
412 1739 628 1786 provisione:
656 1739 700 1774 ad
728 1738 775 1773 3ΠΙ
804 1749 872 1774 non
903 1749 999 1784 posse
1028 1738 1091 1772 nisi
1121 1738 1261 1784 praevia
1280 1737 1310 1772 S.
1334 1738 1471 1783 Aplcae.
1490 1738 1749 1784 dispensatione
1769 1755 1802 1774 ».

171 1797 282 1834 Huius
308 1799 381 1835 loco
407 1799 681 1845 dispensationis
709 1804 847 1845 propter
872 1798 958 1833 iuris
985 1798 1109 1833 veteris
1134 1797 1398 1843 ampliationem
1425 1798 1466 1833 ad
1494 1809 1616 1833 omnes
1646 1799 1799 1844 ordines,

168 1858 449 1894 confirmandum
477 1858 541 1893 erit
568 1858 762 1894 subiectum
789 1863 871 1893 ante
897 1858 1166 1903 subsequentem
1203 1868 1336 1892 sacram
1372 1858 1641 1900 ordinationem,
1673 1869 1715 1893 ne
1744 1860 1802 1895 ite-

171 1929 246 1954 rum
275 1918 366 1953 male
393 1923 637 1963 promoveatur
663 1917 705 1953 ob
733 1918 843 1952 num.i
869 1917 972 1952 huius
1004 1917 1031 1951 li
1057 1916 1271 1951 declaratum
1300 1916 1564 1962 praescriptum.

291 2013 556 2070 Prosequitur
589 2015 760 2057 canonis
791 2015 1071 2057 enumeratio:
1124 2011 1167 2055 “2⁰
1201 2011 1340 2055 Mores
1379 2011 1523 2055 ordini
1555 2013 1797 2070 recipiendo

170 2090 470 2142 conyrztentes;
491 2086 549 2127 sic
574 2085 738 2138 (licitur,
764 2086 927 2127 omissis
951 2084 1041 2127 aliis
1065 2082 1480 2126 determinationibus
1505 2085 1604 2126 iuris
1632 2088 1797 2136 veteris,

169 2155 278 2198 unde
314 2155 478 2198 videtur
512 2156 550 2199 id
587 2155 776 2198 relictum
816 2171 836 2196 ((
862 2155 1014 2198 iudicio
1050 2156 1202 2210 proprii
1238 2151 1449 2198 Ordinarii
1474 2169 1495 2193 ›>
1533 2154 1581 2197 ad
1610 2168 1795 2198 normam

168 2239 259 2270 can.
294 2227 391 2281 968,
424 2226 452 2285 ξ
486 2228 522 2278 1,
557 2229 626 2284 qui
663 2232 706 2270 ut
739 2239 906 2270 normas
939 2226 1082 2269 saltem
1134 2226 1360 2269 directivas
1408 2225 1625 2268 consulere
1667 2231 1794 2282 potest

168 2301 302 2355 capita
335 2297 457 2342 Cone.
492 2297 603 2342 Trid.
641 2298 687 2341 11
729 2298 779 2342 ad
817 2298 867 2341 14
901 2311 998 2341 sess.
1036 2296 1168 2339 XXlll
1206 2296 1261 2339 De
1282 2297 1352 2340 ref.
1378 2301 1416 2339 et
1441 2297 1575 2353 quoad
1597 2297 1798 2341 diaconos

169 2371 206 2411 in
242 2368 422 2425 Epistola
457 2369 470 2411 1
503 2369 546 2412 B.
585 2368 695 2412 Pauli
746 2369 796 2412 ad
845 2367 1052 2411 Tbimotb.
1103 2366 1218 2425 (Cap.
1254 2366 1317 2416 ΙΙΙ,
1357 2380 1422 2407 vv.
1464 2367 1581 2423 8-10)
1614 2367 1796 2412 scilieet:

171 2436 391 2496 «Oportet
422 2440 621 2483 diaconos
652 2453 742 2483 esse
774 2439 964 2482 similiter
999 2439 1184 2494 pudicos,
1204 2451 1281 2480 non
1310 2436 1527 2494 bilingues,
1552 2450 1630 2480 non
1668 2438 1797 2481 multo

169 2513 264 2554 vino
297 2511 472 2564 deditos,
506 2524 585 2554 non
621 2517 740 2568 turpe
764 2511 924 2554 lucrum
950 2515 1175 2553 sectantes:
1203 2508 1400 2553 babentes
1425 2511 1669 2566 mysterium
1696 2510 1794 2553 tidei

167 2584 204 2624 in
240 2584 491 2625 conscientia
528 2595 692 2638 pura».
726 2581 848 2626 Cone.
898 2596 995 2624 vero
1028 2580 1136 2623 Trid.
1172 2581 1186 2602 3
1223 2583 1395 2637 requirit
1436 2594 1506 2636 pro
1544 2582 1673 2636 prima
1707 2586 1792 2623 ton-

165 2664 259 2695 sura
294 2652 416 2696 talem
455 2655 564 2696 vitae
613 2656 813 2696 rationem
868 2668 889 2693 «
913 2657 954 2694 ut
991 2650 1215 2707 probabilis
1258 2653 1494 2694 coniectura
1530 2654 1581 2694 sit
1615 2664 1684 2694 eos
1717 2651 1793 2695 hoc

169 2724 275 2766 vitae
309 2736 438 2779 genus
471 2723 663 2780 elegisse,
699 2728 741 2766 ut
776 2722 860 2766 Deo
895 2722 1057 2765 tidelem
1093 2721 1249 2765 cultum
1287 2726 1554 2778 praestent».

285 2877 296 2898 1
323 2875 413 2922 Cap.
441 2876 476 2917 4,
504 2887 599 2911 sess.
629 2875 779 2910 XXIII.
809 2896 850 2899 —
879 2875 892 2896 '2
918 2875 961 2909 27
990 2874 1094 2919 Septi.
1117 2875 1221 2910 1601.
1251 2894 1288 2899 ——
1320 2875 1334 2896 3
1360 2876 1450 2919 Cap.
1472 2876 1506 2918 4,
1527 2886 1620 2909 sess.
1639 2875 1793 2908 XXIII.
