1971 3261
189 113 259 147 386
592 112 678 146 Lm.
706 112 779 146 ΙΙΙ.
808 131 822 137 -
844 103 958 146 'PARS
983 111 1014 145 I.
1044 131 1056 136 -
1082 111 1140 146 De
1164 110 1428 146 Sacramentis
1542 109 1635 145 Can.
1660 109 1816 145 969-970

189 234 350 289 piente:
385 231 478 276 Non
508 229 756 289 prohibetur
789 236 926 273 tamen
955 228 1194 287 Episcopus
1229 242 1323 273 cum
1362 229 1664 284 significatione
1686 241 1811 285 supra

188 305 297 347 dicta
327 301 551 361 proprium
585 302 634 345 ad
654 314 841 345 normam
866 313 955 344 can.
981 300 1063 343 956
1084 313 1329 358 promovere
1351 300 1401 343 ad
1426 299 1611 355 singulos
1633 299 1813 354 ordines,

187 387 266 416 non
301 372 468 416 exclusa
504 374 635 428 prima
671 377 853 427 tonsura,
886 370 1109 426 subditum,
1157 373 1231 414 etsi
1276 383 1351 414 nec
1403 371 1706 413 «necessarius
1738 383 1814 413 uec

190 444 299 488 utilis
325 460 345 485 ))
384 446 450 497 sit,
482 448 624 487 contra
658 445 957 499 praescriptum
992 442 1020 500 ἓ
1053 441 1104 495 1¹,
1145 441 1282 499 quiin
1304 440 1509 499 sectarum,
1535 441 1816 497 quandocum-

187 528 267 572 que
293 519 383 570 post
410 518 599 570 receptos
622 513 801 568 ordines,
822 512 997 571 praevia
1022 511 1212 569 legitima
1245 510 1594 554 eoecardinatione
1615 509 1666 554 ab
1689 508 1811 555 Ordi-

189 587 321 628 nantis
344 585 522 627 dioecesi
547 590 585 627 et
608 583 951 627 incardinatione
974 586 1012 625 in
1036 582 1179 636 altera,
1203 594 1309 639 quae
1333 581 1504 638 proinde
1528 580 1579 624 ab
1598 583 1815 638 utriusque

187 653 411 700 Ordinario
444 654 688 711 complenda
725 659 799 708 est,
832 653 1003 696 servitio
1052 652 1164 696 alius
1197 652 1398 696 dioecesis
1438 664 1608 708 nempe:
1652 652 1813 695 futurae

188 726 530 769 incardinationis
561 724 811 777 destinetur,
834 724 943 782 quod
969 723 1141 767 verbum
1178 724 1366 779 designat
1401 724 1653 779 propositum
1688 723 1813 765 futuri

185 801 374 851 eventus,
407 810 627 840 commune
662 796 835 852 proinde
858 809 907 838 ex
933 796 1102 851 praevio
1126 799 1269 837 mutuo
1292 798 1469 837 tractatu
1491 790 1812 836 Ordinariorum

186 872 372 924 tempore
407 869 565 924 primae
599 866 743 910 saltem
779 866 1064 909 ordinationis.

305 966 385 1001 320.
417 967 668 1002 luter-dictio
706 969 757 1001 ab
791 968 966 1000 homine
997 974 1202 1000 ascensus
1236 966 1288 998 ad
1318 966 1505 998 ordines.
1544 982 1586 989 —
1620 961 1743 997 Lucius
1772 961 1813 996 ΙΙΙ

185 1026 455 1072 Archiepiscopo
482 1025 659 1061 Turonen.
685 1024 825 1071 scripsit
853 1026 885 1057 ¹:
919 1039 932 1055 «
954 1024 1004 1058 Ad
1032 1034 1133 1058 aures
1162 1027 1298 1057 nostras
1335 1021 1503 1068 pervenit,
1541 1021 1632 1067 quod
1663 1020 1812 1066 religiosi

186 1085 329 1131 quidam
355 1085 399 1120 ad
425 1084 620 1130 superiores
646 1084 846 1119 desiderant
871 1083 1012 1119 ordines
1032 1081 1237 1128 promoveri,
1256 1081 1314 1116 sed
1335 1080 1477 1127 praelati
1497 1091 1614 1115 eorum
1633 1079 1817 1115 desideriis

189 1144 446 1180 contradicunt.
473 1165 516 1169 —
544 1143 636 1178 Tuae
663 1143 768 1188 igitur
794 1142 988 1189 quaestioni
1023 1140 1139 1176 taliter
1172 1140 1426 1186 respondemus
1459 1139 1549 1185 quod
1577 1139 1756 1174 honestius
1782 1143 1815 1174 et

185 1202 295 1238 tutius
321 1207 386 1247 est,
415 1202 580 1238 subiectis
617 1202 771 1237 debitam
811 1200 1016 1247 praepositis
1053 1199 1288 1234 obedientiam
1327 1198 1561 1244 impendendo
1596 1198 1631 1232 in
1659 1197 1814 1232 inferiori

186 1261 382 1297 ministerio
407 1261 593 1303 deservire,
623 1272 727 1307 quam
755 1271 835 1295 cum
862 1258 1136 1306 praepositorum
1175 1257 1340 1293 seandalo
1376 1257 1547 1302 graduum
1577 1261 1738 1302 appetere
1763 1256 1813 1290 di-

186 1321 357 1366 gnitatem
377 1335 407 1355 ».
438 1320 493 1365 (Et
506 1326 556 1356 est
571 1321 658 1355 ratio
674 1319 996 1361 iuridico—moralis)
1015 1338 1060 1343 —
1079 1316 1244 1363 Sequitur
1269 1317 1357 1352 alia.
1391 1330 1406 1348 α
1426 1315 1494 1352 Nec
1511 1321 1562 1351 est
1580 1316 1616 1350 in
1635 1315 1700 1351 hac
1719 1320 1816 1361 parte

185 1380 418 1416 subiectorum
444 1379 654 1415 desiderium
681 1378 958 1414 confovendum:
987 1377 1153 1422 quoniam
1179 1386 1253 1411 esse
1280 1380 1400 1421 potest,
1423 1374 1513 1421 quod
1532 1374 1675 1421 praelati
1694 1384 1813 1410 eorum

185 1439 372 1474 commissa
411 1443 542 1474 secreta
580 1439 754 1479 noverint,
795 1448 834 1473 ex
871 1436 999 1482 quibus
1025 1440 1160 1471 constat
1187 1436 1249 1475 eis,
1278 1434 1368 1480 quod
1395 1434 1490 1469 saiva
1515 1432 1728 1469 conscientia
1754 1443 1813 1468 ne-

186 1502 319 1544 queunt
345 1498 550 1535 sublimari:
579 1498 661 1543 quia
687 1508 758 1532 non
785 1499 821 1531 in
849 1495 1065 1531 sublimitate
1098 1494 1283 1539 graduum,
1320 1494 1378 1528 sed
1414 1493 1448 1527 in
1479 1491 1711 1538 amplitudine
1736 1491 1815 1526 cha·
1840 1484 1842 1487 ’

184 1557 299 1592 ritatis
325 1556 518 1602 acquiritur
544 1567 690 1601 regnum
721 1555 777 1591 Dei
800 1570 829 1589 υ.

301 1645 424 1690 Conc.
458 1645 568 1690 Trid.
594 1645 608 1667 ²
643 1646 843 1689 inducens
878 1646 1051 1700 primam
1089 1645 1287 1686 rationem
1323 1640 1406 1685 οἰῑ.1
1440 1643 1586 1697 capitis
1619 1639 1814 1683 Decreta-

188 1716 286 1759 iium
331 1718 517 1760 extendit
552 1716 651 1759 illud
685 1716 734 1759 ad
770 1716 926 1759 clerum
961 1714 1217 1758 saecularem
1252 1712 1386 1770 quoad
1419 1724 1635 1755 ascensum
1670 1710 1720 1753 ad
1755 1722 1816 1753 sa-

188 1800 280 1830 cros
303 1784 484 1831 Ordines
503 1787 646 1830 iisdem
675 1786 827 1840 verbis,
852 1799 957 1843 quae
980 1783 1150 1828 adhibet
1173 1797 1263 1826 can.
1289 1785 1395 1826 970.
1425 1781 1626 1840 Proprius
1648 1786 1688 1835 a)
1710 1779 1811 1838 Ept-

187 1872 334 1916 scopns
352 1859 401 1902 ad
424 1871 609 1901 normam
630 1858 884 1912 ca11.956,et
901 1869 994 1900 cum
1021 1855 1194 1898 iuridica
1214 1855 1529 1910 signiticatIOne,
1549 1852 1615 1896 iile
1635 1864 1817 1908 namque

187 1928 298 1972 solus
331 1934 462 1986 potest
509 1934 750 1987 sequentem
801 1927 1120 1984 prohibitionem
1172 1925 1396 1968 efficaciter
1443 1923 1639 1978 indicere,
1674 1922 1717 1980 b)
1751 1921 1814 1964 vel

189 1999 392 2057 Superior
422 1999 648 2056 reliyiosns
680 1999 818 2042 maior
850 1999 973 2041 etiam
1007 2010 1087 2039 non
1122 2000 1355 2052 exemptus,
1387 1994 1457 2038 sed
1495 1994 1704 2050 religionis
1736 1992 1812 2036 cle·

188 2070 325 2113 riualis
357 2070 408 2113 ob
442 2083 488 2114 ea
521 2083 627 2128 quae
659 2074 902 2128 sequuntur,
934 2073 1070 2126 potest
1103 2066 1191 2109 suis
1215 2066 1341 2110 idest:
1376 2065 1510 2109 eidem
1535 2064 1711 2108 subditis
1734 2063 1813 2106 cle-

188 2141 304 2194 ricis,
339 2155 410 2184 seu
444 2144 502 2184 eis
535 2144 603 2199 qui
643 2141 841 2184 «divinis
874 2140 1114 2182 ministeriis
1133 2151 1204 2194 per
1223 2140 1397 2194 primam
1422 2136 1566 2179 saltem
1600 2140 1812 2178 tonsuram

190 2214 412 2268 mancipati
448 2217 543 2256 sunt
566 2228 588 2253 ))
623 2212 720 2269 (can
757 2211 855 2265 108,
888 2213 913 2264 ἓ
946 2208 989 2267 1)
1023 2208 1064 2266 a)
1103 2222 1154 2251 eoe
1177 2208 1323 2266 (μαινίς
1346 2207 1549 2250 canoniea
1569 2220 1711 2258 cama,
1734 2205 1813 2249 hoc

189 2288 270 2327 est:
305 2283 356 2326 ad
390 2296 629 2339 expressam
663 2295 875 2326 sacrorum
911 2293 1114 2325 canonum
1150 2292 1336 2322 normam
1372 2281 1481 2322 circa
1520 2277 1699 2331 ordines,
1731 2290 1811 2319 non

189 2366 239 2396 ex
273 2353 353 2396 alio
387 2357 543 2397 motivo
578 2356 618 2396 vi
652 2353 774 2396 huius
807 2354 991 2403 canonis,
1025 2350 1068 2408 b)
1101 2349 1262 2393 occulta
1297 2362 1468 2407 quoque,
1502 2348 1681 2391 scilicet:
1706 2360 1816 2405 quae

191 2437 268 2467 nec
313 2424 500 2480 pluribus
532 2430 625 2468 nota
661 2427 723 2475 sit,
758 2423 798 2480 c)
831 2423 958 2465 etiam
991 2420 1395 2475 eoelraiudicialiter,
1422 2420 1459 2463 id
1500 2423 1581 2462 est:
1616 2431 1694 2461 non
1729 2431 1812 2461 ser-

193 2497 297 2538 vatis
331 2497 486 2538 normis
519 2508 723 2538 canonum
759 2493 845 2537 Lib.
881 2491 945 2546 lV,
979 2492 1114 2549 quoad
1150 2494 1428 2534 interventum
1454 2491 1616 2544 notarii,
1641 2489 1813 2533 modum

189 2565 429 2608 excutiendi
464 2570 601 2618 testes,
636 2571 824 2609 naturam
859 2564 1219 2616 documentorum,
1253 2566 1347 2613 eto,
1380 2561 1463 2604 sed'
1486 2560 1643 2603 habens
1666 2559 1812 2616 proba-

189 2638 320 2678 tiones
352 2648 502 2679 causae
538 2638 745 2692 praefatae
778 2647 884 2691 quae
920 2636 1053 2676 virum
1096 2633 1340 2689 prudentem
1365 2632 1577 2686 suadeant,
1597 2643 1812 2673 ascensum

189 2705 244 2749 ad
275 2705 445 2749 ordines
479 2706 744 2760 interdicere,
768 2719 846 2749 non
870 2705 920 2748 ad
945 2704 1115 2746 modum
1139 2700 1366 2746 sententiae
1403 2704 1717 2758 cuiuscumque,
1740 2700 1812 2743 sed

283 2815 294 2836 1
314 2812 404 2857 Cap.
423 2813 443 2846 5
460 2813 549 2847 «De
567 2813 810 2856 temporibus
827 2809 1169 2846 ordinationum...
1185 2821 1204 2842 ›
1226 2809 1291 2842 tit.
1314 2809 1368 2848 n,
1388 2807 1473 2842 Lib.
1494 2807 1513 2842 1
1531 2806 1812 2841 Decretalium.

188 2882 234 2886 —-
260 2861 273 2882 2
300 2860 390 2905 Cap.
423 2864 452 2901 l,
482 2871 573 2894 sess.
600 2861 693 2894 XIV
721 2860 765 2894 de
792 2859 877 2894 Ref.
