1971 3261
75 102 190 137 »184
515 100 601 133 Lrss.
630 98 704 132 III.
738 118 746 123 -
774 98 884 131 PARS
909 97 940 130 I.

970 117 982 122 -
1009 96 1066 130 De
1097 95 1364 131 Sacramentis

708 247 758 263 ,ἢ
784 224 991 270 simpliciter
1568 218 1642 256 Can
1685 218 1753 255 853

421 322 463 325 -
479 311 514 333 in
529 308 642 344 seipso
655 265 712 395 -ἱ
847 366 853 372 .
1005 340 1054 378 1-
1082 318 1249 365 pueritiae
1617 329 1631 348 n
1685 312 1753 350 854

719 388 759 392 —
790 371 925 402 ratione
951 382 1008 429 -ι

1011 435 1053 439 -
1082 412 1303 458 indignitatis
1617 425 1632 442 J)
1686 407 1755 444 855

423 533 464 537 —
490 511 602 557 quoad
637 511 712 545 eius
753 530 795 535 —
823 509 1058 545 conscientiae
1619 520 1632 538 n
1687 503 1755 540 856

435 558 734 605 dispositiones—

752 615 878 639 —non
893 603 1053 639 sumendi
1084 624 1127 628 —
1153 613 1287 637 sacram
1312 601 1564 637 Eucharistiam
1620 614 1633 631 »
1687 597 1756 635 857

775 651 912 697 praevie
1026 671 1066 675 —

1086 718 1125 722 —
1154 696 1270 732 cibum
1300 696 1349 731 vel
1377 701 1496 742 potum
1620 708 1634 727 »
1689 693 1758 730 858

193 750 265 783 Art.
294 746 331 782 ll.

150 795 196 831 De
222 795 376 830 subiecto
726 815 760 819 -
786 793 829 828 ob
860 792 973 828 Eccle-
1012 790 1588 827 -cumdiversiscircumstantiis
1621 805 1634 822 »
1689 787 1758 824 859

148 853 266 878 sacrae
291 853 383 877 com·
739 840 811 876 siae
839 851 973 886 praece·
1008 850 1009 858 ¹

165 889 345 925 munionis
367 909 399 914 -
743 893 838 934 ptum
953 908 998 912 —-
1015 907 1057 912 —-
1084 886 1120 920 in
1148 896 1321 931 quosnam
1347 884 1508 921 recidens
1622 898 1637 916 ›>
1691 882 1760 918 860

433 1620 473 1624 —
501 1609 562 1644 pro
587 1597 718 1632 rituum
746 1597 945 1632 diversitate

134 1718 161 1752 si
190 1721 310 1763 urgeat
349 1716 538 1752 necessitas
575 1727 615 1751 ac
652 1715 752 1761 copia
778 1715 914 1750 coufes-

135 1765 215 1801 sarii
243 1764 292 1799 illi
320 1764 421 1807 desit,
448 1769 565 1799 actum
592 1763 764 1809 perfectae
790 1762 915 1797 contri-

136 1812 241 1848 tionis
268 1812 364 1858 prius
389 1811 517 1847 eliciat.

184 1859 268 1895 CAN.
299 1857 377 1894 857.
407 1880 423 1884 -
454 1857 590 1894 Nemini
618 1856 915 1892 liceatsanctissi-

138 1918 230 1942 mam
258 1905 510 1941 Eucharistiam
549 1905 715 1951 recipere,
753 1904 811 1950 qui
838 1914 914 1939 eam

137 1954 257 1990 eadem
284 1954 339 1989 die
366 1953 435 1988 iam
462 1952 642 1999 receperit.
672 1951 738 1986 nisi
768 1953 802 1986 in
829 1951 916 1986 casi-

138 2002 203 2037 bus
229 2001 271 2037 de
296 2000 424 2047 quibus
451 2001 487 2034 in
516 2011 594 2035 can.
628 1998 709 2035 858.
740 2003 758 2041 ἓ
790 1999 818 2033 l.

186 2049 270 2085 CAN.
296 2046 376 2084 858.
398 2069 414 2073 -
435 2052 454 2090 ξ
478 2047 503 2083 l.
525 2046 594 2091 Qui
626 2058 646 2082 a
678 2046 792 2081 media
817 2050 917 2081 nocte

140 2096 310 2132 ieiunium
337 2095 498 2131 naturale
537 2106 606 2130 non
633 2093 832 2134 servaverit.
862 2104 920 2128 ne-

138 2144 214 2189 quit
238 2143 282 2178 ad
302 2142 562 2178 sanctissimam
583 2141 838 2177 Eucharistiam
858 2141 917 2175 ad-

141 2190 246 2232 mitti,
287 2190 353 2225 nisi
394 2190 514 2225 mortis
552 2194 674 2234 urgeat
709 2188 917 2234 periculum,

140 2243 200 2273 aut
214 2238 402 2273 necessitas
422 2236 633 2283 impediendi
656 2235 918 2271 irreverentiam

144 2287 178 2320 in
207 2289 481 2320 sacramentum.

190 2336 209 2375 ἓ
236 2331 269 2366 ’2.
300 2332 430 2366 lnfirmi
460 2336 576 2366 tamen
597 2330 654 2376 qui
674 2330 744 2365 iam
763 2340 783 2365 a
801 2339 921 2364 mense

143 2379 358 2415 decumbunt
383 2379 458 2413 sine
484 2382 577 2414 certa
603 2389 662 2424 spe
688 2381 725 2412 ut
751 2377 819 2412 cito
844 2387 921 2412 con-

145 2427 331 2468 valescant,
357 2426 399 2461 dc
427 2425 586 2472 prudenti
606 2424 807 2460 confessarii
840 2434 919 2459 con-

144 2474 221 2509 silio
235 2473 494 2509 sanctissimam
513 2472 767 2508 Eucharistiam
786 2481 922 2506 sumere

149 2525 291 2567 possunt
317 2522 422 2556 semel
459 2525 519 2555 aut
552 2520 601 2556 bis
628 2519 663 2554 in
690 2518 921 2562 bebdomada,

146 2569 208 2604 ctsi
247 2568 401 2614 aliquam
442 2567 652 2602 medicinam
693 2566 745 2601 vel
788 2565 922 2611 aliquid

150 2626 207 2662 per
235 2616 374 2651 modum
405 2619 502 2660 potus
519 2619 622 2649 antea
641 2613 867 2659 sumpserint.

197 2660 380 2699 Cimsiie.
413 2682 428 2686 —
457 2664 476 2707 ς’
508 2661 534 2695 l.
578 2660 705 2696 Omnis
744 2661 925 2706 utriusque

149 2720 249 2745 sexus
265 2709 388 2749 fidelis,
408 2713 588 2754 postquam
607 2708 650 2742 ad
670 2719 783 2743 anuos
801 2707 925 2742 discre-

149 2757 266 2796 tionis,
294 2756 381 2792 idest
415 2756 457 2790 ad
492 2755 637 2790 rationis
667 2766 778 2795 usum,
808 2765 924 2800 perve-

153 2804 249 2843 nerit,
277 2803 379 2839 debet
405 2802 508 2838 semel
537 2802 571 2836 in
599 2813 705 2842 anns),
738 2802 861 2837 saltem
888 2801 924 2836 in

152 2851 325 2891 l'aschate,
348 2849 581 2885 Eucharistiae
595 2854 854 2884 sacramentum
873 2859 926 2883 re-

428 1076 466 1080 —
488 1055 678 1101 percipien-

446 1103 510 1138 dae
659 1122 700 1127 -—
721 1123 764 1127 —
790 1101 832 1136 ob
863 1100 974 1136 consi-

745 1149 829 1184 lium
955 1168 1000 1172 —-

724 1385 820 1420 —ad
835 1385 975 1420 modum

749 1432 870 1467 viatici
960 1452 1000 1456 —

1017 1002 1060 1006 —
1086 992 1153 1027 quo
1170 980 1271 1015 modo
1285 979 1570 1015 satisfaciendum
1624 992 1637 1008 ι)
1691 976 1755 1013 861

1009 1097 1059 1110 ,-
1088 1074 1173 1111 feria
1211 1074 1235 1110 V
1272 1074 1414 1110 maioris
1446 1073 1572 1109 hebdo-

1040 1123 1162 1158 madae
1624 1134 1639 1153 »
1694 1118 1763 1155 862>

1020 1238 1059 1243 —-
1090 1217 1288 1263 frequenter
1304 1216 1354 1252 vel
1370 1216 1475 1252 etiam
1491 1226 1574 1261 quo-

1039 1265 1123 1301 tidie
1625 1276 1639 1295 »
1694 1260 1763 1296 863

1020 1381 1062 1385 -
1089 1359 1132 1394 ob
1161 1363 1386 1405 praeceptum
1414 1358 1465 1393 vel
1492 1368 1573 1393 con-

1043 1407 1160 1442 silium
1628 1419 1642 1437 »
1696 1402 1765 1439 864

1022 1522 1062 1527 —
1090 1513 1155 1537 nec
1181 1501 1392 1536 differendae
1630 1514 1642 1531 ι)
1696 1497 1766 1534 865

1628 1607 1643 1626 »
1697 1590 1766 1627 866

986 1714 1111 1760 cipere,
1150 1713 1216 1747 nisi
1258 1713 1342 1748 forte
1380 1712 1419 1748 de
1458 1711 1602 1747 consilio
1638 1710 1765 1757 proprii

987 1761 1187 1801 sacerdotis⁷
1229 1760 1272 1795 ob
1313 1760 1468 1805 aliquam
1520 1758 1766 1794 rationabilem

988 1819 1143 1852 causam,
1163 1807 1205 1842 ad
1228 1812 1365 1853 tempus
1391 1807 1434 1842 ab
1454 1806 1528 1841 eius
1549 1805 1767 1852 perceptione

989 1855 1126 1891 duxerit
1151 1854 1416 1890 abstinendum.

1036 1907 1055 1945 ξ
1082 1904 1114 1937 2.
1146 1902 1320 1937 Paschalis
1347 1901 1549 1937 communio
1577 1900 1638 1935 fiat
1663 1910 1684 1935 a
1709 1899 1768 1934 do-

990 1949 1121 1985 minica
1161 1949 1359 1984 Palmarum
1397 1948 1441 1983 ad
1479 1948 1692 1983 dominicam
1730 1946 1765 1980 in

989 1997 1098 2038 albis;
1126 1997 1183 2032 sed
1213 1997 1363 2032 locorum
1400 1994 1599 2031 Ordinariis
1630 1994 1680 2029 fas
1705 1998 1770 2035 est,

990 2045 1017 2079 si
1045 2044 1093 2079 ita
1120 2055 1346 2090 personarum
1373 2054 1412 2078 ac
1432 2043 1585 2078 locorum
1604 2041 1771 2077 adiuncta

990 2091 1143 2136 exigant.
1173 2092 1236 2126 hoc
1263 2096 1400 2137 tempus
1433 2090 1538 2125 etiam
1570 2100 1630 2135 pro
1655 2088 1768 2124 omni·

992 2139 1056 2174 bus
1082 2139 1154 2174 suis
1182 2138 1340 2174 fidelibus
1378 2137 1582 2183 anticipare,
1620 2147 1692 2172 non
1719 2140 1768 2171 ta-

993 2197 1073 2222 men
1111 2191 1192 2221 ante
1231 2190 1391 2231 quartam
1430 2184 1522 2220 diem
1553 2183 1768 2219 dominicam

993 2232 1300 2278 Quadragesimae‚
1331 2233 1382 2268 vel
1410 2242 1604 2278 prorogare,
1633 2242 1703 2266 non
1721 2235 1771 2266 ta-

995 2291 1072 2315 men
1117 2281 1208 2315 ultra
1251 2281 1375 2315 festum
1418 2279 1660 2314 sanctissimae
1697 2277 1773 2313 Tri-

994 2327 1125 2362 nitatis.

1041 2378 1060 2417 ξ
1087 2374 1120 2409 3.
1154 2373 1381 2410 Suadendum
1420 2373 1581 2408 fidelibus
1615 2376 1653 2408 ut
1691 2371 1771 2407 huic

996 2427 1174 2468 praecepto
1211 2421 1428 2457 satisfaciant
1466 2420 1503 2455 in
1537 2431 1600 2455 sua
1625 2418 1774 2466 quisque

996 2470 1171 2515 paroecia;
1200 2473 1233 2504 et
1258 2469 1316 2515 qui
1344 2469 1380 2503 in
1407 2467 1523 2503 aliena
1547 2466 1706 2513 paroecia
1724 2477 1773 2501 sa-

995 2517 1201 2557 tisteoerint,
1229 2521 1351 2552 curent
1383 2515 1560 2561 proprium
1584 2513 1772 2560 parochum

995 2564 1037 2599 de
1051 2563 1240 2609 adimpleto
1256 2567 1436 2609 praecepto
1451 2562 1631 2597 certiorem
1648 2562 1770 2596 facere.

1043 2614 1062 2652 ξ
1090 2611 1121 2645 4.
1151 2611 1375 2656 Praeceptum
1412 2609 1585 2655 paschalis
1619 2619 1776 2643 commu-

997 2658 1114 2693 nionis
1140 2658 1254 2693 adbuc
1282 2662 1392 2702 urget,
1420 2656 1447 2691 si
1474 2656 1553 2702 quis
1572 2656 1658 2691 illud
1677 2665 1774 2701 prae-

997 2705 1126 2751 scripto
1154 2710 1319 2751 tempore,
1346 2704 1469 2750 quavis
1495 2703 1537 2739 de
1562 2713 1680 2744 causa,
1701 2712 1772 2737 non

998 2752 1205 2798 impleverit.

1047 2799 1130 2835 CAN.
1160 2797 1240 2833 860.
1265 2819 1280 2824 -
1302 2797 1478 2843 Obligatio
1498 2796 1668 2843 praecepti
1682 2806 1776 2831 com·

1000 2847 1178 2882 munionis
1216 2845 1415 2886 sumendae,
1456 2855 1544 2890 quae
1577 2843 1777 2890 impuberes
