1971 3261
173 126 242 161 356
575 124 660 158 Liss.
689 123 760 157 III.
791 142 802 148 -
830 123 940 158 PARS
989 149 994 156 .
1025 143 1038 148 -
1064 123 1121 158 De
1146 123 1411 158 &loramentis
1523 122 1617 159 Gan.
1644 122 1805 158 949-950

178 256 260 300 quo
293 245 433 298 scripti
469 246 563 285 sunt
595 242 832 297 exorcismi,
866 242 985 283 cuius
1021 239 1111 283 loco
1146 240 1250 284 tradi
1287 243 1418 296 potest
1455 239 1707 294 Pontificale,
1742 240 1806 283 vel

178 313 352 368 Missale,
387 325 511 370 quem
554 324 675 354 manu
716 313 886 354 dextera
936 310 1087 367 singuli
1138 315 1325 367 tangunt,
1376 310 1575 355 Pontifice
1620 311 1806 354 dicente:

183 400 199 424 (ι
222 384 410 439 Accipite
453 388 493 425 et
537 382 829 426 commendate
874 384 1116 433 memoriae,
1149 386 1186 424 et
1222 381 1370 425 habete
1405 385 1646 437 potestatem
1680 384 1809 438 impo-

178 455 300 498 nendi
338 466 483 497 manus
515 466 640 510 super
679 465 1011 508 energumenos3
1058 454 1147 495 sive
1195 451 1433 508 baptizatos,
1479 454 1568 495 sive
1614 451 1807 495 catechu-

179 538 378 568 menos».
427 521 708 581 Officiumque
756 525 938 579 ipsorum
974 528 1056 566 est:
1097 538 1115 563 (‹
1138 527 1178 566 ut
1211 525 1291 566 sint
1323 522 1560 579 spirituales
1592 525 1811 579 imperato·

180 609 258 647 res,
292 595 341 638 ad
376 595 633 638 abiiciendos
667 594 892 637 daemones
925 594 976 636 de
1024 593 1269 649 corporibus
1315 593 1506 646 obsessis,
1554 606 1647 636 cum
1696 595 1806 636 omni

179 668 361 723 nequitia
397 679 541 709 eorum
577 664 882 708 multiformi».
917 664 1051 721 (Pont.
1085 663 1222 721 Rom.)
1264 660 1519 707 Penultimus
1550 664 1651 706 ordo
1677 665 1810 706 minor

179 742 240 780 est
273 737 312 793 c)
347 736 593 787 lectoratus,
625 738 695 794 qui
731 736 854 779 datur
886 735 1053 791 quando
1101 735 1324 778 «Pontitex
1367 735 1490 778 tradit
1531 734 1809 790 (ordinandis)

180 807 384 858 codicem,
417 807 467 849 de
502 820 584 863 quo
619 806 763 849 lecturi
799 810 907 860 sunt,
930 818 1053 862 quem
1091 817 1212 848 manu
1238 805 1409 848 dextera
1434 809 1620 861 tangunt,
1642 804 1807 847 dicens:

184 880 432 934 «Accipite,
455 882 495 920 et
518 882 647 920 estote
675 877 790 920 verbi
815 875 887 919 Dei
916 876 1155 920 relatores...
1180 881 1258 920 etc.
1277 891 1315 918 ».
1340 873 1534 919 Officium
1569 877 1627 918 sic
1660 887 1680 917 a
1709 875 1807 917 Pon-

179 948 289 991 titice
334 947 529 991 docetur:
581 963 603 988 «
626 946 839 990 Lectorem
885 946 1089 1003 siquidem
1125 950 1283 1002 oportet
1319 946 1456 1001 legere
1489 958 1551 1000 ea,
1583 957 1689 1002 quae
1722 944 1806 1002 (vel

178 1020 232 1071 ei,
263 1017 351 1075 qui)
388 1019 613 1075 praedicat,
648 1023 687 1061 et
722 1018 922 1061 lectiones
962 1021 1143 1072 cantare,
1193 1022 1233 1060 et
1281 1016 1527 1060 benedicere
1576 1028 1720 1072 panem
1770 1019 1808 1058 et

178 1102 321 1132 omnes
356 1090 514 1133 fructus
549 1102 679 1132 novos
696 1104 735 1133 )).
770 1088 948 1133 Ultimus
983 1092 1222 1131 recensetur
1255 1090 1293 1130 in
1328 1099 1485 1130 canone
1532 1087 1632 1129 ordo
1676 1088 1809 1128 minor

179 1159 222 1216 d)
257 1160 510 1203 ostt‘ariatus
544 1159 734 1215 collatus,
768 1159 866 1202 dum
909 1174 928 1200 ((
949 1159 1133 1202 Pontifex
1171 1159 1293 1201 tradit
1344 1157 1622 1214 (ordinandis)
1669 1157 1810 1200 claves

179 1231 404 1286 Ecclesiae,
439 1244 542 1288 quas
574 1233 813 1274 successive
848 1243 971 1273 manu
1006 1230 1178 1273 dextera
1212 1229 1363 1285 singuli
1398 1234 1583 1285 tangunt,
1615 1228 1808 1271 Pontitice

180 1303 363 1345 dicente:
394 1318 411 1342 «
433 1303 498 1345 Sic
523 1304 645 1358 agite,
668 1303 785 1358 quasi
811 1301 1013 1344 reddituri
1040 1300 1123 1343 Deo
1149 1302 1350 1343 rationem
1376 1313 1448 1356 pro
1473 1301 1521 1343 iis
1544 1298 1679 1351 rebuS,
1703 1311 1809 1355 quae

181 1373 244 1416 lJis
267 1373 456 1416 clavibus
481 1373 753 1416 recluduntur
771 1389 817 1414 )).,
838 1374 908 1415 His
931 1372 1110 1415 edocens
1132 1374 1190 1414 sic
1225 1371 1419 1414 admonet
1453 1368 1663 1414 Ordinans
1696 1371 1808 1412 iuxta

182 1444 294 1488 Pont.
331 1444 447 1488 Rom.
489 1441 756 1488 «Ostiarium
793 1447 954 1499 oportet
989 1447 1206 1499 percutere
1255 1441 1510 1498 cymbalum,
1557 1446 1596 1483 et
1643 1453 1809 1496 campa-

181 1527 290 1569 nam,
325 1518 488 1570 aperire
522 1514 750 1557 Ecclesiam
786 1519 823 1557 et
859 1515 1087 1557 sacrarium
1114 1518 1152 1555 et
1177 1512 1327 1556 librum
1353 1514 1516 1568 aperire
1539 1515 1574 1554 ei
1599 1514 1666 1568 qui
1694 1523 1810 1567 prae-

181 1586 289 1629 dicat
316 1602 353 1627 )).

301 1657 399 1699 296.
414 1659 630 1703 Aliorum
644 1659 911 1702 verborum
926 1657 1165 1701 canonica
1182 1656 1500 1711 significatio.
1515 1680 1565 1683 —
1586 1653 1685 1695 Can.
1699 1654 1806 1696 950.

181 1726 227 1769 In
263 1727 355 1770 iure
387 1727 562 1771 scilicet:
598 1730 768 1782 scripto,
803 1726 976 1782 proinde
1010 1729 1049 1768 in
1085 1730 1166 1768 toto
1217 1724 1367 1768 Codice
1416 1738 1464 1768 ac
1513 1723 1809 1780 posterioribus

182 1797 355 1853 legibus,
379 1802 444 1842 cui
470 1803 701 1855 opportune
726 1798 775 1841 ad
803 1802 982 1840 mentem
1009 1796 1256 1852 legislatoris
1289 1797 1649 1839 conformarentur
1671 1800 1807 1837 cetera

182 1869 462 1912 Praelatorum
498 1882 546 1912 ac
579 1869 789 1912 Romanae
822 1866 970 1911 Curiae
1014 1867 1277 1920 documenta,
1326 1865 1447 1908 verba
1495 1865 1657 1922 singula
1702 1877 1808 1922 quae

180 1946 432 1996 sequuntur:
467 1939 682 1994 ordinare,
708 1939 932 1995 designans
957 1940 1161 1981 actionem
1187 1951 1280 1980 cum
1309 1937 1505 1980 relatione
1528 1937 1578 1980 ad
1602 1939 1806 1991 agentem,

181 2011 296 2054 ordo.
331 2025 402 2054 scu
438 2013 603 2068 proprie
637 2011 808 2053 effectus
844 2009 952 2052 illius
975 2010 1163 2061 actionis,
1186 2007 1416 2062 ordinatio,
1450 2008 1689 2064 significans
1717 2019 1806 2063 pro-

184 2084 271 2137 prie
305 2081 566 2125 collationem
602 2083 905 2138 cuiuscumque
941 2080 1098 2122 ordinis
1123 2081 1160 2121 in
1186 2093 1227 2122 se
1252 2079 1572 2132 consideratam,
1595 2091 1718 2120 sacra
1742 2090 1807 2120 or-

181 2151 360 2195 dinatio.
394 2154 490 2209 quia
524 2156 833 2195 sacramentum
867 2155 927 2193 est
959 2155 1028 2193 aut
1051 2149 1364 2204 sacramentale,
1391 2150 1693 2205 significatione
1716 2149 1810 2190 iuri-

181 2223 271 2265 dica
307 2228 346 2266 et
378 2222 563 2279 generali
599 2225 654 2265 uti
690 2224 995 2278 exprimuntur,
1030 2218 1398 2278 eompreltendmzl,
1434 2220 1472 2275 a)
1507 2224 1679 2277 praeter
1720 2232 1810 2261 eon-

181 2297 457 2336 seerrm'owem
491 2292 766 2350 episcopalem
804 2305 974 2348 nempe:
1010 2291 1183 2334 relative
1217 2290 1267 2334 ad
1291 2291 1529 2346 supradicta
1556 2289 1698 2344 verba,
1723 2294 1805 2332 tum

181 2367 385 2407 actionem
421 2364 659 2407 conferendi
693 2363 914 2407 sacerdotii
953 2361 1268 2418 plenitudinem,
1294 2366 1378 2404 tum
1403 2361 1593 2404 eflectum
1618 2360 1806 2403 relictum

181 2448 232 2478 ex
266 2434 334 2478 tali
369 2437 544 2488 actione,
579 2433 620 2491 b)
657 2433 828 2477 ordines
861 2438 1127 2476 enumeratos
1162 2433 1338 2488 propriis
1372 2430 1609 2474 nominibus
1650 2435 1806 2486 septem

180 2505 225 2547 in
258 2519 348 2547 can.
382 2508 488 2559 949,
525 2505 563 2561 c)
601 2510 638 2547 el
674 2505 806 2562 ipsam
839 2504 1023 2560 primam
1059 2507 1291 2557 tonsuram,
1327 2514 1433 2559 quae
1467 2502 1568 2545 ordo
1612 2514 1690 2544 non
1735 2505 1807 2551 est,

179 2575 251 2619 sed
287 2578 547 2632 praeparatio
581 2576 629 2618 ad
666 2575 846 2628 ordines,
880 2587 1011 2632 eaque
1044 2573 1255 2617 confertur
1289 2586 1360 2628 per
1408 2574 1638 2616 tonsionem
1681 2571 1806 2628 capil-

182 2646 314 2689 lorum
364 2653 402 2689 et
449 2645 737 2702 superpellicei
789 2645 1067 2698 traditionem,
1113 2644 1212 2686 dnm
1252 2643 1477 2686 «Pontifex
1510 2642 1680 2686 cuilibet
1712 2655 1805 2685 cum

180 2718 387 2771 tondetur,
423 2717 543 2760 dicit:
581 2716 780 2759 Dominus
813 2729 907 2772 pars
940 2715 1209 2758 haereditatis
1244 2727 1373 2769 meae,
1399 2719 1437 2757 et
1472 2713 1614 2757 calicis
1638 2714 1738 2755 mei:
1766 2717 1807 2755 tu

182 2801 225 2831 es
257 2791 326 2843 qui
363 2790 552 2831 restitues
586 2787 885 2830 haereditatem
919 2799 1051 2829 meam
1088 2784 1211 2840 milii3
1247 2790 1370 2842 atque
1403 2785 1501 2828 dum
1537 2785 1709 2840 imponit
1741 2797 1808 2826 su·

182 2859 476 2915 perpelliceum
511 2859 629 2901 dicit:
667 2857 811 2901 lnduat
859 2863 896 2900 te
944 2856 1142 2899 Dominus
1188 2868 1342 2898 novum
1385 2855 1594 2898 bominem
1636 2856 1705 2911 qui
1745 2867 1805 2898 se-
