1971 3261
193 166 213 197 4
779 160 863 194 Lm.
890 161 960 194 III.
991 181 1002 186 -
1031 160 1086 195 De
1111 162 1224 195 rebus
1619 160 1713 196 Can.
1743 160 1809 195 727

194 284 403 324 {ninantur
435 281 543 323 tiiezi
577 279 827 335 discipulum
863 278 1024 332 Elisaei‚
1059 278 1109 321 de
1152 290 1234 334 quo
1269 277 1466 332 legitur-¹,
1509 278 1617 335 quod
1652 280 1809 335 accepit

192 354 405 408 pecuniam
441 363 460 392 a
498 350 656 405 leproso
692 349 910 401 mundato;
947 347 1616 403 undevenditoresspiritualium
1642 353 1810 406 possunt
1873 378 1878 383 -

191 422 269 464 <lici
305 433 380 463 non
415 420 545 463 solum
580 421 815 473 Simoniaci,
849 418 919 461 sed
954 420 1076 461 etiam
1119 416 1298 461 Giezitae
1321 432 1342 458 n
1366 416 1394 459 ².
1441 442 1493 448 —
1542 418 1737 475 Sequitur
1770 421 1809 462 in

191 504 344 534 canone
397 503 474 546 pro
504 488 641 546 prelio
677 487 911 544 lenzporal1'‚
945 487 1053 544 quod
1094 489 1152 530 sic
1195 487 1443 542 dispescitur
1485 487 1536 531 ab
1578 487 1744 531 Urbano
1778 487 1809 531 ll

192 573 290 616 papa
321 562 357 601 ⁴³:
399 559 632 613 «Quisquis
667 571 730 600 res
773 557 1074 601 ecclesiasticas
1108 569 1185 599 non
1220 556 1269 599 ad
1305 556 1414 613 quod
1461 559 1670 600 institutae
1702 562 1809 612 sunt,

189 631 257 673 sod
292 630 339 672 ad
388 630 549 684 propria
584 628 695 671 lucra
742 640 913 670 munere
957 627 1133 683 linguae,
1171 626 1235 669 vel
1280 626 1451 670 indebiti
1496 626 1693 684 obsequii,
1747 628 1808 671 vel

192 702 387 756 pecuniae
423 699 608 754 largitur,
654 697 717 740 vel
751 697 1008 753 adipiscitur,
1050 698 1302 740 simoniacus
1334 702 1452 740 est».
1485 697 1604 750 Quod
1649 699 1707 741 sic
1740 711 1811 741 ex-

192 770 364 825 plicatur
396 782 415 810 a
452 767 497 810 D.
531 767 662 811 Tb.⁴:
718 769 923 810 «nomine
974 769 1172 823 pecuniae
1221 766 1464 824 intelligitur
1510 771 1810 826 cuiuscumque

191 841 362 895 pretinm
398 838 505 894 quod
542 839 713 893 pecunia
763 838 993 880 mensurari
1039 836 1215 892 potest⁵.
1264 835 1524 881 Manifestum
1573 842 1634 882 est
1671 843 1808 882 autem

187 909 293 965 quod
328 907 571 964 obsequium
606 907 784 949 hominis
808 906 857 950 ad
893 906 1073 964 aliquam
1109 906 1326 951 utilitatem
1360 907 1589 962 ordinatur,
1613 921 1720 965 quae
1744 922 1811 965 po-

187 983 258 1021 test
297 979 425 1033 pretio
460 979 658 1033 pecuniae
691 979 923 1025 aestimari;
959 977 1068 1020 unde
1101 981 1140 1020 et
1183 980 1421 1034 pecuniaria
1457 979 1649 1023 mercede
1689 981 1806 1022 mini-

185 1051 255 1091 stri
290 1048 590 1091 conducuntur.
631 1046 678 1090 Et
713 1047 804 1090 ideo
839 1048 947 1090 idem
982 1052 1042 1091 est
1075 1048 1182 1105 quod
1217 1048 1367 1106 aliquis
1399 1048 1468 1092 det
1502 1062 1587 1092 rem
1621 1051 1811 1106 spiritua-

187 1120 262 1162 leni
299 1132 370 1174 pro
404 1118 540 1174 aliquo
574 1117 772 1175 obsequio
817 1118 1033 1174 temporali
1067 1112 1269 1162 exhibito*
1296 1119 1357 1162 vel
1402 1119 1652 1175 exhibendo,
1695 1132 1743 1164 ac
1775 1123 1807 1164 si

185 1190 298 1232 daret
333 1202 404 1244 pro
440 1191 609 1245 pecunia
644 1189 751 1243 data,
792 1188 852 1232 vel
890 1191 1105 1245 promissa,
1138 1202 1217 1247 qua
1254 1190 1351 1233 illud
1402 1189 1648 1248 obsequium
1691 1193 1810 1234 aesti-

186 1262 286 1302 mari
323 1264 467 1314 posset.
503 1259 700 1302 Similiter
738 1262 862 1303 etiam
903 1260 1011 1316 qnod
1046 1259 1195 1318 aliquis
1227 1261 1450 1304 satisfaciat
1495 1260 1687 1316 precibus
1734 1261 1805 1304 ali-

184 1333 299 1373 cuius
343 1330 390 1373 ad
429 1330 697 1385 temporalem
732 1332 907 1387 gratiam
942 1331 1238 1388 quaerendam,
1288 1332 1503 1375 ordinatur
1534 1331 1584 1375 ad
1625 1331 1805 1389 aliquam

186 1401 415 1453 utilitatem,
448 1413 553 1457 quae
588 1406 718 1457 potest
753 1404 952 1457 pecuniae
976 1404 1105 1457 pretio
1129 1404 1350 1447 aestimari.
1396 1402 1445 1445 Et
1468 1402 1560 1445 ideo
1582 1405 1687 1446 sicut
1711 1416 1806 1446 con-

184 1471 357 1513 trahitur
390 1473 562 1514 simonia
596 1472 839 1527 accipiendo
891 1474 1124 1528 pecuniam,
1171 1472 1232 1515 vel
1276 1472 1505 1530 quamlibet
1547 1473 1668 1516 aliam
1720 1486 1806 1517 rem

182 1544 428 1584 exteriorem
464 1542 587 1599 (quod
625 1544 802 1598 pertinet
838 1542 887 1586 ad
923 1556 1074 1586 munus
1097 1555 1119 1586 a
1143 1543 1309 1600 manu);
1354 1545 1408 1587 ita
1441 1545 1564 1587 etiam
1599 1544 1806 1587 contrahi-

183 1617 248 1654 tur
283 1625 353 1667 per
386 1625 535 1655 munus
567 1624 589 1655 a
634 1612 786 1669 lingua,
825 1613 887 1656 vel
932 1613 984 1657 ab
1026 1613 1280 1671 obsequio».
1307 1640 1360 1645 ——
1386 1613 1497 1658 Haec
1540 1616 1617 1658 tria
1661 1617 1699 1657 in
1739 1627 1805 1658 ca-

183 1695 287 1725 none
313 1684 481 1725 veniunt
503 1682 579 1725 sub
617 1686 791 1739 «pretio
817 1684 1092 1740 temporali»,
1131 1689 1171 1728 et
1197 1687 1385 1742 sequitur
1419 1684 1496 1729 ibi:
1531 1698 1618 1727 rem
1651 1685 1804 1728 intrin-

182 1766 269 1794 sece
300 1752 579 1809 spiritualem,
606 1767 683 1797 non
726 1754 816 1798 ideo
855 1757 951 1812 quia
992 1768 1165 1811 corpore
1204 1769 1283 1798 non
1322 1760 1492 1807 constet,
1527 1756 1598 1800 sed
1629 1758 1725 1814 quia
1764 1760 1807 1799 ut

181 1823 504 1878 supernaturalis
538 1825 827 1868 consideratur
859 1838 1124 1884 quocumque
1160 1826 1295 1880 modo,
1337 1840 1371 1869 v.
1411 1839 1478 1884 qr.
1521 1831 1804 1880 sacramenta,

181 1895 282 1935 sicut
317 1906 461 1937 causas
494 1897 666 1951 gratiae,
700 1895 1027 1938 ecclesiasticam
1070 1895 1421 1951 iurisdictionem,
1464 1901 1508 1940 ut
1550 1901 1711 1940 enatam
1754 1910 1802 1940 ex

180 1963 319 2007 dix-ina
354 1968 619 2009 concessione
653 1966 702 2009 ad
739 1966 1072 2010 aedificationem
1106 1969 1291 2024 corporis
1333 1966 1499 2022 Christi,
1531 1967 1806 2011 consecratio-

181 2048 282 2089 nem,
317 2047 396 2091 qua
440 2036 630 2079 effectum
681 2037 1008 2093 supernaturalis
1057 2040 1281 2093 potestatis,
1328 2037 1631 2095 indulyentias,
1678 2037 1803 2081 veluti

180 2106 533 2160 participationem
569 2105 750 2150 thesauri
784 2108 1112 2150 satisfactionum
1146 2106 1296 2151 Christi
1340 2112 1379 2151 et
1420 2108 1679 2163 Sanctorum,
1714 2112 1804 2162 etc,

182 2174 240 2215 rel
274 2187 359 2216 rem
393 2176 675 2233 temporalem,
712 2180 840 2233 pretio
875 2191 1024 2234 nempe
1057 2177 1372 2231 aestimabilem,
1395 2178 1460 2221 rei
1491 2177 1713 2236 spirituali
1735 2177 1804 2222 ad-

181 2257 352 2290 nemm:
384 2246 453 2288 sed
495 2246 686 2303 «aliquid
725 2252 855 2303 potest
888 2261 977 2291 esse
1001 2248 1208 2292 adnexum
1243 2248 1526 2304 spiritualibus
1558 2248 1802 2306 dupliciter:

180 2327 257 2356 nno
294 2315 413 2358 modo
436 2318 541 2359 sicut
573 2330 624 2360 ex
659 2318 947 2373 spiritualibus
980 2318 1237 2375 dependens3
1271 2321 1377 2362 sicut
1410 2318 1563 2363 habere
1602 2319 1802 2363 beneficia

178 2385 453 2428 ecclesiastica
493 2387 645 2430 dicitur
677 2388 961 2444 spiritualibus
999 2389 1221 2441 adnexum,
1254 2392 1349 2446 quia
1383 2403 1462 2433 non
1496 2392 1693 2446 competit
1726 2392 1801 2434 nisi

179 2454 340 2498 habenti
376 2457 554 2500 osticium
580 2458 796 2502 clericale:
833 2460 940 2503 unde
974 2459 1210 2503 huiusmodi
1234 2459 1346 2503 nullo
1370 2460 1492 2504 modo
1517 2465 1684 2517 possunt
1713 2474 1802 2504 esse

175 2526 260 2567 sine
294 2526 636 2581 spiritualibus».
671 2527 791 2581 Quod
828 2529 1059 2573 membrum
1095 2530 1369 2573 distinctionis
1392 2535 1453 2573 est
1485 2533 1631 2574 canoni
1660 2533 1718 2574 sic
1743 2533 1802 2574 in-

233 2682 235 2684 .
294 2655 301 2674 ¹
331 2653 385 2686 IV
412 2654 524 2699 Reg.,
564 2655 608 2689 V.
650 2677 694 2681 —
720 2658 733 2679 2
760 2658 806 2691 D.
836 2657 920 2699 Th„
950 2658 975 2692 1.
1016 2669 1047 2691 c.
1077 2658 1124 2691 ad
1149 2658 1183 2692 4.
1217 2678 1256 2682 -
1283 2659 1297 2680 3
1324 2658 1365 2693 C.
1395 2658 1588 2701 Salvator,
1626 2670 1742 2694 causa
1767 2659 1799 2698 Ι,

176 2712 209 2741 q.
241 2699 309 2732 III.
342 2700 443 2735 Hinc
471 2702 655 2737 damnata
681 2709 741 2738 est
761 2716 828 2749 per
843 2705 934 2739 Dec.
954 2705 990 2740 S.
1011 2704 1050 2739 O.
1072 2704 1109 2738 S.
1132 2704 1260 2739 Officii
1278 2706 1323 2738 ‘24
1345 2705 1449 2750 Sept.
1473 2706 1560 2740 1665
1585 2722 1599 2735 «
1616 2717 1723 2751 prop.
1744 2708 1800 2741 2⁶2.

175 2745 258 2778 Non
280 2753 337 2779 est
365 2753 500 2782 contra
528 2750 720 2784 iustitiam
749 2751 940 2785 beneficia
964 2752 1231 2786 ecclesiastica,
1255 2763 1333 2786 non
1359 2752 1533 2787 conferre
1551 2754 1677 2798 gratis
1697 2765 1750 2793 ;...
1769 2770 1802 2789 n.

178 2812 217 2815 —
245 2796 254 2813 ⁴
284 2794 315 2825 2.
347 2796 377 2829 2.
405 2807 437 2839 q.
466 2796 503 2829 C.
533 2798 615 2835 cit..
645 2802 718 2831 art.
749 2799 783 2832 5.
815 2819 857 2824 -
883 2800 896 2820 5
923 2800 957 2832 2.
986 2800 1032 2839 2.,
1062 2810 1096 2843 q.
1127 2799 1168 2833 C.
1197 2803 1270 2833 art.
1299 2801 1362 2833 11:
1387 2800 1496 2834 «Per
1513 2801 1721 2844 pecuniam
1740 2812 1803 2834 au-

177 2842 253 2871 tem
283 2840 525 2886 intelligitur
551 2855 664 2878 omne
691 2845 791 2879 illud
819 2846 931 2879 euius
955 2846 1126 2890 pretium
1153 2850 1284 2890 potest
1309 2847 1476 2891 pecunia
1501 2847 1715 2888 aestimari,
1755 2852 1801 2881 ut

175 2885 436 2930 Philosophus
464 2889 559 2923 dicit
587 2892 746 2935 (Miltia,
776 2892 857 2935 lib.‚
885 2894 919 2934 4,
944 2904 1028 2937 cap.
1059 2893 1087 2934 1,
1113 2893 1215 2927 eirea
1240 2893 1381 2938 princ)
1403 2907 1434 2928 ».
