1971 3261
199 193 269 228 472
607 191 691 226 LIB.
717 191 788 224 III.
818 211 830 216 -
852 191 962 225 PARS
987 190 1019 224 I.
1048 209 1063 216 -
1087 189 1146 224 De
1171 189 1438 225 Sacramentis
1508 189 1601 225 Can.
1629 189 1834 224 1002-1003

196 312 296 347 detur
321 311 529 357 respondere
555 310 659 355 (sicut
687 309 850 356 patebit):
877 309 936 344 sed
963 309 1032 344 dic.
1061 308 1153 355 quod
1172 314 1362 355 antequam
1390 309 1619 355 suppleantur
1636 308 1831 356 supplenda,

197 370 395 405 ministrare
420 380 489 405 non
519 369 669 404 debet».
699 368 922 414 Prosequitur
949 366 983 403 S.
1022 368 1201 403 Pontifex:
1233 367 1308 403 «Et
1342 368 1370 403 si
1405 368 1682 403 confirmationis
1718 378 1828 404 sacra—

195 433 350 464 mentum
380 428 415 462 in
442 438 481 463 eo
506 427 630 463 debeat
656 427 786 468 iterari,
804 426 863 473 qui
890 438 1041 462 errorem
1071 427 1134 462 fuit
1160 437 1233 462 non
1251 426 1452 470 chrismate,
1482 427 1540 462 sed
1559 426 1633 462 oleo
1651 426 1830 468 delinitus,

194 488 244 523 Ad
272 487 361 533 quod
391 487 540 523 breviter
566 487 730 522 duximus
757 486 1054 532 respondendum,
1081 486 1171 532 quod
1199 486 1236 520 in
1262 486 1392 522 talibus
1418 497 1489 521 non
1516 490 1568 521 est
1602 485 1738 532 aliquid
1773 486 1832 522 ite—

193 547 355 587 randum,
386 546 443 582 sed
471 550 570 581 caute
595 545 847 592 supplendum,
877 545 968 591 quod
996 545 1135 581 incaute
1163 545 1273 581 fuerat
1305 545 1590 592 praetermissum
1613 559 1626 577 >)
1659 544 1756 588 Quae
1782 555 1831 580 re-

191 606 273 651 gula
298 610 349 641 est
374 605 507 651 optima
534 605 570 639 in
597 616 633 640 re
659 604 920 640 sacramentali.
950 604 1046 639 quta
1072 615 1193 650 quam,
1221 615 1260 640 eo
1286 604 1377 650 quod
1416 604 1626 645 balsamum,
1662 604 1752 650 quod
1792 603 1829 638 in

190 665 379 699 chrismate
404 664 478 700 oleo
503 664 710 700 adiunctum
738 668 802 706 est.
830 663 875 698 sit
902 663 1118 710 probabilius
1143 663 1186 698 de
1221 663 1426 699 necessitate
1459 663 1670 699 sacramenti
1706 662 1830 698 confir-

194 723 369 767 mationis,
400 723 463 758 hoc
488 728 577 758 esset
602 723 667 758 sub
693 722 896 758 conditione
921 722 1172 758 conferendum
1196 733 1275 757 cum
1303 722 1491 757 chrismate
1517 722 1552 756 in
1580 732 1661 757 casu
1688 721 1826 768 capitis.

192 782 369 829 Impositio
396 793 474 818 vero
502 793 626 817 manus
655 781 695 826 (si
725 792 813 828 quae
841 781 963 817 fuisset
990 781 1025 815 in
1047 780 1300 816 subdiaconatu
1320 781 1543 826 conferendo)
1565 792 1644 816 cum
1663 780 1708 815 sit
1726 791 1830 826 quae-

192 843 272 879 dam
300 841 496 878 benedictio
521 840 760 882 accidentalis,
787 851 858 876 non
886 840 1020 885 indiget
1048 844 1084 875 ut
1110 839 1325 886 suppleatur.

286 901 324 936 In
351 912 379 936 c.
407 900 425 935 3
453 900 608 935 eiusdem
644 900 697 934 tit.
723 899 852 935 dicitur
877 911 896 934 a
923 898 1015 944 Greg
1056 898 1121 934 IX:
1153 913 1167 931 «
1190 898 1375 946 Presbyter
1405 903 1439 935 et
1467 898 1640 934 Diaconus
1665 909 1745 934 cum
1776 909 1829 934 01·-

190 960 371 1001 dinautur,
402 970 528 995 manus
555 959 814 1005 impositionem
841 962 935 994 tactu
961 958 1130 1005 corporali
1161 958 1245 1003 (ritu
1273 958 1317 993 ab
1346 957 1525 1004 Apostolis
1552 958 1763 1002 introducto)
1782 969 1831 993 re-

190 1020 339 1066 cipiunt,
368 1019 459 1065 quod
487 1019 513 1053 si
551 1019 719 1054 omissum
761 1017 876 1061 fuerit,
917 1028 987 1053 non
1022 1022 1074 1053 est
1113 1017 1339 1064 aliquatenus
1366 1017 1578 1059 iterandum,
1605 1017 1662 1052 sed
1701 1022 1830 1053 statuto

189 1084 343 1125 tempore
369 1078 410 1113 ad
439 1077 636 1114 huiusmodi
665 1077 807 1113 ordines
833 1077 1076 1118 conferendos,
1106 1076 1174 1120 (vel
1203 1077 1351 1112 melius:
1378 1076 1486 1112 altero
1512 1077 1567 1112 die
1593 1087 1633 1112 ex
1664 1075 1700 1112 S.
1730 1075 1830 1112 Sedis

187 1138 410 1173 concessione
435 1142 539 1182 atque
564 1136 723 1181 occulte),
745 1140 844 1171 caute
870 1135 1122 1182 supplendum,
1141 1135 1232 1181 quod
1266 1146 1324 1181 per
1351 1146 1502 1171 errorem
1543 1135 1655 1171 extitit
1684 1140 1829 1181 praeter-

191 1197 349 1232 missum.
375 1195 566 1242 Suspensio
601 1200 718 1231 autem
748 1206 917 1230 manuum
950 1195 1052 1230 debet
1080 1194 1168 1236 fieri,
1193 1205 1274 1229 cum
1305 1194 1414 1230 oratio
1441 1205 1544 1241 super
1583 1200 1688 1241 caput
1720 1195 1828 1229 effun-

188 1255 282 1291 ditur
311 1255 550 1290 ordinandi».
588 1254 837 1300 Relinquimus
872 1254 1022 1289 libenter
1053 1253 1220 1298 theologis
1254 1253 1488 1289 determinare
1524 1253 1630 1299 (quod
1668 1253 1826 1289 nondum

188 1315 337 1360 perfecte
365 1315 493 1350 factum
520 1317 598 1357 est),
624 1318 657 1348 et
684 1313 766 1360 quid
799 1325 839 1349 ex
869 1312 1053 1360 praedictis
1081 1312 1307 1359 probabiliter
1333 1313 1376 1348 ad
1404 1312 1590 1348 validatem
1618 1313 1740 1348 barum
1776 1324 1828 1348 or—

187 1374 409 1410 dinationum
438 1373 621 1420 pertineat,
658 1373 871 1419 proindeque
897 1372 1039 1408 omissio
1064 1372 1273 1408 secumferat
1302 1372 1551 1417 obligationem
1587 1372 1735 1407 iterandi
1763 1372 1828 1407 sub

187 1433 391 1469 conditione
416 1433 677 1468 ordinationem
705 1433 832 1478 ipsam.

309 1516 405 1560 384.
444 1518 718 1572 Praecipua
740 1517 788 1560 in
812 1529 959 1562 sacra
981 1517 1298 1561 ordinatione
1320 1529 1439 1572 pars
1462 1518 1661 1572 praeter
1694 1516 1822 1561 illius

188 1589 517 1634 substantiam
551 1586 841 1630 consideratur
860 1587 898 1628 in
919 1599 1008 1628 can.
1032 1586 1163 1628 1003.
1200 1583 1334 1628 Missa
1357 1584 1398 1642 a)
1422 1584 1710 1628 ordz'mtlionis
1735 1598 1825 1642 pro-

188 1657 492 1701 movendorum
527 1656 673 1701 saltem
707 1656 757 1700 ad
792 1656 960 1700 ordines
995 1658 1185 1710 maiores,
1211 1668 1305 1699 nam
1334 1655 1445 1699 Pont.
1472 1655 1588 1700 Rom.
1614 1655 1739 1699 habet
1763 1669 1827 1699 ru-

188 1727 368 1772 bricam:
408 1728 628 1783 «Quando
679 1727 864 1770 Pontifex
909 1731 1026 1770 exlra
1076 1725 1292 1769 Missarum
1327 1726 1529 1769 solemnia
1565 1731 1625 1769 est
1662 1739 1824 1782 promo-

188 1804 304 1843 turus
336 1801 515 1857 aliquem
549 1799 599 1842 ad
627 1800 801 1855 primam
839 1802 1066 1852 tonsuram,
1102 1797 1164 1840 vel
1190 1797 1240 1840 ad
1275 1801 1454 1854 quatuor
1489 1799 1669 1840 minores
1701 1794 1823 1841 Ordi-

185 1883 258 1914 nes
280 1886 319 1925 »3
355 1870 423 1913 illa
457 1883 557 1914 vero
593 1872 735 1912 intime
769 1870 1035 1926 coniungitur
1068 1881 1161 1912 cum
1198 1868 1458 1911 ordinatione
1494 1870 1531 1910 in
1556 1870 1685 1911 sacris
1711 1869 1823 1911 iuxta

186 1939 299 1984 Pont.
334 1940 465 1984 Rom:
490 1939 553 1983 vel
580 1939 740 1983 «Missa
765 1955 786 1980 ›>
817 1938 858 1996 b)
883 1938 1214 1982 consecrationis
1237 1937 1491 1996 episcopalis
1516 1942 1688 1994 propter
1711 1950 1824 1982 eam·

185 2012 278 2055 dem
313 2024 480 2054 causam
514 2024 677 2068 semper
709 2009 826 2053 debet
859 2009 910 2053 ab
944 2011 1120 2066 ipsomet
1153 2008 1194 2065 a)
1228 2007 1616 2063 ordinacionisyvel
1651 2008 1694 2065 b)
1730 2022 1823 2052 eon-

183 2081 435 2125 seerati'onis
479 2081 689 2134 mim'stro,
737 2083 992 2138 quicumque
1043 2080 1109 2123 ille
1143 2082 1208 2134 sit,
1243 2078 1462 2124 celebrari.
1498 2078 1581 2122 Nec
1617 2078 1821 2123 indultum

187 2151 262 2195 bac
297 2154 334 2195 in
370 2165 413 2195 re
447 2152 705 2206 conceditur,
739 2164 859 2194 secus
894 2153 931 2193 in
972 2150 1255 2194 Ecclesiarum
1290 2151 1603 2193 consecratione
1636 2163 1709 2206 pro
1743 2162 1823 2207 qua

184 2227 244 2265 est
278 2225 390 2265 iuxta
424 2222 634 2265 Benedict.
672 2221 761 2265 XlV
797 2224 1076 2265 necessarium
1102 2223 1178 2264 nisi
1214 2225 1377 2277 praeter
1411 2222 1716 2275 praevisionem
1754 2222 1824 2263 mi-

184 2294 313 2336 nister
349 2292 468 2335 valde
503 2293 621 2335 fuerit
657 2292 920 2348 defatigatus.

302 2363 399 2407 385.
435 2364 508 2409 De
531 2365 653 2409 ritus
677 2365 947 2408 mutatione
965 2364 1012 2407 in
1032 2363 1360 2419 suscipiendis
1384 2363 1651 2407 ordinibus.
1673 2386 1730 2391 —
1748 2360 1820 2404 Be-

184 2433 373 2476 nedictus
387 2432 475 2475 XlV
499 2435 537 2475 in
557 2438 687 2476 const.
712 2432 828 2476 «Etsi
851 2432 1099 2489 pastoralis»
1120 2445 1193 2489 pro
1216 2431 1508 2475 Italo-Graecis
1533 2431 1561 2489 ξ
1580 2429 1650 2473 Vll
1682 2444 1720 2473 n.
1739 2429 1785 2473 Vl
1806 2430 1819 2453 ¹

178 2505 342 2547 statuit:
384 2502 612 2559 «Episcopi
647 2502 795 2546 Graeci
831 2505 868 2546 in
894 2502 1111 2547 ordinibus
1145 2502 1411 2546 conferendis
1445 2504 1569 2545 ritum
1604 2503 1816 2558 proprium

176 2572 380 2617 Graecum
418 2576 455 2616 in
490 2573 747 2630 Eucllologio
782 2574 1039 2630 descriptum
1072 2577 1253 2627 servent,
1276 2572 1404 2630 (quod
1432 2574 1732 2628 praescriptum
1757 2574 1819 2614 est

177 2658 341 2702 quoque
377 2647 413 2687 in
450 2657 539 2687 can.
579 2644 721 2700 1002),
758 2647 795 2687 in
831 2658 926 2702 quo,
952 2646 1025 2687 etsi
1046 2643 1232 2687 nonnulli
1257 2643 1309 2686 de
1334 2642 1561 2686 Minoribus
1585 2640 1817 2687 Ordinibus

179 2717 457 2772 praetermissi
487 2715 721 2769 videantur,
741 2729 811 2758 eos
831 2720 966 2758 tamen
995 2715 1058 2758 vel
1083 2727 1312 2772 numquam
1338 2713 1544 2769 habuisse,
1584 2713 1646 2756 vel
1671 2726 1815 2756 eorum

176 2787 424 2829 exercitium
458 2785 549 2828 aliis
582 2785 797 2829 ordinibus
831 2799 920 2829 esse
953 2785 1162 2828 adnexum
1199 2785 1322 2828 intem
1357 2783 1503 2828 Graeci
1537 2783 1746 2827 affirmant
1768 2798 1808 2826 ›>.

303 2938 313 2959 1
340 2937 385 2970 26
413 2937 506 2971 Maii
534 2937 636 2973 1742.

1969 789 1971 801 ζ
1959 574 1971 774 ικὼῴἷιί..

1970 1041 1971 1047 ᾼ
1964 990 1967 993 -
1965 890 1971 972 ..a-..¹-
1960 850 1971 886 2¹..-
1959 820 1971 844 ‘.;.

1962 1199 1971 1273 i
