1971 3261
155 144 224 178 602
556 142 640 176 Ltss.
666 141 736 176 III.
762 161 774 169 ·
802 142 912 176 PARS
939 143 967 177 I.
992 162 1005 167 -
1030 142 1088 177 De
1111 142 1378 177 Sacramentis
1455 141 1548 177 Can.
1577 136 1779 178 1081-10'82

155 261 425 305 coniunctionis,
454 260 614 306 quamvis
640 261 684 295 sit
714 260 896 306 multiplex
934 272 973 296 ex
1014 265 1110 307 parte
1145 260 1454 297 consentientium.
1484 261 1552 296 Nec
1576 265 1627 296 est
1652 261 1780 297 directe

155 331 345 356 consensus
373 320 408 354 in
436 319 562 361 virum,
589 319 646 355 sed
675 319 710 354 in
737 319 1021 355 coniunctionem
1048 319 1090 354 ad
1117 320 1231 354 virum
1268 330 1308 355 ex
1337 324 1432 365 parte
1470 320 1599 362 uxoris,
1627 324 1660 355 et
1685 320 1781 355 simi-

156 380 232 415 liter
258 390 295 414 ex
326 383 421 424 parte
449 378 510 413 viri
538 383 589 414 est
614 389 806 413 consensus
833 378 868 412 in
896 378 1181 414 coniunctionem
1208 378 1251 414 ad
1280 389 1420 414 uxorem
1438 391 1472 413 ».

277 475 372 517 481.
395 476 622 531 Cognitio
641 476 705 519 ad
728 474 1135 520 matrimonialem
1160 487 1451 520 consensum
1480 476 1782 520 necessaria.

159 571 209 577 —
244 544 345 589 Cum
380 558 606 588 consensus
637 547 696 588 sic
719 544 949 601 explicatus
973 543 1122 588 debeat
1144 557 1233 587 esse
1257 543 1363 586 liber
1394 548 1511 587 actus
1548 544 1784 590 voluntatis

157 619 226 674 qui
260 614 605 659 deliberationem
641 615 874 658 intellectus
906 615 958 658 de
1000 614 1162 658 obiecto
1212 617 1339 671 ipsius
1385 620 1584 672 sequatur
1619 627 1784 657 necesse

158 692 231 737 est,
268 699 395 743 prono
445 686 534 729 tluit
580 685 701 729 alveo
749 686 944 729 eumdem
992 698 1239 729 consensum
1292 687 1426 728 vitiari
1460 684 1786 742 substantialiter

157 757 293 815 quoad
326 756 685 812 deliberationem,
717 759 748 799 si
783 756 990 800 obiectum
1042 755 1140 799 illud
1190 758 1416 812 ignoretur,
1454 755 1518 799 vel
1552 755 1786 799 deliberans

158 841 299 872 errore
332 829 510 871 ducatur
542 830 652 871 circa
688 827 811 881 illud,
848 826 1080 870 libertatem
1118 840 1215 869 vero
1243 830 1360 870 actus
1384 828 1529 883 perimi
1565 839 1682 882 posse
1716 838 1787 881 per

162 901 244 941 vim
279 903 319 942 et
352 902 522 941 metum.
557 897 779 955 Expressio
815 911 914 941 vero
962 910 1188 941 consensus
1237 902 1368 953 potest
1401 910 1503 952 esse,
1538 897 1786 954 quandoque

159 970 268 1025 ficta,
304 972 452 1022 iocosa,
475 968 681 1022 simulata,
707 969 926 1012 deficiente
959 967 1041 1023 illo,
1075 968 1326 1025 quandoque
1360 981 1438 1011 non
1472 968 1705 1021 sufficiens,
1739 979 1786 1010 ac

159 1040 339 1097 denique
372 1053 466 1083 cum
502 1039 623 1082 homo
657 1038 828 1094 alligare
867 1043 992 1096 queat
1038 1051 1158 1081 suum
1208 1051 1454 1081 consensum
1489 1037 1610 1081 alicui
1645 1037 1785 1080 condi-

160 1112 272 1166 tioni,
308 1109 402 1153 binc
434 1110 613 1153 delicere
648 1111 796 1166 poterit
829 1121 1055 1152 consensus
1079 1111 1164 1164 ipse
1187 1121 1266 1165 qua
1291 1108 1437 1151 efficax
1462 1121 1510 1151 ex
1547 1110 1673 1164 ipsius
1696 1120 1787 1151 con·
1960 1114 1971 1157 ἕ

159 1181 326 1224 ditionis
359 1181 523 1223 defectu
556 1182 645 1223 sive
677 1180 813 1237 quoad
847 1181 1040 1236 seipsam,
1074 1181 1163 1222 sive
1198 1179 1332 1236 quoad
1368 1183 1580 1222 eventum.
1614 1177 1674 1222 De
1706 1180 1786 1220 sin·
1970 1187 1971 1191 ’

160 1251 268 1308 gulis
300 1265 372 1308 per
405 1251 607 1294 ordinem.

278 1320 421 1375 Quoad
458 1323 734 1379 ignorantiam
768 1321 916 1365 obiecti
952 1334 1177 1365 consensus
1212 1320 1542 1375 matrimonialis,
1573 1320 1676 1364 baec
1709 1332 1791 1363 am-

163 1393 280 1450 pliori
313 1407 435 1437 sensu
473 1393 712 1436 verificatur
734 1395 857 1435 etiam
894 1394 932 1435 in
959 1392 1033 1447 bis,
1058 1394 1127 1449 qui
1152 1405 1228 1435 usu
1254 1393 1424 1434 rationis
1446 1395 1601 1435 carent.
1636 1390 1694 1434 Ex
1720 1402 1789 1433 na-

161 1469 251 1508 tura
288 1466 343 1507 rei
378 1464 427 1507 ad
466 1465 714 1506 matrimonii
754 1463 1008 1506 validitatem
1042 1462 1194 1505 sufficit
1226 1464 1407 1518 cognitio
1441 1461 1545 1515 talis,
1578 1474 1688 1519 qnae
1721 1462 1792 1503 im-

162 1535 300 1592 plicite
333 1538 542 1578 contineat
573 1534 845 1578 substantiam
881 1539 920 1576 et
954 1535 1225 1590 proprietates
1272 1537 1402 1576 status
1448 1533 1715 1587 matrimonii,
1751 1535 1792 1574 ut

164 1606 355 1649 voluntas
389 1608 426 1648 in
462 1605 671 1648 obiectum
703 1607 762 1648 sic
794 1606 1006 1660 cognitum
1032 1604 1126 1647 ferri
1164 1605 1302 1660 possit.
1336 1602 1453 1648 Unde
1475 1605 1544 1660 qui
1580 1603 1792 1659 cognoscit

164 1679 473 1720 matrimonium
507 1689 595 1719 esse
634 1677 708 1718 viri
743 1688 790 1719 ac
825 1675 1011 1718 mulieris
1054 1677 1307 1718 consortium
1357 1674 1406 1717 ad
1443 1673 1655 1717 habendos
1688 1672 1794 1716 filios

162 1747 412 1802 ordinatum,
447 1747 701 1790 sufficienter
724 1751 784 1789 est
809 1748 1046 1799 instructus,
1081 1747 1155 1788 etsi
1192 1745 1359 1788 modum
1394 1758 1476 1802 quo
1505 1745 1575 1788 liat
1608 1747 1792 1800 ignoret:

163 1820 233 1875 qui
270 1820 577 1861 matrimonium
608 1819 821 1873 cognoscit
844 1822 1057 1875 tamquam
1081 1818 1311 1859 institutum
1336 1828 1358 1859 3
1384 1815 1572 1870 Domino,
1596 1814 1794 1871 implicito
1966 1817 1971 1865 l

164 1889 344 1933 admittit
376 1891 464 1932 eius
499 1891 770 1945 proprietates
800 1893 843 1931 'et
875 1888 1121 1944 dignitatem
1156 1889 1429 1940 sacramenti,
1479 1888 1547 1944 qui
1582 1887 1794 1943 cognoscit

165 1962 474 2003 matrimonium
512 1964 723 2016 tamquam
756 1964 908 2002 statum
943 1963 1201 2015 assumptum
1236 1957 1288 2002 ab
1312 1957 1550 2001 hominibus
1573 1956 1696 2011 licite,
1721 1958 1789 1999 im-

166 2031 303 2088 plicite
338 2032 596 2087 recognoscit
631 2029 744 2073 illum
780 2029 894 2073 velut
928 2028 1148 2072 habentem
1175 2030 1447 2086 proprietates
1471 2029 1638 2071 unitatis
1670 2031 1709 2070 et
1741 2027 1797 2069 in-

163 2100 503 2148 dissolubilitatis,
545 2126 597 2131 —
633 2099 742 2143 lnter
775 2099 849 2142 lias
881 2101 1139 2156 cognitiones
1170 2098 1317 2155 selegit
1351 2097 1654 2155 generaliorem
1687 2100 1794 2140 cete-

163 2173 310 2229 roquin
345 2172 619 2214 sufficientem
660 2172 775 2213 aiens
824 2184 916 2212 can.
951 2172 1085 2214 1082.
1119 2169 1146 2227 ἓ
1184 2172 1218 2214 1.
1261 2167 1311 2213 Ut
1342 2167 1674 2212 matrimonialis
1708 2180 1798 2210 eon-

164 2255 323 2291 sensw‚
360 2255 431 2284 seu
470 2247 586 2285 actus
637 2241 860 2284 voluntatis
910 2241 1149 2284 immediate
1197 2246 1316 2284 antea
1353 2242 1390 2283 in
1426 2252 1515 2283 can.
1556 2239 1680 2293 ¹081,
1715 2241 1739 2292 g
1772 2237 1795 2281 Ξ

165 2311 397 2368 explicatus
422 2310 566 2354 haberi
586 2311 734 2369 possit,
753 2324 918 2354 necesse
929 2316 1229 2366 est‚tarnquatn
1256 2312 1600 2367 praerequisitum
1628 2310 1798 2365 praevio

166 2382 399 2425 intellectus
432 2384 556 2437 actui,
583 2387 626 2425 ut
658 2380 953 2425 contrahentes
975 2382 1122 2438 supple
1159 2397 1179 2422 ((
1205 2383 1516 2424 matrimonium
1539 2395 1581 2434 »,
1604 2382 1678 2423 etsi
1702 2391 1799 2437 quo—

167 2466 247 2511 que
278 2455 329 2496 sit
362 2458 685 2507 sacramentum,
718 2452 884 2506 sallem,
921 2452 1047 2495 veluti
1082 2465 1205 2508 quam
1243 2453 1458 2494 minimum
1493 2463 1541 2494 ac
1574 2450 1799 2503 sufficiens,

165 2536 248 2566 non
282 2523 477 2580 iqnorent
510 2525 675 2579 proprie
711 2523 932 2579 loquendo,
966 2524 1062 2577 quia
1099 2533 1253 2579 ponens
1286 2527 1423 2565 actum
1451 2526 1614 2564 tenetur
1646 2533 1798 2577 cogno-

166 2606 283 2637 scere
316 2593 414 2650 quid
450 2599 557 2649 agat,
593 2607 763 2650 nempe:
798 2592 1116 2636 matrimonium
1151 2592 1381 2635 formaliter
1415 2594 1453 2634 in
1487 2591 1596 2648 quod
1626 2603 1798 2634 consen-

168 2666 287 2720 tiunt,
321 2677 409 2706 esse
441 2664 681 2720 soce'elatem
719 2664 935 2707 videlicet:
969 2663 1316 2707 coadunationem
1341 2663 1518 2705 duorum
1550 2674 1798 2719 per-manen-

170 2740 262 2790 tem,
298 2747 375 2777 non
409 2734 459 2777 ad
491 2739 652 2790 tempus
681 2735 809 2777 lixum
838 2734 901 2777 vel
926 2734 975 2778 ad
1001 2733 1220 2778 arbitrium
1245 2733 1505 2784 duraturam,
1529 2732 1642 2775 inter
1663 2731 1799 2774 virum

168 2810 207 2848 el
240 2805 457 2848 mulierem
489 2805 736 2861 singulares,
770 2818 817 2848 ac
851 2805 1099 2849 destinatam
1149 2804 1206 2847 ad
1252 2804 1362 2860 filios
1392 2802 1693 2861 procreandos,
1727 2815 1799 2845 seu

170 2876 484 2933 consequendos
519 2878 707 2932 proprios
737 2876 966 2919 secundum
1002 2880 1206 2919 naturam.
1240 2874 1327 2918 Hoc
1359 2876 1468 2918 enim
1504 2873 1687 2930 implicat
1720 2877 1800 2916 tra-
