1971 3261
111 147 206 183 Can.
235 146 433 182 loos-loca
616 147 700 180 'rm
731 147 816 181 VH.
854 168 864 172 -
893 148 948 183 De
975 150 1234 183 ztlcctrc'monz'o
1673 152 1744 186 573

231 264 332 309 Cum
370 265 568 308 relatione
602 266 652 308 ad
685 268 708 321 ἓ
742 267 794 308 1¹¹³
828 267 897 309 sed
924 267 1139 311 decretum
1165 269 1378 312 diversum
1399 270 1566 313 edicens
1590 273 1745 327 positus

111 341 173 380 est
204 337 232 394 ξ
265 336 305 379 3.
341 335 559 378 ,sterilitas
593 339 758 392 proprie
792 337 917 389 dicta,
951 338 1116 394 (prande
1151 352 1299 396 nempe
1334 343 1463 396 posita
1488 341 1554 384 illa
1580 344 1744 389 unione,

110 419 192 464 qua
230 409 294 448 vir
327 412 364 449 et
401 406 550 449 mulier
584 408 685 449 liunt
720 407 801 450 duo
838 410 874 450 in
910 422 1034 452 carne
1070 422 1163 464 una,
1198 409 1249 453 ol)
1276 413 1360 453 veri
1385 414 1555 454 seminis
1587 412 1746 468 deposi-

113 479 265 520 tionem
303 479 407 519 intra
445 476 630 520 mulieris
656 480 863 533 vaginam,
893 482 1106 534 generatio
1140 486 1307 536 propter
1341 486 1511 525 naturae
1535 482 1743 525 desectum

112 546 383 603 rniiltiplicem
419 549 591 589 evenire
624 550 779 604 nequit,
807 562 844 592 v.
871 563 909 604 g.
935 555 1101 605 propter
1124 555 1395 606 senectutem,
1419 553 1524 594 sicut
1549 554 1745 607 exprimit

108 616 376 673 evangelium
414 616 464 660 de
499 617 739 672 parentibus
772 618 811 661 S.
835 618 1004 662 loannis
1029 620 1246 676 Baptistae,
1271 621 1379 678 quod
1411 625 1742 678 «processissent

111 689 150 730 in
186 687 335 730 (liebus
368 689 491 730 suis»
523 688 550 741 ¹,
588 688 653 731 vel
688 691 784 745 quia
821 691 996 732 toemina
1033 690 1157 734 subiit
1196 704 1285 734 eam
1322 695 1619 747 operatitmem,
1664 706 1742 750 qua

108 760 146 800 ei
182 763 406 815 utrumque
440 760 631 801 orarium
666 759 893 803 abscissum
933 762 1028 806 t'uit:
1064 764 1166 804 sicut
1207 767 1365 806 constat
1400 777 1448 805 ex
1477 776 1581 819 resp.
1607 764 1644 806 S.
1670 760 1742 807 Os-

109 830 191 872 ticii
217 828 252 869 2:
293 845 315 869 «
339 842 435 872 num
474 829 623 872 mulier
659 844 729 886 per
764 833 980 888 utriusque
1015 835 1146 875 orarii
1182 835 1331 876 excissi
1356 833 1565 876 detectum
1593 834 1743 877 sterilis

106 900 268 954 effecta,
292 900 342 943 ad
370 902 679 944 matrimonium
706 902 932 945 ineundum
962 905 1142 959 permitti
1166 903 1298 946 valeat
1318 916 1364 947 ac
1386 904 1520 959 liceat,
1541 906 1697 948 necne?
1717 921 1736 946 ))

106 970 148 1014 S.
181 968 332 1027 Congr.
370 974 574 1026 reposuit:
615 971 711 1015 «Re
752 977 912 1015 mature
961 973 1116 1031 diuque
1167 988 1381 1030 perpensa,
1433 977 1739 1018 matrimonium

108 1040 296 1084 mulieris
328 1042 379 1084 de
411 1054 492 1099 quo
527 1044 565 1085 in
600 1055 697 1085 casu
733 1056 811 1085 non
863 1057 951 1087 esse
986 1044 1356 1100 impediendum».
1394 1045 1605 1088 Praedicta
1643 1059 1742 1101 ergo

112 1126 132 1153 (ε
155 1112 350 1157 sterilitas
374 1128 394 1153 »
435 1113 749 1156 nuztrirnoniwn
787 1114 913 1157 idest:
951 1115 1296 1158 matrimonialem
1322 1120 1580 1159 contractum
1604 1130 1676 1172 per
1698 1130 1741 1159 se

103 1196 178 1225 mec
210 1182 390 1232 clirirm'l,
424 1182 633 1227 obiectum
687 1187 796 1227 enim
849 1184 958 1228 illius
1007 1190 1245 1229 contractus
1277 1191 1337 1229 est
1372 1192 1562 1229 mutuum
1600 1189 1662 1229 ius
1695 1200 1742 1230 ac

104 1252 304 1310 obligatio
338 1254 529 1307 coeundi,
580 1255 689 1312 quod
740 1260 850 1298 stare
899 1258 1042 1313 utique
1093 1261 1224 1313 potest
1272 1270 1365 1300 cum
1401 1257 1635 1308 sterilitate,
1670 1272 1743 1300 nee

104 1323 296 1381 impedit,
328 1338 376 1368 eo
409 1325 518 1382 quod
554 1328 628 1368 etsi
665 1328 888 1382 primarius
938 1328 1029 1370 linis
1078 1330 1330 1370 matrimonii
1376 1328 1511 1385 quoad
1548 1328 1738 1372 ellectum

102 1396 324 1439 t'rustretur
357 1408 407 1438 ex
443 1400 606 1450 natura,
646 1397 998 1440 «secundarius»
1053 1399 1145 1440 linis
1193 1398 1335 1441 salvus
1384 1401 1552 1441 omnino
1589 1404 1739 1442 manet.

103 1465 476 1510 Animadvertatur
524 1480 602 1509 non
651 1467 927 1522 sterilitatem,
977 1468 1047 1511 sed
1099 1471 1384 1524 impotentiam
1436 1474 1548 1512 certo
1598 1470 1741 1513 adesse

103 1538 217 1580 iuxta
266 1541 510 1594 sequentem
560 1537 904 1593 declarationem,
952 1552 1076 1596 quam
1127 1539 1267 1582 Sixtus
1314 1539 1340 1581 V
1386 1540 1514 1583 edidit
1554 1542 1591 1582 in
1627 1545 1738 1583 motu

102 1620 162 1663 pr.
202 1607 349 1651 «Cum
384 1608 670 1664 frequenter»
700 1609 729 1651 ³³.
774 1625 796 1650 ((
819 1608 1082 1653 Fraternitati
1118 1615 1212 1653 tuae
1246 1624 1320 1667 per
1354 1615 1591 1667 praesentes
1633 1625 1741 1654 com-

102 1679 303 1722 mittimus
352 1682 391 1721 et
440 1679 703 1733 mandamus,
753 1684 797 1722 ut
846 1682 1039 1737 coniugia
1090 1693 1164 1737 per
1212 1680 1345 1724 dictos
1393 1686 1433 1724 et
1474 1681 1576 1724 alios
1618 1694 1740 1738 quos-

102 1762 287 1805 cumque
335 1749 550 1794 eunuchos
598 1755 637 1793 et
684 1751 891 1807 spadones
940 1755 1116 1808 utroque
1165 1756 1268 1795 teste
1301 1756 1491 1796 carentes
1524 1765 1618 1795 cum
1653 1755 1739 1810 qui-

105 1818 248 1863 busvis
280 1820 528 1864 mulieribus
546 1821 752 1864 desectum
774 1821 1034 1877 praedictum
1060 1824 1149 1865 sive
1174 1822 1475 1878 ignorantibus,
1500 1825 1589 1866 sive
1613 1825 1737 1866 etiam

100 1890 329 1934 scientibus
379 1890 567 1934 contrahi
619 1890 854 1948 prohibeas,
902 1905 1055 1949 eosque
1099 1892 1149 1935 ad
1201 1895 1466 1936 matrimonia
1506 1894 1735 1950 quomodo-

99 1973 280 2018 cumque
313 1960 596 2005 contrahenda
630 1961 834 2005 inhabiles
877 1965 1124 2006 auctoritate
1169 1968 1307 2006 nostra
1341 1963 1545 2020 declares,
1579 1969 1617 2007 et
1653 1969 1734 2007 tam

103 2030 288 2075 locorum
338 2029 590 2086 Ordinariis,
632 2045 683 2075 ne
732 2032 971 2076 huiusmodi
1020 2036 1334 2077 coniunctiones
1376 2034 1426 2077 de
1471 2040 1608 2078 cetero
1647 2036 1734 2078 lieri

99 2114 268 2159 quoquo
303 2102 427 2146 modo
472 2105 724 2159 permittant,
769 2103 1007 2152 interdicas,
1050 2117 1175 2160 quam
1210 2117 1279 2147 eos
1312 2106 1450 2159 etiam,
1490 2107 1559 2162 qui
1593 2108 1652 2149 sic
1685 2105 1736 2148 de

98 2172 205 2216 facto
239 2175 550 2216 matrimonium
587 2176 884 2229 contraxerint,
918 2176 1101 2230 separari
1137 2187 1271 2228 cures,
1305 2179 1345 2218 et
1370 2177 1629 2219 matrimonia
1649 2178 1735 2232 ipsa

97 2245 158 2286 sic
192 2243 243 2287 de
279 2244 387 2287 sacto
420 2248 633 2287 contracta
667 2244 794 2298 nulla,
827 2246 942 2287 irrita
977 2250 1016 2287 et
1051 2244 1234 2288 invalida
1268 2258 1356 2288 esse
1391 2246 1594 2290 decernas
1616 2262 1654 2288 J).

217 2314 316 2359 466.
342 2317 743 2372 Impedimentum
767 2317 1030 2371 ligaminis.
1053 2340 1110 2345 —
1134 2315 1247 2359 Sicut
1273 2316 1546 2372 probavimus
1568 2317 1618 2360 ad
1643 2330 1734 2361 can.

98 2383 228 2439 1013,
244 2384 273 2442 ἓ
291 2384 330 2439 2,
354 2385 623 2428 «essentialis
643 2387 896 2428 matrimonii
916 2387 1187 2442 proprietas»
1210 2399 1318 2443 quae
1335 2387 1488 2430 dicitur
1516 2390 1729 2431 «unitas»

95 2456 187 2498 sive
220 2468 270 2498 ex
306 2460 422 2512 parte
456 2458 535 2499 viri
569 2459 660 2500 sive
693 2469 743 2499 ex
779 2461 895 2513 parte
945 2456 1132 2500 mulieris
1180 2459 1402 2501 constituta
1447 2462 1507 2501 est
1547 2461 1635 2502 iure
1669 2471 1735 2503 na-

96 2528 215 2569 turae
248 2538 296 2569 ac
330 2527 492 2570 tirmata
542 2529 631 2570 iure
679 2527 821 2570 divino
870 2527 1094 2584 evangelii.
1139 2527 1246 2571 Hinc
1294 2528 1513 2572 evidenter
1561 2531 1734 2573 insertur

94 2596 241 2639 eodem
278 2598 367 2640 iure
399 2596 556 2654 duplici
607 2598 749 2640 divino
801 2600 944 2654 vigere
993 2600 1298 2655 praescriptum
1342 2612 1433 2642 can.
1468 2602 1600 2643 1069.
1635 2602 1660 2653 ἓ
1698 2602 1732 2641 1.

95 2664 288 2709 Invalide
318 2680 474 2710 novum
509 2668 830 2712 matrimomum
854 2673 1072 2723 acceptum
1099 2682 1172 2725 pro
1195 2670 1491 2713 matrimoniali
1516 2675 1731 2714 contractu

93 2739 219 2780 etiam
253 2737 363 2793 apud
399 2749 479 2780 non
514 2737 754 2794 baptizatos,
789 2751 864 2782 nec
895 2740 1085 2796 sequitur
1119 2738 1294 2783 verbum
1335 2739 1647 2794 «contrahit»,
1681 2754 1729 2783 eo

211 2890 221 2911 ¹
250 2888 392 2933 Lucae,
422 2889 454 2932 Ι,
482 2890 515 2924 7.
547 2911 584 2914 —
614 2890 627 2911 '2
653 2890 675 2924 3
704 2889 814 2924 Febr.
846 2890 948 2925 1887.
978 2911 1021 2915 -
1049 2891 1063 2913 3
1087 2891 1132 2926 27
1158 2891 1254 2926 Jun.
1287 2892 1387 2927 1587.
