1971 3261
202 137 247 171 66
602 134 683 167 Lm.
712 133 781 166 III.
809 153 819 158 -
848 133 958 167 PARS
983 133 1012 166 I.
1040 152 1050 158 ·
1079 133 1136 167 De
1162 132 1427 168 Sacramentis

202 268 289 311 cap.
324 254 407 312 ΙΙΙ),
442 254 508 297 ubi
550 255 671 295 etiam
719 256 807 308 post
852 253 1049 294 ieiunium
1094 250 1145 294 de
1184 263 1266 308 quo
1300 253 1338 294 in
1373 264 1463 296 can.
1499 252 1596 309 753,
1630 253 1658 311 ξ
1694 254 1731 303 l,
1763 253 1830 297 ha-

205 326 321 369 betur
362 338 539 382 sequens
589 324 889 379 praescriptum
938 334 1016 364 non
1067 326 1300 365 correctum
1351 325 1389 365 in
1439 322 1597 377 Codice,
1624 323 1734 381 (can.
1769 324 1826 382 2).

207 411 227 437 <t
251 397 289 438 9.
323 393 460 448 Quare
496 407 572 436 non
608 397 696 449 post
729 392 886 448 epulas,
909 396 979 435 aut
1004 391 1191 447 prandia,
1214 393 1285 436 sed
1310 397 1404 436 ante
1430 394 1689 439 meridiem...
1715 395 1830 438 adul-

201 472 334 509 torum
370 465 571 521 baptisma
605 462 902 507 celebretur».
956 488 1007 492 -
1059 462 1116 505 Ex
1153 462 1230 506 Bit.
1268 465 1393 518 igitur
1436 463 1621 508 Romano
1664 471 1723 509 est
1758 466 1829 509 de-

199 540 361 592 sumpta
395 535 516 577 huius
549 536 718 577 canonis
751 534 834 576 772
874 533 1055 576 secunda
1108 545 1227 589 pars:
1262 532 1377 576 decet
1412 539 1550 577 tamea
1583 535 1828 579 adultorum

198 606 460 663 baptismium,
495 604 691 660 obligatio
725 616 825 659 ergo
858 605 1011 658 existit,
1045 603 1273 647 secuudum
1305 604 1649 662 antiquissimum
1682 605 1825 650 Eccle-

198 677 286 718 siae
320 676 447 718 ritum
491 677 528 717 in
575 673 791 717 ritualibus
836 673 951 717 libris
991 674 1129 718 adhuc
1171 677 1384 731 insertum,
1420 676 1620 733 conferri,
1655 677 1692 719 si
1730 678 1821 734 fieri

198 745 405 789 commode
438 750 576 802 queat,
609 757 716 802 quae
748 743 932 787 clausula
958 744 1069 788 illam
1095 744 1391 801 obligationem
1426 759 1506 789 non
1539 759 1628 790 esse
1652 760 1825 803 gravem

197 818 403 873 supponit,
438 816 481 858 iu
512 814 736 872 peruiqilio
775 813 993 857 Paschatis
1017 822 1054 858 et
1082 814 1354 870 Pentecostes,
1378 817 1620 874 praecipue,
1644 818 1826 864 scilicet:

198 890 270 931 etsi
304 900 396 930 cum
432 887 570 943 aliquo
605 885 868 928 incommodo
901 885 1308 944 inanetropolitam‘s
1332 892 1407 930 aut
1431 886 1747 932 cathedralibus
1770 904 1830 933 ee-

198 958 350 1007 elesiis,
385 962 426 1000 ut
460 970 538 999 non
573 958 740 999 omnino
774 958 876 999 ritus
920 956 987 1000 ille
1027 959 1391 1013 praetermittatur.
1426 957 1552 1002 Cuius
1587 962 1690 1003 ratio
1725 960 1828 1004 haec

197 1029 366 1072 affertur
399 1040 419 1071 a
454 1027 498 1070 D.
533 1026 605 1071 Th.
632 1029 688 1068 ²...
729 1042 747 1067 (ι
775 1027 1033 1083 baptizantur
1056 1027 1200 1071 fideles
1224 1027 1428 1085 baptismo
1451 1028 1615 1085 Christi,
1640 1033 1709 1088 qui
1735 1034 1825 1088 qui-

197 1100 289 1143 dem
325 1098 446 1143 habet
479 1098 707 1141 efficaciam
752 1111 800 1141 ex
845 1100 1035 1154 passione
1079 1097 1244 1152 Christi,
1277 1100 1508 1144 secundum
1554 1100 1653 1144 illud
1688 1101 1824 1157 (Rom.

201 1170 261 1225 VI,
298 1170 363 1225 3):
399 1168 712 1226 “Quicumque
757 1168 946 1225 baptizati
986 1183 1130 1213 sumus
1179 1172 1216 1212 in
1265 1168 1427 1214 Christo
1475 1170 1576 1227 lesu,
1612 1174 1650 1214 in
1694 1178 1826 1217 morte

199 1244 323 1297 ipsius
364 1241 551 1296 baptizati
592 1253 808 1293 sumus„;
856 1244 895 1282 et
942 1232 991 1283 ex
1043 1241 1198 1297 Spiritu
1242 1241 1406 1295 Sancto,
1448 1242 1676 1286 secundum
1723 1243 1823 1287 illud

194 1312 320 1363 (toan.
357 1311 419 1356 ΙΙΙ,
454 1310 519 1368 5):
554 1310 682 1354 “Nisi
716 1313 809 1368 quis
844 1315 1010 1354 renatus
1044 1311 1168 1354 suerit
1200 1324 1249 1355 ex
1284 1324 1389 1369 aqua
1424 1317 1463 1356 et
1496 1312 1651 1369 Spiritu
1674 1313 1826 1357 Sancto

195 1388 270 1426 etc.
297 1418 334 1439 ‚,.
369 1382 417 1425 Et
452 1382 543 1425 ideo
576 1381 773 1425 solemnis
808 1381 1037 1438 baptismus
1069 1384 1207 1438 agitur
1241 1385 1279 1425 in
1314 1382 1498 1426 Ecclesia
1534 1388 1573 1426 et
1607 1386 1644 1427 in
1685 1385 1824 1441 vigilia

198 1453 389 1507 Paschae,
422 1453 587 1509 quando
620 1453 663 1495 tit
697 1454 1041 1496 commemoratio
1075 1451 1310 1497 dominicae
1342 1453 1581 1510 sepulturae
1614 1459 1654 1497 et
1688 1468 1825 1499 resur-

198 1526 389 1567 rectionis
421 1523 607 1567 eiusdem
643 1523 830 1580 (propter
869 1523 979 1581 quod
1024 1528 1063 1566 et
1106 1522 1307 1567 Dominus
1352 1529 1440 1580 post
1473 1527 1825 1569 resurrectionem

197 1599 461 1651 praeceptum
497 1594 548 1637 de
594 1593 796 1650 baptismo
837 1593 1053 1650 discipulis
1096 1592 1243 1651 dedit),
1277 1600 1321 1638 ut
1353 1594 1531 1638 habetur
1563 1594 1703 1639 Matth.
1738 1596 1825 1651 ult„

195 1670 235 1709 et
268 1667 305 1708 in
344 1664 483 1721 vigilia
520 1665 791 1719 Pentecostes,
827 1664 995 1722 quando
1039 1666 1183 1721 incipit
1224 1664 1427 1708 celebrari
1465 1665 1705 1710 solemnitas
1742 1667 1829 1724 Spi-

197 1738 296 1779 ritus
329 1737 489 1789 Sancti,
527 1735 635 1779 unde
682 1740 723 1778 et
770 1735 943 1791 apostoli
984 1734 1180 1792 leguntur
1213 1737 1300 1792 ipso
1333 1735 1400 1779 die
1435 1736 1710 1792 Pentecostes‚
1743 1751 1826 1795 quo

194 1808 390 1863 Spiritum
425 1806 619 1850 Sanctum
657 1810 914 1863 receperant,
949 1808 1024 1849 tria
1059 1805 1186 1849 millia
1222 1806 1436 1850 hominum
1474 1807 1762 1865 baptizasse».

313 1878 379 1920 62.
416 1879 578 1924 Locus
609 1879 838 1934 proprius
866 1879 1100 1934 baptismi
1129 1879 1395 1924 sollemnis.
1418 1903 1443 1908 —
1466 1877 1565 1920 Cau.
1591 1880 1697 1924 773.
1726 1877 1825 1922 Pro-

191 1948 313 2005 prius
345 1946 622 2004 adimplendis
664 1947 858 1991 omnibus
900 1950 1176 1991 caeremoniis
1207 1947 1406 2005 baptismi
1443 1947 1659 1992 sollemnis
1693 1951 1828 2006 proin-

194 2018 328 2075 deque
362 2020 488 2075 ipsius
521 2017 856 2061 administrandi
880 2017 1003 2061 vlocus
1046 2023 1107 2061 est
1149 2017 1444 2077 baptisterium
1487 2019 1740 2077 descriptum
1785 2022 1825 2063 in

194 2101 283 2131 cau.
318 2089 399 2131 757
435 2089 484 2132 ad
518 2089 546 2146 ᾗ
580 2089 616 2144 2,
651 2091 773 2132 situm
816 2088 860 2131 iu
898 2087 1091 2132 Ecclesia
1124 2088 1187 2132 vel
1224 2089 1414 2132 oratorio
1444 2089 1611 2147 publico
1643 2090 1692 2134 ad
1729 2104 1823 2134 nor-

197 2170 302 2201 mam
336 2165 438 2216 seq.⁸
471 2161 653 2214 canonis,
687 2158 748 2201 vel
789 2163 946 2203 «certe
980 2161 1017 2201 in
1056 2158 1298 2216 Baptisterio
1324 2172 1450 2216 prope
1472 2159 1700 2203 Ecclesiam
1725 2160 1823 2214 (Rit.

197 2229 311 2272 Rom.
346 2242 382 2271 n.
419 2230 489 2285 ⁶28>
524 2232 636 2273 iuxta
670 2229 957 2273 diversitatem
993 2231 1209 2286 regionum
1234 2245 1273 2281 )),
1309 2231 1416 2287 quod
1463 2235 1697 2274 correctum
1742 2244 1823 2273 non

195 2304 254 2341 ost
289 2302 326 2342 in
360 2313 446 2357 seq.
481 2313 652 2344 canone.

314 2370 380 2412 63.
415 2373 491 2417 lus
523 2373 832 2427 praecedens
855 2373 916 2417 de
939 2373 1048 2417 loco
1071 2371 1156 2414 fere
1180 2375 1310 2413 totum
1334 2375 1395 2414 est
1419 2369 1676 2415 Clementina
1702 2373 1823 2419 unica

194 2439 269 2482 sub
304 2440 420 2482 titulo
454 2441 504 2483 de
539 2440 741 2496 baptismo
777 2440 861 2497 (ΙΙΙ,
896 2440 981 2497 15),
1017 2452 1141 2498 quam
1175 2441 1361 2484 referens
1384 2453 1493 2483 nunc
1515 2440 1755 2484 translatam
1783 2442 1822 2483 in

194 2510 385 2553 (lodii-em
421 2510 654 2568 aliqualiter
687 2511 867 2567 explicat
901 2511 979 2554 Rit.
1014 2511 1131 2554 Rom.
1156 2511 1185 2552 2.
1218 2509 1409 2555 Clemens
1437 2509 1463 2553 V
1490 2513 1528 2553 in
1559 2509 1680 2555 Conc.
1705 2509 1825 2554 Vien-

196 2582 307 2622 nensi
342 2582 419 2622 ait:
452 2581 697 2624 «Praesenti
735 2580 1002 2637 prohibemus
1035 2581 1185 2637 edicto,
1210 2594 1260 2624 ne
1293 2583 1385 2638 quis
1417 2581 1468 2624 de
1491 2584 1629 2624 cetero
1654 2577 1692 2623 iu
1719 2580 1826 2624 aulis

198 2650 258 2692 vel
290 2653 483 2705 'cameris
509 2656 578 2694 aut
610 2651 700 2694 aliis
736 2653 908 2708 privatis
941 2650 1147 2707 domibus,
1181 2651 1253 2694 sed
1288 2651 1505 2694 dumtaxat
1538 2652 1576 2693 in
1610 2650 1823 2707 EcclesiiS,

195 2722 231 2761 in
252 2720 401 2776 quibus
420 2726 510 2763 sunt
536 2722 584 2764 ad
610 2721 687 2764 hoc
713 2724 843 2765 tontes
865 2722 1102 2778 specialiter
1125 2721 1355 2778 deputati...
1381 2721 1532 2764 audeat
1557 2720 1823 2777 baptizare».

310 2874 320 2893 1
350 2872 391 2905 P.
422 2872 491 2915 HI,
521 2885 555 2917 q.
586 2873 724 2916 LXVI,
753 2886 785 2908 a.
817 2876 868 2915 10,
895 2874 944 2909 ad
974 2876 1032 2908 1¹1².
1070 2894 1111 2899 —
1143 2874 1157 2896 2
1183 2873 1274 2909 Loc.
1304 2874 1371 2908 cit.
1403 2885 1484 2918 cap.
1513 2873 1545 2915 Ι,
1573 2885 1641 2908 nn.
1672 2874 1735 2914 28,
1763 2873 1823 2906 29.
