1971 3261
192 147 260 182 574
592 143 676 178 Lm.
703 142 773 177 III.
799 161 812 168 -
839 141 950 176 PARS
974 142 1004 177 Ι.
1030 161 1043 168 -
1068 142 1127 177 De
1151 142 1417 177 sacramentis
1608 141 1701 179 Can.
1729 143 1823 178 1069

194 264 303 321 quod
338 263 389 306 de
423 264 512 305 iure
547 262 636 305 lieri
669 262 826 318 nequit.
860 260 931 304 sed
967 265 1151 303 attentat
1193 262 1359 317 proprio
1403 261 1508 304 tacto
1540 260 1663 304 simul
1697 273 1825 318 agens

195 335 337 378 illicite
370 337 512 377 contra
549 333 779 389 praefatum
814 333 892 386 ius,
924 331 1011 388 qui,
1033 333 1123 374 sive
1150 333 1212 374 vir
1234 333 1324 375 sive
1348 330 1511 386 mulier,
1535 331 1699 375 vincalo
1726 345 1824 375 vero

197 409 365 447 tenetur
397 403 534 447 adhuc
582 406 751 459 propter
801 401 986 445 validum
1036 403 1172 445 forsan
1208 403 1247 445 in
1282 399 1526 445 infidelitate
1563 407 1822 446 contractum

197 474 360 533 prioris
394 472 674 527 matrimonii,
708 486 961 530 quamquam
993 485 1076 515 non
1117 473 1412 527 consummati,
1443 473 1514 516 sed
1549 473 1731 516 nondum
1766 487 1830 515 so-

200 545 284 587 luto
319 544 505 600 legitime
539 543 590 586 ad
624 555 813 586 normam
862 554 954 586 can.
1000 542 1128 597 1119,
1171 542 1241 586 sed
1285 543 1527 600 adiungitur
1559 542 1675 586 salvo
1704 543 1832 601 privi-

199 614 310 672 leyio
344 613 455 670 fidei,
488 615 585 671 quia
620 612 776 656 vinculi
810 611 960 656 solutio
995 611 1202 668 possibilis
1225 617 1284 656 est
1307 613 1356 656 ad
1377 626 1565 657 normam
1591 626 1680 657 can.
1706 613 1834 668 nat),

197 698 368 741 nempe:
400 700 420 725 «
440 686 545 727 inter
563 697 643 727 non
661 682 927 740 baptizatos»
955 685 1157 727 contracti
1178 685 1428 727 matrimonii
1449 683 1663 727 vinculum
1693 699 1713 725 ((
1732 688 1830 728 tunc

196 761 356 799 tantum
390 754 581 810 solvitur,
628 767 722 798 cum
773 766 868 810 pars
909 753 1043 797 tidelis
1091 753 1161 810 (ex
1194 754 1487 811 conversione)
1524 767 1666 811 reapse
1699 767 1833 809 novas·

196 828 360 883 nuptias
387 825 524 869 valide
548 827 717 868 iniverit
740 841 761 866 »
791 825 899 882 (can.
925 823 1059 881 1126)
1078 824 1128 868 ad
1149 837 1337 868 normam
1356 837 1562 869 canonum
1583 838 1748 883 quoque
1770 839 1830 869 se-

197 899 360 956 quentis
392 895 506 953 Cap*⁵
538 896 574 939 X
613 896 717 939 Art.i
751 896 778 938 1.

315 965 421 1020 Quia
456 980 535 1010 non
572 966 666 1010 licet
699 980 742 1010 se
776 979 986 1023 exponere
1035 966 1219 1023 periculo
1268 967 1600 1024 transgrediendi
1644 967 1829 1011 divinam

200 1038 349 1095 legem,
385 1038 582 1082 admonet
614 1040 639 1091 g
672 1037 710 1080 2.
749 1036 952 1090 Quamvis
981 1037 1104 1095 prius
1126 1037 1460 1090 matrimonium,
1483 1038 1660 1082 scilicet:
1689 1040 1830 1082 vincu-

204 1109 286 1152 lum
323 1108 628 1152 matrimoniale
660 1110 718 1151 uti
752 1112 925 1165 apparet
959 1122 1008 1152 ex
1045 1110 1144 1151 inito
1177 1112 1408 1163 contractu,
1442 1108 1498 1151 sit
1531 1107 1591 1165 a),
1607 1121 1751 1165 reapse
1773 1109 1831 1151 ir-

207 1180 347 1231 ritam,
383 1181 615 1236 putativum
655 1178 718 1222 vel
753 1191 848 1234 non,
883 1177 927 1235 b)
961 1183 1035 1221 aat
1067 1190 1214 1222 revera
1259 1181 1394 1221 extitit
1431 1178 1483 1222 ob
1519 1179 1701 1223 validum
1736 1192 1831 1223 con-

204 1255 397 1304 tractum,
430 1250 500 1293 sed
534 1249 620 1307 suit
652 1248 836 1292 solatum
868 1249 920 1293 de
952 1250 1059 1293 facto
1092 1248 1276 1307 qualibet
1310 1263 1361 1292 eoe
1393 1263 1522 1292 caasa
1553 1263 1625 1307 per
1656 1262 1837 1294 canones

204 1323 415 1377 recognita
454 1334 491 1363 v.
524 1334 585 1377 gr.
622 1324 754 1363 morte
802 1320 972 1363 alterius
1017 1322 1207 1376 coniugis
1255 1320 1389 1363 forsan
1425 1322 1627 1376 ignorata,
1662 1320 1725 1363 vel
1761 1334 1836 1377 per

204 1392 556 1448 dispensationem
589 1404 610 1434 a
646 1397 734 1435 rato
768 1396 806 1434 et
840 1404 919 1434 non
954 1395 1259 1444 consummato,
1308 1391 1565 1448 proindeque
1604 1404 1682 1434 non
1716 1392 1833 1435 adest

206 1463 413 1519 ligaminis
447 1462 790 1518 impedimentum
828 1463 866 1504 in
901 1460 944 1515 §⁰
979 1460 1023 1504 1⁰
1056 1461 1304 1512 exhibitum,
1338 1475 1418 1505 non
1458 1461 1551 1505 ideo
1584 1461 1681 1505 lieet
1713 1461 1835 1505 aliud

204 1533 389 1577 validum
424 1535 576 1590 quippe
612 1534 921 1575 matrimonium
958 1532 1211 1576 contrahere
1243 1534 1366 1576 etiam
1399 1534 1487 1576 sine
1521 1532 1604 1576 ullo
1637 1546 1834 1590 expresso

204 1618 276 1661 per
308 1617 362 1649 ss.
396 1615 575 1647 canones
608 1603 906 1660 impedimento
940 1603 988 1646 ad
1025 1615 1213 1646 normam
1238 1615 1327 1648 can.
1356 1603 1481 1659 1035,
1500 1604 1570 1647 sed
1596 1603 1646 1648 ad
1673 1609 1833 1661 tempus

203 1675 382 1719 scilicet:
416 1679 641 1731 antequam
666 1673 716 1717 de
735 1673 898 1731 prioris
930 1686 1054 1730 supra
1088 1673 1285 1717 declarati
1315 1690 1336 1714 «
1360 1676 1653 1717 matrimonii»
1681 1680 1718 1728 a)
1740 1674 1833 1718 nat-

204 1745 327 1788 litate
346 1747 577 1802 respective
602 1744 644 1802 b)
669 1750 743 1787 aut
766 1743 988 1798 solutione,
1013 1756 1120 1802 quae
1144 1749 1187 1787 ut
1209 1745 1366 1788 dictum
1401 1749 1463 1788 est
1495 1747 1689 1800 existunt,
1713 1745 1754 1802 a)
1778 1745 1834 1789 le-

204 1816 352 1873 qiltme
384 1815 563 1860 scilicet:
599 1816 648 1859 ad
683 1827 871 1858 normam
922 1818 1022 1859 iuris
1070 1829 1151 1873 quo
1200 1817 1511 1859 matrimonium
1560 1822 1833 1874 sequuturum

211 1889 459 1944 «regitur»
497 1886 607 1942 (can.
645 1885 775 1944 1016)
811 1888 924 1929 iuxta
960 1886 1281 1943 explicationem
1318 1886 1372 1930 ibi
1407 1887 1561 1942 datam,
1597 1887 1638 1945 b)
1662 1893 1701 1930 ct
1724 1893 1836 1931 certo

206 1958 433 2012 moraliter,
466 1957 635 2001 exclusa
670 1969 782 2001 mera
818 1957 1122 2014 probabilitate,
1173 1958 1412 2001 constiterit
1462 1960 1651 2015 positivis
1684 1959 1832 2015 proba-

207 2028 400 2072 tionibus.
436 2028 477 2072 ld
513 2029 746 2083 confirmat,
779 2032 819 2071 et
852 2030 1086 2072 necessario
1120 2031 1158 2071 in
1184 2030 1349 2072 casibus
1372 2031 1624 2072 matrimonii
1648 2032 1836 2073 canonici

208 2101 425 2157 sequuturi
459 2099 712 2143 consulenda
747 2104 807 2143 est
839 2112 887 2143 ac
919 2099 1129 2156 sequenda
1163 2099 1383 2143 lustruclio
1426 2100 1654 2156 Supremae
1686 2099 1837 2144 Sacrae

207 2169 549 2226 Congregationis
581 2170 631 2213 ad
667 2169 928 2226 probandum
962 2170 1119 2214 obitum
1155 2170 1331 2214 alicuius
1353 2172 1554 2226 coniugis,
1579 2183 1644 2215 an.
1671 2171 1783 2214 1868

209 2240 350 2297 ltaque
383 2237 608 2284 Ordinario
643 2240 667 2282 Z
703 2242 741 2283 in
775 2240 975 2296 Hispania
1009 2243 1218 2296 expetenti
1257 2239 1272 2262 ²
1325 2242 1363 2283 in
1398 2253 1518 2284 casu:
1579 2256 1598 2281 «
1621 2254 1671 2284 an
1715 2243 1834 2284 uxori

211 2313 287 2353 viri
323 2313 390 2367 qui
427 2316 615 2354 mortuus
647 2313 861 2366 asseritur,
895 2311 996 2354 alias
1029 2313 1133 2354 inire
1166 2314 1329 2368 nuptias
1373 2313 1555 2368 permitti
1589 2313 1750 2368 possit?
1784 2337 1836 2342 —

210 2379 415 2425 Omnibus
449 2383 673 2438 perpensis,
704 2382 829 2425 Sacra
863 2380 1011 2437 Congr.
1047 2381 1098 2425 de
1130 2380 1348 2438 disciplina
1381 2386 1736 2425 sacramentorum
1775 2395 1838 2425 re·

210 2453 388 2507 scripsit:
423 2448 673 2495 Ordinarius
706 2453 928 2495 canonicas
961 2454 1249 2509 inquisitiones
1282 2451 1505 2511 complere
1527 2452 1629 2495 velit
1660 2452 1711 2495 ad
1744 2465 1838 2495 nor-

210 2534 319 2564 mam
356 2523 637 2565 instructionis
669 2522 709 2565 S.
745 2521 786 2567 C.
821 2522 860 2567 S.
894 2519 1031 2567 Officii
1064 2534 1100 2565 a.
1137 2523 1263 2578 1868,
1297 2521 1565 2566 Matrimonii
1597 2522 1773 2566 vineato.
1798 2523 1838 2566 Si

210 2593 388 2649 peractis
420 2595 650 2636 enunciatis
683 2592 1031 2650 inquisitionibus,
1066 2593 1266 2637 iudicium
1300 2592 1376 2637 sibi
1401 2594 1621 2637 efformare
1654 2606 1733 2636 non
1771 2605 1838 2636 va-

210 2662 306 2716 leat,
338 2675 420 2719 quo
455 2666 650 2706 transitus
683 2663 733 2706 ad
768 2663 871 2707 alias
905 2665 1069 2720 nuptias
1102 2665 1341 2720 permittere
1384 2668 1522 2720 queat,
1560 2667 1658 2707 tunc
1701 2665 1838 2707 omnia

211 2736 300 2776 acta
320 2732 370 2775 ad
392 2731 497 2776 hanc
515 2732 553 2776 S.
573 2731 947 2790 Congregationem
981 2735 1177 2777 mittat».
1213 2733 1290 2778 Hic
1317 2746 1415 2777 vero
1447 2734 1509 2790 ξω
1540 2735 1722 2778 continet
1740 2735 1841 2777 iuris

333 2884 343 2904 1
372 2883 448 2926 CO,
475 2883 526 2924 Π,
557 2884 634 2920 199.
661 2903 704 2910 -
730 2883 744 2906 2
774 2884 815 2918 18
840 2884 939 2919 Nov.
972 2884 1074 2929 1920,
1104 2883 1182 2929 CO,
1209 2884 1315 2928 XIV,
1345 2884 1402 2919 96.

1902 2420 1954 2753 affl„
1923 2389 1933 2394 -·
1935 2364 1939 2365 ,
1924 2286 1928 2289 ⁷
