1971 3261
145 147 240 184 Can.
269 144 470 181 1046-1047
649 143 733 178 Tl'r.
763 143 849 178 VII.
879 163 890 170 ·
919 144 975 179 De
1003 144 1262 178 filati-z'mom'o
1711 141 1780 175 543

144 263 358 309 subdelegati
377 263 441 298 has
458 263 565 298 etiam
586 262 796 297 monitiones
822 262 1007 297 attendant
1033 266 1177 308 oportet.
1197 261 1305 296 Verba
1332 261 1437 296 citata
1465 260 1696 296 inveniuntur
1713 260 1777 295 sul)

143 322 450 359 animadversione
469 321 478 356 Ι
499 321 534 356 in
556 320 796 356 Formularum
826 321 907 364 line,
930 321 985 356 ubi
1006 321 1070 356 sub
1090 332 1124 356 n.
1140 321 1164 356 ll
1186 321 1329 366 legitur:
1361 334 1375 352 «
1397 318 1608 355 Ordinarius
1635 320 1779 365 insuper

145 381 355 428 supradictis
380 380 546 416 omnibus
576 379 841 426 (Formularum‘,
868 380 1090 415 facultatibus
1116 380 1187 414 sive
1215 391 1273 423 per
1299 390 1334 415 se
1360 379 1431 415 sive
1461 390 1518 425 per
1544 379 1629 414 alios
1652 379 1773 424 ,quoad

145 440 310 476 asterisco
328 439 475 483 notatas)
500 439 547 474 uti
564 443 700 474 tantum
731 439 840 474 valeat
868 439 957 474 intra
984 439 1066 484 fines
1091 450 1171 474 suae
1197 438 1441 474 iurisdictionis
1461 437 1686 478 (ordinariae,
1705 448 1774 472 non

144 510 224 545 ergo
247 514 260 532 «
282 504 378 535 extra
404 498 616 534 territorium
645 498 828 541 exsistens,
858 503 917 533 aut
944 498 978 532 in
1008 498 1187 533 subditum
1207 509 1224 533 e
1243 498 1415 533 territorio
1440 498 1620 533 absentem
1643 513 1674 534 υ,
1696 498 1778 542 quia

144 559 193 594 sic
223 569 300 594 «ex
327 558 401 593 iure
427 561 562 593 constat
584 571 598 590 »
630 557 698 592 illis
738 557 865 597 verbis,
894 568 972 592 can.
998 556 1080 597 ⁴201,
1110 556 1205 599 §3);
1235 568 1362 602 easque
1399 556 1507 601 gratis
1533 561 1564 591 et
1593 556 1668 591 sine
1707 555 1778 590 ulla

145 618 302 654 mercede
329 621 496 659 exerceat,
528 619 614 659 (tam
642 622 757 660 utens,
786 628 890 662 quam
930 616 1173 662 subdelegans.
1201 621 1305 662 atque
1341 616 1582 661 unusquisqne
1621 615 1778 651 subdele-

143 679 260 723 gatus)
281 691 313 718 »,
342 682 374 712 et
403 676 492 712 facta
519 676 682 721 (singulis
710 676 859 720 vicibus)
889 676 1067 711 mentione
1092 676 1301 722 apostolicae
1334 675 1564 720 delegationis
1586 693 1612 713 υ,
1642 674 1778 717 (saltem

147 735 343 772 huiusmodi
374 735 499 772 verbis.
529 735 615 781 quin
644 745 786 770 necesse
819 735 863 770 sit
889 735 1082 781 exprimere
1108 736 1224 770 datam
1253 734 1516 773 concessionis).
1548 755 1588 759 —
1618 733 1680 769 Eas
1708 745 1779 769 mo-

145 795 297 830 nitiones
324 795 410 835 vide,
438 795 464 828 si
495 794 602 837 lubet,
632 794 667 828 in
697 794 910 840 appendicis
938 793 962 829 ll
993 793 1163 829 Formula.

261 854 594 889 Animadversiones
623 853 633 888 l
660 858 692 889 et
720 853 743 888 ll
776 853 950 899 praefatae
976 858 1058 888 sunt
1085 853 1240 889 eiusdem
1260 853 1392 889 tenoris
1414 853 1447 887 in
1467 852 1624 888 Formula
1654 853 1778 899 prima,

143 913 201 949 scd
221 913 252 947 vi
275 913 379 948 huius
401 912 557 948 Vicarius
575 917 635 947 aut
655 912 851 948 Praefectus
877 912 1088 958 apostolicus
1114 912 1248 947 obtinet
1266 912 1375 947 solam
1399 912 1617 947 facultatem:
1637 925 1651 943 «
1673 909 1704 946 8.
1725 911 1778 946 Di-

143 972 349 1019 spensandi,
377 972 557 1007 canonicis
595 971 826 1008 existentibus
864 972 990 1013 causis,
1017 972 1138 1017 (supra
1164 971 1363 1014 declaratis)
1391 982 1495 1017 super
1521 971 1782 1016 impedimentis

143 1031 464 1070 matrimonialibus
500 1031 646 1066 minoris
677 1031 807 1075 gradus
833 1030 1029 1074 (recensitis
1061 1030 1095 1065 in
1129 1041 1208 1065 can.
1241 1028 1358 1074 1042),
1388 1034 1458 1065 tam
1495 1029 1642 1075 publicis
1675 1040 1779 1075 quam

142 1090 301 1131 occultis,
329 1090 434 1125 etiam
463 1089 771 1136 multiplicibus».
802 1088 898 1132 Quae
926 1089 1029 1124 verba
1058 1089 1198 1124 fuerunt
1225 1100 1331 1135 supra
1358 1088 1545 1124 declarata.

267 1148 477 1185 concedendo
516 1155 624 1184 tamen
662 1148 722 1183 lias
762 1148 1035 1193 dispensationes,
1066 1146 1280 1190 Ordinarius,
1313 1147 1469 1183 Vir-arius
1503 1148 1552 1183 vel
1588 1147 1782 1182 Praefectus

143 1207 368 1255 apostolicus,
390 1207 432 1243 ad
460 1218 621 1242 normam
648 1218 728 1242 can.
761 1205 838 1249 198,
859 1211 878 1249 ξ
899 1207 930 1248 1,
953 1207 1003 1243 vel
1028 1221 1042 1239 «
1062 1207 1104 1242 ad
1133 1218 1236 1252 quem
1265 1207 1451 1242 vicariatus
1469 1212 1527 1242 aut
1549 1207 1782 1252 praefecturae

143 1278 227 1302 cura
253 1267 432 1303 devenerit
458 1266 499 1302 ad
531 1277 689 1302 normam
718 1277 796 1302 can.
827 1264 894 1300 309
916 1280 931 1298 »
963 1268 1055 1311 (can.
1086 1265 1167 1309 310,
1194 1270 1213 1308 g
1241 1266 1288 1310 2),
1319 1266 1370 1302 vel
1398 1277 1493 1300 nunc
1521 1277 1657 1311 quoque
1688 1279 1702 1296 a
1727 1264 1782 1299 Vi-

145 1326 260 1361 carius
287 1325 470 1371 Delegatus
491 1339 505 1358 »
528 1326 539 1348 1
565 1337 646 1372 prae
681 1325 786 1361 oeulis
819 1326 935 1361 habeat
969 1325 1104 1371 requlas
1130 1331 1276 1360 statutas
1302 1325 1334 1360 in
1367 1324 1494 1364 Codice,
1527 1337 1545 1359 a
1573 1336 1644 1359 ran.
1677 1327 1780 1359 1035

143 1384 187 1420 ad
212 1396 286 1421 can.
318 1387 431 1426 1080,
459 1384 547 1420 circa
580 1385 814 1432 impedimenta
843 1385 877 1420 in
903 1397 1019 1432 qenere
1045 1392 1075 1420 et
1102 1385 1136 1420 in
1162 1384 1280 1431 speeie.

268 1457 362 1500 441.
399 1459 667 1504 Adnotatio
699 1459 1087 1515 dispensationis
1120 1459 1167 1502 in
1201 1458 1312 1503 foro
1351 1459 1543 1503 interno
1584 1471 1780 1503 conces-

146 1541 248 1573 sae.
278 1553 330 1558 -
365 1526 632 1570 Transiturus
664 1526 804 1571 Codex
838 1527 887 1570 ad
923 1527 1278 1583 dispensationum
1313 1540 1438 1583 super
1472 1527 1781 1584 impedimentis

148 1600 400 1642 matrimonii
436 1601 747 1642 concessionem
782 1612 831 1642 ex
869 1603 1069 1655 potestate
1101 1597 1308 1655 delegata,
1341 1604 1380 1641 et
1415 1603 1583 1655 propter
1616 1598 1784 1641 adnota-

147 1671 270 1713 tionis
302 1682 445 1713 earum
480 1671 782 1713 connexionem
820 1671 978 1713 ratione
1012 1670 1085 1712 tori
1121 1682 1214 1713 cum
1250 1669 1377 1712 altera
1414 1674 1563 1726 praec-⁸.
1600 1670 1782 1721 canonis,

145 1742 284 1784 statim
327 1739 588 1784 subnectitur
628 1754 719 1783 ean.
755 1742 887 1783 1047.
923 1740 1019 1785 Nisi
1060 1739 1182 1783 aliud
1223 1740 1367 1784 saltem
1413 1741 1627 1783 diversum
1665 1752 1686 1783 a
1720 1753 1781 1783 se-

145 1814 288 1869 quenti
324 1814 579 1869 praescripto
602 1810 716 1869 ferat
741 1812 781 1856 S.
811 1810 1183 1861 PoenMenMariae,
1215 1826 1234 1852 ι(
1258 1813 1377 1855 cuius
1410 1810 1629 1854 tribunalis
1664 1813 1782 1854 iuris-

146 1882 273 1926 dictio
307 1887 544 1926 coarctatur
567 1882 616 1926 ad
642 1895 689 1926 ea
713 1895 819 1940 quae
844 1884 976 1925 forum
1004 1885 1211 1925 internum
1248 1884 1474 1938 respiciunt
1498 1897 1518 1922 ))
1549 1881 1657 1938 (ran.
1684 1881 1781 1933 ⁶258,

147 1955 172 2007 ξ
206 1952 264 2010 1),
298 1953 552 2010 rescriptum
585 1953 906 2010 dispensationis
951 1952 1282 2007 matrimonialis,
1315 1952 1664 1996 convalidationis
1698 1965 1781 1995 ma-

146 2025 328 2067 trimonii
367 2023 429 2067 vel
463 2026 690 2068 sanationis
714 2026 752 2067 in
777 2024 918 2068 radice
944 2024 1053 2067 illam
1084 2024 1432 2080 dispensationem
1468 2025 1784 2076 continentium,

149 2108 186 2137 v.
206 2108 267 2151 gr.
294 2099 337 2139 ut
372 2095 470 2138 illud
508 2094 728 2149 laceretur,
763 2095 960 2153 nullaque
996 2095 1184 2152 probatio
1219 2099 1444 2146 remaneat,
1477 2093 1687 2151 quaelibet
1720 2093 1782 2137 cli-

146 2166 362 2223 spensatio
395 2165 436 2223 a)
474 2165 518 2209 in
550 2164 646 2223 foro
680 2166 847 2209 interno
896 2166 1103 2223 explicato
1138 2168 1175 2209 in
1210 2164 1519 2210 Commentario
1547 2164 1701 2208 Textus
1733 2165 1781 2208 ad

146 2248 236 2280 can.
272 2237 368 2291 196,
404 2237 474 2280 sed
512 2237 556 2294 b)
590 2251 670 2280 non
706 2236 1011 2280 sacramentali
1044 2251 1252 2288 concessa,
1287 2239 1413 2292 igitur
1446 2249 1524 2279 non
1560 2241 1619 2279 est
1654 2235 1783 2279 inclu-

145 2307 283 2351 denda
326 2320 450 2365 quam
496 2310 750 2352 concesserit
788 2308 1069 2351 confessarius
1106 2310 1143 2350 vi
1178 2320 1268 2351 can.
1306 2307 1415 2350 1044
1452 2312 1491 2350 et
1526 2307 1652 2360 1045,
1689 2309 1711 2361 S
1745 2306 1783 2361 3,

146 2378 215 2421 sed
250 2378 462 2436 quaelibet
494 2379 573 2422 alia
608 2378 782 2435 elargita
816 2383 904 2422 tum
938 2377 989 2422 ab
1022 2375 1248 2423 Ordinario
1283 2383 1368 2421 tum
1404 2391 1424 2421 a
1463 2377 1658 2433 parocho,
1695 2382 1780 2420 tum

147 2462 168 2492 a
202 2450 418 2493 sacerdote
446 2452 483 2493 vi
508 2462 597 2494 can.
626 2449 886 2503 1043-1045,
911 2454 982 2493 aut
1017 2451 1055 2492 vi
1090 2448 1200 2493 illius
1234 2451 1422 2506 rescripti
1457 2462 1478 2492 a
1512 2462 1594 2507 quo
1629 2451 1782 2504 incepit

148 2532 278 2563 canon
304 2533 425 2578 quem
451 2525 799 2576 commentamur,
822 2533 870 2564 ac
894 2520 1145 2577 generaliter
1171 2522 1209 2563 vi
1235 2519 1381 2563 indulti
1406 2520 1592 2564 eiusdem
1620 2520 1658 2563 S.
1686 2519 1781 2562 Poe-

150 2592 410 2634 nitentiariae
444 2591 507 2635 vel
541 2591 580 2635 S.
600 2589 765 2648 Congr⁵⁵.
799 2591 850 2634 de
885 2591 1002 2647 Prop.
1030 2590 1126 2634 Fide
1160 2604 1232 2647 pro
1267 2592 1355 2634 foro
1390 2593 1550 2634 interno
1584 2590 1623 2647 e)
1658 2603 1785 2648 super

150 2660 445 2719 impedimento
479 2661 653 2714 occulto,
692 2677 712 2703 <r
735 2662 844 2719 quod
882 2661 1045 2718 probari
1082 2664 1119 2705 in
1156 2663 1243 2705 foro
1277 2666 1449 2705 externo
1483 2675 1562 2705 non
1600 2666 1777 2718 potest»

150 2731 260 2789 (can.
288 2731 419 2789 1037)
442 2733 672 2777 secundum
709 2733 891 2789 prudens
925 2732 1142 2785 iudicium,
1166 2737 1210 2776 ut
1244 2734 1297 2776 ibi
1332 2732 1527 2787 diximus,
1559 2731 1785 2775 adnotetur

269 2851 280 2872 1
308 2849 488 2895 Epistola
515 2850 551 2885 S.
579 2850 723 2896 Congr.
752 2849 798 2884 de
826 2850 867 2884 P.
896 2849 937 2883 F.
974 2866 986 2880 α
1008 2850 1126 2884 quta
1152 2861 1238 2884 can.
1269 2850 1337 2884 198
1363 2849 1455 2885 Cod.
1485 2850 1515 2884 I.
1534 2850 1574 2884 C.
1598 2866 1610 2878 »
1642 2850 1664 2883 S
1691 2849 1782 2883 Dec.

153 2897 245 2931 1919
272 2897 348 2932 CO.
378 2897 469 2939 XII,
498 2898 577 2934 120.
