1971 3261
512 102 596 136 Lm.
625 94 698 136 ΙΙΙ.
728 121 741 126 -
768 101 878 135 PARS
904 100 935 134 Ι.
965 121 976 126 -
1003 100 1062 135 De
1086 100 1351 135 Scor-amentis
1558 99 1651 152 Can.
1677 101 1749 136 892

119 113 190 146 ‘254

117 230 274 273 (lelium
307 228 386 272 sibi
419 228 747 280 commissorum,
772 238 847 269 nec
881 225 1078 282 obligatio
1114 226 1325 282 praedicta
1359 237 1457 282 erga
1483 225 1626 269 lideles
1648 226 1752 270 alios

118 304 156 344 in
182 313 324 344 eorum
350 300 557 342 territorio
581 298 882 341 confessionem
909 308 1108 353 peragere
1129 295 1313 339 volentes
1336 295 1573 352 ampliatur,
1592 295 1635 353 d)
1656 310 1752 353 quo-

121 378 197 414 ties
230 371 263 414 ii
296 382 467 426 nempe:
503 367 692 410 «fideles
723 365 799 409 sibi
834 368 1090 410 commissi»
1119 365 1265 410 audiri
1296 366 1654 410 sacramentaliter
1677 367 1749 411 sed

119 439 438 485 rationabiliter
461 437 595 494 quoad
633 439 695 479 ius
726 449 774 479 ac
807 438 1141 480 circumstantias
1170 442 1329 494 petant.

237 515 260 562 g
296 511 331 551 2.
364 508 543 564 Urqentc
575 507 616 564 a)
649 507 899 549 necessitate
931 521 980 550 ex
1017 513 1132 564 parte
1166 509 1412 564 poenitentis
1440 508 1501 551 vel
1538 510 1749 564 poeniten-

118 582 219 623 tium
254 591 301 622 ac
336 592 408 635 pro
447 578 579 634 gradu
609 580 866 621 necessitatis
899 592 1039 621 omnes
1072 577 1340 635 confessarii,
1374 578 1554 622 scilicet:
1590 579 1753 622 iurisdi-

117 653 253 693 ctione
277 652 316 692 in
342 650 429 692 foro
453 648 743 692 sacramentali
780 648 953 705 praediti
989 661 1087 704 erga
1123 648 1237 692 illum
1266 649 1327 692 vel
1355 649 1445 692 illos
1480 651 1751 705 poenitentes,

118 719 373 776 obliyatione
408 732 479 776 per
511 732 554 762 se
587 721 706 775 gravi
744 724 939 761 ferientur
971 733 1022 761 ecc
1053 719 1247 765 caritate,
1273 720 1446 775 proinde
1480 721 1594 762 iuxta
1629 719 1753 763 liuius

118 791 283 848 regulas
316 795 355 833 et
388 791 593 844 ordinem,
627 789 910 847 consessiones
943 789 1129 846 fidelium
1163 789 1329 845 audire,
1364 790 1441 834 hoc
1475 803 1624 847 nempe
1647 804 1752 833 onus

116 864 256 905 subire
289 861 339 904 ad
373 860 702 904 succurrendum
728 874 871 903 eorum
897 863 1046 904 animis
1080 860 1281 904 beneticio
1314 860 1608 915 absolutionis;
1644 860 1686 915 b)
1711 866 1751 904 et

118 933 162 975 in
195 932 343 975 'mortis
374 931 580 989 periculo,
599 945 694 974 cum
729 936 916 974 extrema
950 933 1002 974 sit
1035 933 1272 985 necessitas,
1296 933 1329 975 si
1354 931 1489 975 tidelis
1512 933 1752 975 inveniatur

119 1006 156 1046 in
192 1002 378 1046 mortalis
403 1004 559 1058 peccati
583 1006 705 1057 statu,
730 1002 840 1059 quod
865 1001 951 1045 sola
975 1002 1231 1045 confessione
1256 1002 1466 1046 multoties
1489 1002 1752 1046 solummodo

117 1076 212 1118 sciri
249 1078 393 1131 potest,
417 1079 540 1130 atque
563 1073 730 1116 aliunde
754 1077 851 1116 tunc
875 1075 1086 1129 temporis,
1117 1088 1137 1113 ((
1157 1073 1318 1116 licetad
1355 1074 1637 1116 confessiones
1669 1086 1750 1116 non

118 1144 347 1201 approbati,
387 1144 522 1188 valide
556 1149 595 1187 et
628 1143 738 1187 licite
777 1143 1000 1187 absolvunt
1043 1143 1249 1201 quoslibet
1295 1146 1551 1200 poenitentes
1594 1157 1615 1188 a
1660 1146 1750 1202 qui-

121 1216 262 1260 busvis
305 1217 485 1272 peccatis
527 1220 566 1258 et
608 1217 839 1258 censuris»
878 1216 983 1269 (can.
1019 1215 1138 1272 882),
1171 1218 1361 1273 sequitur
1404 1218 1638 1259 necessario
1683 1215 1749 1259 illa

118 1287 370 1343 obligatione
402 1299 525 1342 supra
559 1286 767 1329 declarata
813 1288 943 1329 teneri
978 1299 1118 1329 omnes
1149 1285 1388 1329 scicerdotes
1426 1288 1462 1328 vi
1497 1287 1653 1330 ordinis
1686 1300 1751 1330 su-

118 1359 246 1413 scepti
281 1357 330 1400 ad
366 1359 498 1412 ipsum
534 1356 776 1399 salvationis
812 1358 1085 1399 ministerium
1122 1358 1180 1399 eis
1213 1359 1414 1401 concessi.

829 1496 974 1533 CAPUT
1001 1497 1039 1532 ll.

621 1569 671 1603 De
697 1569 964 1603 reservatione
989 1569 1254 1612 peccatorum.

171 1662 254 1699 CAN.
285 1661 366 1697 893.
397 1682 413 1689 -
442 1662 508 1704 §L
531 1662 597 1706 Qui
626 1662 803 1697 ordinario
830 1662 904 1698 iure
1025 1662 1108 1698 CAN.
1135 1662 1215 1697 896.
1259 1683 1275 1687 -
1315 1662 1409 1698 Inter
1446 1661 1647 1708 Superiores
1678 1663 1753 1698 reli>

126 1714 269 1757 possunt
294 1709 457 1745 audiendi
487 1709 722 1745 confessiones
755 1714 902 1755 potcsta-

124 1763 191 1793 tem
219 1757 406 1792 concedere
432 1761 492 1791 aut
521 1757 607 1792 ferre
625 1768 803 1799 censorem,
827 1768 898 1802 pos-

124 1809 206 1840 sunt
244 1815 394 1850 quoque,
423 1809 564 1851 excepto
596 1803 729 1839 vicario
764 1804 904 1849 Capitu-

122 1852 183 1888 lari
211 1856 244 1887 ct
274 1850 408 1886 Vicario
436 1851 597 1886 Generali
634 1851 710 1886 sine
737 1851 902 1887 mandato

121 1898 276 1945 speciali,
303 1898 493 1933 nonnullos
519 1909 621 1933 casus
638 1899 681 1933 ad
700 1910 802 1933 suum
821 1909 902 1933 avo—

121 1957 199 1982 care
226 1945 407 1987 iudicium,
439 1945 663 1981 inferioribus
697 1946 900 1982 absolvendi

122 1998 326 2040 potestatem
355 1992 555 2028 limitantes

169 2044 188 2082 ξ
215 2040 248 2074 ’2.
278 2039 369 2076 Haec
394 2040 549 2075 avocatio
575 2040 703 2074 dicitur
721 2040 902 2076 reservatio

123 2098 281 2123 casuum.

169 2139 188 2177 ᾗ
215 2134 248 2168 3.
279 2134 378 2177 Quod
406 2134 531 2169 attinet
557 2133 600 2169 ad
630 2134 899 2170 reservationem

122 2192 362 2223 censurarum,
378 2182 700 2227 servetuLpraescri
709 2186 804 2228 ptum
824 2193 900 2217 can.

123 2227 229 2272 2246,
258 2227 364 2263 2247.

171 2274 255 2311 CAN.
285 2273 366 2309 894.
410 2296 426 2300 -
470 2274 616 2310 Unicum
646 2280 824 2321 peccatum
851 2287 901 2311 ra-

122 2323 215 2358 tione
239 2322 290 2357 sui
319 2327 531 2358 reservatum
561 2321 710 2358 Sanctae
745 2322 823 2358 Sedi
851 2327 902 2358 est

124 2370 209 2405 falsa
247 2369 386 2409 delatio,
428 2380 496 2415 qua
534 2370 692 2405 sacerdos
731 2370 902 2406 innocens

122 2422 304 2452 accusatur
318 2416 360 2451 de
374 2416 521 2451 crimine
539 2417 794 2452 sollicitationis
808 2417 900 2463 apud

123 2464 254 2499 iudices
280 2463 543 2499 ecclesiasticos.

170 2510 253 2547 CAN.
281 2509 361 2546 895.
395 2531 410 2535 -
442 2510 606 2546 Locorum
626 2509 807 2546 Ordinarii
828 2522 902 2557 pec-

122 2563 199 2594 cata
225 2569 270 2593 ne
295 2562 484 2599 reservent,
515 2557 594 2598 nisi,
622 2569 657 2593 re
693 2558 726 2592 in
760 2557 902 2605 Synodo

122 2605 328 2641 dioecesana
353 2604 520 2645 discussa,
538 2605 588 2640 vel
607 2610 703 2640 extra
718 2605 898 2652 Synodum

122 2652 251 2688 auditis
290 2650 450 2697 Capitulo
476 2652 664 2687 cathedrali
703 2657 736 2687 et
769 2652 902 2698 aliquot

122 2711 162 2735 ex
182 2698 466 2745 prudentioribus
483 2709 523 2733 ac
543 2699 797 2745 probatioribus
819 2710 903 2735 suae

123 2746 289 2782 dioecesis
327 2745 527 2781 animarum
562 2746 793 2791 curatoribus,
823 2757 904 2782 vera

123 2793 367 2829 reservationis
384 2792 570 2828 necessitas
584 2798 643 2828 aut
659 2793 790 2829 utilitas
808 2804 901 2829 com-

123 2841 267 2887 probata
295 2839 408 2876 fuerit.

973 1709 1088 1754 gionis
1114 1709 1283 1745 clericalis
1310 1714 1490 1756 exemptae
1524 1721 1615 1745 unus
1645 1708 1752 1756 Supe-

974 1757 1043 1792 rior
1080 1757 1266 1801 generalis,
1293 1762 1325 1792 et
1364 1757 1397 1791 in
1439 1757 1660 1792 monasteriis
1698 1757 1750 1792 sui

975 1804 1060 1851 iuris
1103 1803 1234 1845 Abbas,
1278 1815 1357 1839 cum
1403 1804 1542 1850 proprio
1584 1804 1754 1850 cuiusque

975 1850 1140 1892 Consilio,
1169 1857 1320 1897 peccata,
1339 1857 1376 1886 ut
1403 1862 1517 1897 supra,
1533 1851 1752 1887 subditorum

974 1909 1150 1934 reservare
1194 1904 1353 1944 possunt.
1399 1899 1498 1934 firmo
1541 1899 1754 1944 praescripto

973 1957 1050 1981 can.
1078 1943 1157 1985 518,
1185 1950 1204 1987 g
1232 1945 1261 1986 l,
1290 1945 1371 1980 519.

1021 1993 1104 2028 CAN.
1133 1991 1214 2027 897.
1258 2013 1273 2019 -
1314 1992 1423 2029 Casus
1454 1993 1652 2028 reservandi
1681 1992 1751 2027 sint

976 2041 1074 2086 pauci
1115 2040 1274 2082 omnino,
1313 2045 1382 2076 tres
1424 2039 1556 2075 scilicet
1599 2039 1664 2082 vel,
1708 2040 1751 2075 ad

973 2098 1166 2127 summum,
1196 2092 1345 2133 quatuor
1370 2098 1408 2122 ex
1436 2087 1654 2132 gravioribus
1680 2092 1753 2122 tan-

974 2139 1048 2169 tum
1082 2139 1115 2169 et
1153 2134 1382 2170 atrocioribus
1408 2134 1616 2169 criminibus
1642 2139 1751 2170 exter-

974 2181 1030 2216 nis
1072 2182 1231 2227 specifice
1273 2181 1534 2223 determinatis3
1573 2181 1649 2227 ipsa
1676 2192 1753 2217 vero

973 2229 1160 2264 reservatio
1189 2239 1231 2264 ne
1257 2229 1348 2264 ultra
1386 2229 1421 2263 in
1458 2228 1573 2273 vigore
1600 2233 1753 2269 maneat,

973 2287 1078 2322 quam
1106 2287 1247 2311 necesse
1272 2277 1317 2310 sit
1341 2276 1384 2311 ad
1414 2275 1590 2321 publicum
1611 2275 1750 2321 aliquod

973 2323 1135 2358 inolitum
1168 2323 1290 2358 vitium
1316 2323 1580 2368 exstirpandum
1599 2327 1631 2357 ct
1650 2322 1752 2358 colla—

974 2380 1076 2416 psam
1105 2370 1190 2405 forte
1215 2370 1443 2405 christianam
1464 2369 1687 2416 disciplinam
1704 2369 1754 2404 in—

973 2417 1213 2453 staurandam.

1022 2463 1104 2500 CAN.
1132 2462 1211 2499 898.
1241 2485 1256 2489 -
1295 2463 1437 2499 Prorsus
1462 2463 1506 2498 ab
1533 2463 1575 2497 iis
1603 2463 1752 2509 peccatis

974 2511 1039 2547 sibi
1066 2511 1286 2547 reservandis
1304 2521 1426 2546 omnes
1443 2510 1644 2546 abstineant
1662 2521 1751 2556 quae

976 2558 1042 2593 iam
1082 2559 1153 2593 sint
1191 2558 1269 2593 Sedi
1310 2557 1527 2604 Apostolicae
1564 2557 1669 2593 etiam
1697 2568 1752 2593 ra—

973 2606 1067 2641 tione
1093 2616 1260 2641 censurae
1285 2609 1470 2645 reservata,
1488 2609 1521 2640 et
1546 2604 1751 2649 regulariter

972 2652 1016 2688 ab
1043 2652 1085 2687 iis
1111 2663 1248 2698 quoque
1275 2652 1402 2698 quibus
1427 2662 1585 2693 censura,
1607 2651 1670 2687 etsi
1689 2662 1750 2687 ne-

974 2699 1060 2734 mini
1088 2704 1273 2741 reservata,
1299 2710 1320 2735 a
1346 2699 1419 2734 iure
1445 2698 1605 2744 imposita
1632 2698 1689 2734 sit.

1022 2745 1104 2782 CAN.
1132 2745 1213 2780 899.
1245 2767 1261 2772 -
1290 2751 1309 2788 ξ
1340 2746 1368 2782 1.
1394 2744 1541 2781 Statutis
1567 2745 1672 2780 semel
1698 2756 1749 2781 re-

975 2793 1229 2829 servationibus
1247 2805 1334 2839 quas
1353 2803 1431 2829 vere
1455 2792 1667 2828 necessarias
1691 2797 1751 2827 aut

976 2841 1077 2875 utiles
1103 2840 1347 2882 iudicaverint,
1365 2844 1487 2875 curent
1506 2840 1658 2875 locorum
1685 2837 1750 2874 Or·
