1971 3261
125 122 219 158 Can.
252 120 406 155 ass-749
694 117 778 151 T1'r.
808 116 838 150 Ι.
870 136 880 140 -
907 115 964 150 De
994 116 1197 158 Raptis-mo
1720 110 1766 143 39

130 242 337 286 bunmnae
370 241 539 297 speciei,
562 251 726 295 semper
758 236 1037 294 baptizentur,
1070 235 1216 277 saltem
1253 234 1325 276 sub
1359 232 1599 276 eomlilione
1621 245 1767 275 secun-

126 313 228 356 dum
265 311 452 359 dubium,
491 323 528 350 v.
562 323 622 365 gr.
658 310 690 351 si
726 314 766 350 tu
812 321 854 350 es
897 306 1033 360 bomo,
1068 308 1098 347 si
1148 307 1275 349 vivis:
1316 317 1363 347 ac
1409 308 1576 360 propter
1619 302 1766 346 adver-

132 384 244 428 bium
277 398 295 422 «
320 394 485 438 semper
509 398 528 421 »
552 381 777 436 corrigitur
801 377 878 421 Rit.
906 377 1018 421 Rom.
1047 376 1141 433 (loc.
1167 376 1254 432 cit.)
1282 374 1568 432 praescribens
1598 389 1617 414 «
1643 387 1679 416 n.
1706 374 1768 417 16.

134 455 174 498 ln
213 455 407 497 monstris
437 464 457 492 ’κ
472 465 542 494 ero
578 450 844 506 baptizandis,
880 451 911 491 si
946 461 1066 492 casus
1099 449 1281 499 eveniat,
1306 459 1453 502 inagna
1490 443 1772 489 cautio-adhi-

135 525 268 569 benda
303 528 377 574 est,
411 523 462 566 de
495 535 576 579 quo
619 523 651 564 si
695 533 798 577 opus
843 521 979 567 fuerit,
1014 516 1264 563 Ordinarius
1309 517 1401 571 loci,
1439 515 1500 559 vel
1537 515 1604 559 alii
1638 515 1769 571 periti

132 594 418 649 consulantur,
455 595 531 637 nisi
567 594 710 635 mortis
744 590 973 648 periculum
1012 591 1289 632 immineat».
1314 586 1585 643 Quod-semel
1613 597 1771 642 proca-

131 667 249 711 sibns
282 665 475 708 omnibus
508 665 725 708 occasione
757 662 1059 706 coditicationis
1084 661 1235 704 factum
1273 661 1395 702 tuisse
1418 657 1672 702 censendum
1698 661 1772 710 est,

135 742 293 781 attento
317 738 417 780 artis
439 735 705 780 obstetriciae
731 746 965 790 progressu.
989 759 1045 763 -
1075 731 1159 775 lmo
1185 734 1290 774 inter
1315 730 1479 788 regulas
1511 742 1614 787 quas
1637 728 1688 772 de
1712 727 1774 770 his

133 821 185 852 ac
219 810 390 852 ostentis
422 809 661 851 successive
694 805 819 849 tradit
856 805 930 848 Rit.
968 803 1082 847 Rom.
1119 808 1202 846 est:
1243 819 1261 842 «
1292 803 1356 846 19.
1387 800 1627 854 Monstrum,
1663 798 1772 857 quod

139 880 362 924 humanam
403 881 583 936 speciem
621 891 698 920 non
734 878 1002 934 praeseferat,
1038 875 1233 932 baptizari
1278 887 1357 917 non
1400 872 1586 927 debet»,
1621 876 1658 915 et
1698 870 1774 913 boc

135 951 385 1008 abrogatum
423 954 561 993 manet
599 951 636 991 vi
671 948 794 991 huius
826 949 1019 1001 canonis,
1058 949 1167 1003 viget
1206 959 1304 989 vero
1336 949 1445 999 (can.
1483 943 1526 1000 ⁶2)
1566 959 1585 984 α
1609 943 1660 986 de
1694 955 1776 1000 quo

136 1025 171 1065 si
206 1022 377 1065 dubium
420 1022 554 1075 fuerit,
592 1019 820 1076 baptizetur
867 1018 944 1062 sub
994 1018 1068 1062 hac
1118 1018 1377 1061 conditione:
1412 1017 1451 1059 Si
1486 1019 1527 1058 tu
1563 1027 1606 1058 es
1638 1013 1779 1068 homo,

138 1105 217 1149 ego
253 1098 290 1136 te
326 1091 497 1148 baptizo,
522 1095 600 1134 etc.
626 1106 663 1134 ».
690 1116 742 1120 —
762 1087 882 1142 Quod
910 1091 946 1131 in
972 1100 1130 1131 canone
1154 1086 1366 1130 subditur:
1403 1086 1444 1128 in
1480 1084 1604 1128 (lubio
1638 1089 1776 1127 amem

142 1178 250 1207 umis
286 1178 334 1205 ne
367 1177 420 1205 un
453 1161 600 1220 plures
633 1161 718 1204 sin!
753 1160 953 1209 homines,
988 1173 1095 1201 unus
1134 1157 1323 1201 absolute
1359 1157 1606 1214 baptizetur,
1650 1155 1779 1198 ceteri·

138 1234 214 1277 sub
247 1232 500 1285 conditione,
534 1235 593 1276 sic
630 1232 812 1276 breviter
846 1232 1027 1274 continet
1065 1231 1318 1286 praescripta
1353 1241 1459 1286 quae
1494 1230 1532 1270 in
1559 1227 1634 1271 Rit.
1661 1226 1777 1270 Rom.

142 1305 386 1348 traduntur:
427 1320 446 1344 «
473 1304 539 1347 Ε20.
568 1303 668 1346 lllud
708 1316 818 1352 vero,
844 1303 895 1345 de
920 1314 1002 1359 quo
1036 1300 1209 1344 dubium
1234 1304 1308 1355 est,
1335 1312 1412 1343 una
1450 1312 1515 1353 ne,
1538 1303 1607 1342 aut
1642 1297 1781 1355 plures

138 1378 219 1420 sint
256 1388 471 1432 personae,
507 1387 585 1417 non
624 1373 867 1430 baptizetur,
901 1373 1031 1416 donec
1067 1371 1103 1414 id
1138 1371 1403 1415 discernatur
1434 1370 1529 1427 (nisi
1567 1383 1677 1412 mors
1711 1371 1782 1411 im-

141 1448 342 1501 mineat):
376 1447 556 1491 discerni
601 1450 759 1489 autem
786 1449 930 1502 potest,
963 1447 996 1487 si
1034 1443 1182 1488 babeat
1207 1456 1343 1486 unum
1382 1442 1444 1486 vel
1480 1441 1596 1499 plura
1631 1442 1779 1497 capita,

141 1532 270 1562 unum
301 1518 361 1561 vel
389 1517 504 1575 plura
542 1521 731 1574 pectora;
767 1521 862 1559 tunc
897 1518 1005 1559 enim
1043 1515 1211 1558 totidem
1247 1518 1368 1557 erunt
1391 1513 1516 1557 corda
1541 1518 1578 1556 et
1603 1514 1782 1565 animae,

142 1590 417 1648 hominesque
451 1589 647 1643 distincti,
684 1593 731 1632 et-
756 1601 804 1631 eo
839 1600 937 1631 casu
972 1586 1122 1643 singuli
1166 1599 1353 1629 seorsum
1397 1590 1491 1629 sunt
1535 1583 1783 1641 baptizandi,

143 1664 370 1719 unicuique
403 1660 601 1704 dicendo:
638 1659 724 1716 Ego
758 1664 797 1702 te
833 1659 1007 1716 baptizo,
1042 1663 1119 1702 etc.
1152 1660 1191 1701 Si
1230 1671 1328 1701 vero
1363 1655 1593 1714 periculum
1640 1656 1784 1698 mortis

147 1736 377 1777 immineat.
413 1737 661 1789 tempusque
693 1744 771 1774 non
807 1735 1012 1787 suppetat,
1039 1735 1080 1773 ut
1111 1729 1263 1786 singuli
1298 1730 1475 1785 separati
1514 1727 1782 1784 baptizentur,

145 1807 293 1862 poterit
329 1803 528 1857 Minister,
562 1802 820 1860 singulorum
858 1801 1065 1858 capitibus
1096 1814 1246 1858 aquam
1289 1800 1522 1855 infundens,
1555 1811 1700 1842 omnes
1732 1798 1784 1840 si-

146 1876 229 1920 mul
267 1876 474 1932 baptizare
519 1873 719 1918 dicendo:
754 1873 841 1930 Ego
878 1887 950 1915 vos
990 1872 1148 1929 baptizo
1184 1875 1221 1915 in
1258 1874 1424 1915 nomine
1461 1871 1590 1914 Patris
1622 1874 1659 1913 et
1697 1869 1783 1912 Filii

143 1953 185 1992 et
219 1949 395 2004 Spiritus
428 1947 581 1991 Sancti..
619 1946 752 2001 Quam
793 1950 929 1988 tamen
965 1947 1138 1987 tormam
1165 1946 1277 1987 iniis
1300 1943 1432 1986 solum
1468 1947 1505 1986 et
1542 1944 1578 1984 in
1614 1941 1705 1985 aliis
1737 1943 1786 1983 si-

149 2019 316 2063 milibus
352 2020 494 2061 mortis
529 2017 737 2074 periculis,
773 2018 823 2061 ad
863 2017 1002 2074 plures
1034 2015 1155 2059 simul
1199 2014 1479 2072 baptizandos,
1512 2020 1549 2058 et
1585 2013 1653 2057 ubi
1688 2018 1786 2056 tem-

148 2104 225 2148 pus
258 2103 338 2133 non
375 2092 539 2146 patitur,
577 2093 619 2132 ut
652 2088 802 2145 singuli
847 2089 1070 2144 separatim
1117 2086 1388 2143 baptizentur.
1422 2085 1524 2129 alias
1557 2097 1784 2142 numquam

150 2162 246 2206 licet
278 2161 522 2205 adbibere...
558 2160 626 2205 at.
661 2160 838 2215 Quando
876 2173 976 2202 vero
1011 2172 1088 2202 non
1124 2164 1183 2202 est
1218 2163 1376 2202 certum
1413 2160 1451 2200 in
1488 2162 1670 2200 monstro
1696 2156 1784 2213 (seu

146 2233 340 2290 ostentis)
359 2246 447 2276 esse
481 2232 585 2276 duas
621 2244 828 2288 personas,
857 2236 898 2274 ut
932 2233 1027 2288 quia
1063 2230 1145 2273 duo
1178 2231 1312 2286 capita
1338 2234 1375 2272 et
1400 2229 1481 2272 duo
1515 2232 1680 2285 pectora
1707 2241 1784 2270 non

150 2305 273 2349 babet
308 2305 524 2359 distincta3
563 2309 659 2347 tunc
691 2302 812 2347 debet
849 2305 1027 2359 primum
1065 2315 1169 2345 unus
1201 2300 1389 2345 absolute
1426 2300 1634 2357 baptizari,
1659 2304 1697 2343 et
1724 2313 1789 2355 po-

148 2382 233 2420 stea
269 2376 374 2419 alter
406 2375 482 2419 sub
517 2375 768 2420 conditione.
806 2373 1062 2417 boc-modo:
1097 2373 1136 2415 Si
1170 2386 1248 2415 non
1284 2386 1326 2416 es
1362 2371 1604 2428 baptizatus,
1638 2384 1716 2427 ego
1750 2375 1787 2413 te.

150 2448 324 2504 baptizo,
360 2452 438 2490 etc.
463 2464 502 2488 ».
633 2454 635 2456 ·

271 2518 338 2561 33.
377 2520 449 2565 De
482 2520 798 2576 baptizandis
834 2519 1091 2574 expositis.
1128 2542 1148 2547 -
1187 2515 1333 2558 lisdem
1360 2517 1527 2558 omnino
1570 2514 1709 2558 xerbis
1741 2526 1787 2557 ac

150 2592 190 2633 in
226 2589 305 2634 Rit.
340 2589 459 2633 Rom.
485 2588 529 2645 (l.
554 2604 596 2633 c:
624 2603 662 2632 n.
700 2589 770 2645 17)
803 2589 987 2632 deceruit
1013 2600 1102 2630 ean.
1139 2590 1245 2629 749.
1278 2585 1469 2643 Infantes
1498 2585 1685 2643 'expositi
1708 2587 1787 2628 t'or-

152 2661 258 2703 sitan
296 2662 334 2703 in
369 2659 509 2717 aliquo
544 2659 735 2716 hospitali
774 2659 835 2702 vel
877 2661 999 2702 etiam
1040 2657 1137 2701 alibi
1175 2671 1246 2713 per
1270 2668 1555 2713 quascumque
1581 2668 1789 2712 personas,

153 2731 339 2774 fortassis
371 2730 424 2774 ob
459 2733 602 2774 matris
639 2735 925 2787 paupertatem
965 2729 1026 2772 vel
1052 2729 1101 2773 ad
1141 2728 1351 2772 vitandam
1398 2729 1626 2775 infamiam,
1661 2732 1698 2769 e!
1734 2727 1793 2769 in·

155 2802 269 2845 venti
302 2814 568 2860 quacumque
603 2803 763 2845 ratione
795 2801 982 2844 derelicti
1017 2805 1086 2843 aut
1120 2800 1341 2856 deperditi,
1376 2798 1474 2849 nisi,
1499 2812 1544 2840 re
1565 2797 1794 2855 diliqenter

155 2872 428 2930 investiyata,
470 2872 579 2929 quod
629 2872 854 2929 prudenter
899 2870 1214 2927 adimplendum
1249 2875 1285 2913 et
1321 2874 1522 2926 quantum
1568 2871 1792 2913 necessitas
