1971 3261
225 155 293 187 654
602 151 686 184 Lm.
717 149 792 183 ΠΙ-
824 175 832 182 .
861 150 973 183 PARS
999 149 1030 183 Ι.
1059 169 1071 174 -
1098 149 1154 184 De
1179 149 1445 185 sacramentis
1530 149 1620 185 Can.
1650 132 1855 186 1102-1103'

229 274 366 315 vantia
402 283 618 314 removere
654 268 827 312 intendit
859 268 1058 317 Ecclesia,
1087 268 1346 312 mainarius
1366 275 1502 328 potest
1534 270 1583 313 ad
1620 269 1857 314 huiusmodi

229 345 385 386 maiora
419 341 568 384 damna
607 339 772 382 vitanda
808 340 999 395 prudenti
1035 339 1206 383 arbitrio
1240 339 1443 398 aliquam,
1466 354 1502 384 v.
1529 355 1588 397 gr.
1617 341 1855 385 rocchetum

229 418 267 456 et
300 412 443 455 stolam
480 410 691 465 adhibere,
727 409 896 466 parochi
930 410 1160 467 simplicem
1198 410 1542 466 benedictionem,
1567 425 1618 454 eac
1651 412 1859 455 consuetis

229 474 525 526 ecclesiasticis
558 479 846 530 caeremoniiS,
881 479 1051 523 exclusa
1084 495 1247 539 semper
1268 480 1426 524 Missae
1458 481 1748 539 celebratione,
1768 496 1860 540 per-

230 553 396 596 mittere
429 566 500 608 pro
535 565 614 595 uno
652 551 714 594 vel
750 550 936 606 pluribus
969 551 1147 605 casibus,
1182 557 1305 609 atque
1355 557 1398 595 ut
1436 565 1578 596 norma
1626 553 1772 597 saltem
1800 553 1859 596 di-

231 626 385 667 rectiva
424 621 784 678 «diligentissime
819 623 1032 677 perpensis
1065 621 1257 665 omnibus
1291 636 1445 677 rerum,
1470 623 1653 666 locorum
1689 635 1736 667 ac
1769 637 1859 680 per-

229 706 423 737 sonarum
473 692 678 735 adiunctis
702 708 740 733 ».
781 691 941 745 «Quae
989 691 1247 735 conditiones
1280 705 1328 735 eo
1363 694 1621 748 potissimum
1661 697 1859 749 spectant,

158 814 161 818 s
230 769 273 808 ut
308 766 345 806 in
379 762 685 807 Catholicorum
719 764 868 805 animis
901 774 1127 819 numquam
1163 761 1420 818 obliteretur,
1445 765 1644 806 memoria
1679 768 1764 806 tum
1788 762 1860 808 Ca-

231 847 400 888 nonum,
424 835 491 890 qui
516 832 751 876 huiusmodi
778 834 906 876 mixta
930 832 1192 876 Matrimonia
1215 834 1485 886 detestantur,
1510 838 1594 877 tum
1619 836 1861 878 constantis-

230 907 321 948 simi
356 904 465 947 illius
501 904 642 957 studii,
676 916 757 961 quo
807 907 846 948 S.
882 902 1010 947 Mater
1058 903 1243 948 Ecclesia
1291 917 1516 962 numquam
1567 905 1722 948 destitit
1756 905 1863 948 filios

230 990 326 1020 suos
358 980 561 1026 avertere,
597 987 644 1018 ac
677 975 890 1018 deterrere
923 974 975 1018 ab
999 975 1146 1018 iisdem
1171 978 1310 1019 mixtis
1333 978 1537 1032 coniugiis
1571 978 1609 1019 in
1639 989 1798 1032 eorum,
1824 982 1863 1020 et

233 1048 394 1090 futurae
430 1046 553 1102 prolis
588 1047 811 1102 perniciem
847 1045 1203 1090 contrahendis».
1240 1072 1293 1077 —
1326 1045 1516 1091 Clausula
1553 1047 1761 1104 praedicta
1796 1047 1864 1091 ubi

232 1119 404 1162 dicitur:
445 1133 464 1158 ((
488 1117 655 1160 exclusa
689 1130 856 1173 semper
880 1115 1027 1160 Missae
1050 1116 1329 1161 celebratione
1353 1133 1372 1158 ))
1411 1117 1643 1174 explicatur
1666 1130 1688 1160 a
1711 1116 1863 1174 Congr.

233 1188 270 1233 S.
306 1186 441 1233 Otticii
467 1188 479 1209 ¹
520 1203 538 1228 ((
567 1187 787 1243 Propositis
820 1199 843 1230 a
876 1187 921 1230 R.
951 1187 989 1229 P.
1015 1186 1060 1230 D.
1094 1186 1298 1244 Episcopo
1348 1186 1611 1231 Versalliensi
1656 1188 1865 1231 nonnullis

234 1258 370 1302 dubiis
403 1258 451 1301 ad
490 1260 667 1314 primum
703 1260 756 1300 ita
791 1259 1047 1314 expositum:
1083 1256 1227 1302 Utrum
1267 1260 1408 1315 vigore
1441 1258 1650 1302 clausulae
1684 1258 1865 1316 (praedi-

234 1329 342 1386 ctae)
377 1329 645 1386 prohibeatur
678 1333 836 1372 tantum
872 1327 991 1372 Missa
1027 1342 1098 1385 pro
1129 1332 1292 1384 sponsis
1315 1343 1409 1373 cum
1444 1329 1701 1373 orationibus
1733 1334 1773 1373 et
1797 1328 1863 1373 be-

237 1401 551 1452 nedictionibus,
589 1402 644 1443 nti
689 1402 727 1442 in
778 1398 929 1442 Missali
977 1398 1176 1455 Romano,
1212 1413 1261 1444 an
1311 1400 1521 1458 quaelibet
1569 1403 1706 1455 inissa,
1740 1402 1863 1443 etiam

238 1474 411 1529 privata,
446 1484 551 1528 quae
585 1470 820 1514 celebretur
854 1482 994 1514 coram
1027 1473 1188 1527 sponsis
1211 1475 1250 1514 et
1273 1471 1495 1515 comitibus
1529 1477 1618 1528 post
1653 1473 1865 1515 matrimo-

238 1545 365 1596 nium,
401 1542 495 1585 licet
526 1544 687 1599 sponsis
719 1555 798 1585 non
832 1541 954 1585 detur
987 1541 1180 1585 distincta
1213 1542 1364 1586 sedes?
1396 1542 1531 1586 Emmi
1556 1541 1639 1587 DD.
1673 1542 1868 1586 decreve-

241 1618 387 1656 verunt
411 1612 745 1668 respondendum
769 1625 880 1655 esse:
915 1611 1164 1655 affirmative
1188 1612 1237 1655 ad
1263 1616 1482 1669 utramque
1507 1617 1681 1669 partem,
1703 1612 1868 1670 quando
1931 1615 1938 1622 '

241 1686 361 1726 inissa
394 1683 628 1727 celebretur
660 1696 755 1727 cum
806 1682 999 1726 omnibus
1047 1685 1245 1739 expositis
1287 1685 1624 1739 circumstantiis,
1658 1686 1710 1726 ita
1745 1688 1788 1726 ut
1820 1695 1866 1726 ea

238 1753 440 1798 habeatur
473 1759 684 1811 tamquam
719 1753 1072 1810 complementum
1107 1756 1398 1797 caeremoniae
1432 1756 1748 1797 matrimonii».

359 1826 455 1868 506.
491 1827 852 1871 Adnotationes
879 1827 1193 1870 matrimonii.
1219 1851 1271 1855 —
1295 1824 1355 1868 Ex
1374 1827 1442 1869 cit.
1461 1838 1549 1882 cap.
1569 1825 1600 1868 11
1620 1825 1711 1869 Rus,
1736 1824 1865 1868 Rom‘.

241 1895 370 1940 nu1n0.
407 1897 429 1938 6
463 1896 706 1952 desumptus
730 1900 789 1938 est
814 1895 931 1938 caii²'⁸.
957 1896 1083 1938 1103.
1106 1895 1134 1953 ξ
1157 1898 1178 1938 1
1205 1894 1422 1939 Celebrato
1455 1895 1598 1940 saltem
1628 1896 1762 1939 valide
1781 1909 1866 1939 ma-

243 1966 439 2009 trimonio
473 1968 584 2009 iuxta
621 1971 771 2022 praem.
796 1978 989 2018 canones,
1009 1964 1221 2022 parochus
1244 1965 1307 2008 vel
1329 1966 1401 2023 qui
1422 1966 1512 2009 eius
1545 1979 1624 2024 qua
1648 1966 1740 2010 talis
1761 1966 1868 2009 vices

239 2036 350 2093 yerit
382 2036 525 2079 saltem
551 2037 685 2094 (quoad
718 2036 796 2080 hoc
831 2039 936 2079 inter
974 2037 1053 2080 alia
1092 2039 1317 2093 negotium,
1343 2037 1663 2095 quamprimum,
1699 2050 1748 2080 ne
1771 2035 1867 2080 obli-

243 2110 363 2150 vione
398 2107 460 2150 vel
506 2107 758 2164 negligentia
807 2107 987 2163 deficiat,
1020 2112 1060 2151 et
1091 2110 1289 2151 omissum
1338 2113 1398 2151 est
1435 2124 1458 2149 «
1481 2120 1604 2151 manu
1641 2109 1867 2164 propria»,

242 2182 380 2234 utpote
413 2178 521 2236 quod
556 2178 883 2235 subintelligitur
916 2181 953 2222 in
988 2192 1074 2237 seq.
1105 2178 1254 2223 verbo:
1290 2177 1500 2222 describat
1523 2179 1567 2221 iii
1591 2177 1697 2222 libro
1719 2179 1866 2221 matri-

241 2248 488 2303 momorum,
515 2262 593 2292 non
617 2262 737 2293 secus
761 2262 808 2292 ac
833 2252 870 2292 in
897 2249 989 2294 Rit'k
1015 2249 1153 2294 R0m0.
1187 2249 1341 2293 dicitur
1363 2249 1547 2305 nomina,
1581 2249 1733 2307 quibus
1767 2248 1869 2292 bene

241 2319 561 2375 distinguantur,
595 2319 636 2376 a)
670 2320 907 2378 coniuqum,
942 2319 983 2378 b)
1017 2334 1066 2363 ac
1101 2320 1281 2375 testium,
1306 2321 1345 2378 c)
1370 2319 1519 2376 locum,
1542 2319 1586 2377 (l)
1613 2325 1652 2362 et
1675 2319 1784 2363 diem
1807 2333 1867 2364 ce-

242 2389 393 2432 lebrati
425 2390 699 2443 matrimonii,
733 2391 773 2448 e)
807 2396 933 2448 atque
960 2390 1063 2442 alia,
1088 2396 1128 2434 et
1151 2390 1252 2434 haec
1275 2393 1412 2434 omnia
1446 2389 1671 2434 secundam
1704 2389 1869 2433 modam

242 2460 282 2517 a)
317 2460 360 2503 iii
393 2459 512 2503 libris
544 2461 773 2504 ritualibus
809 2475 845 2505 v.
870 2475 932 2518 gr.
957 2464 995 2504 in
1020 2461 1113 2506 Riti.
1139 2461 1277 2505 Rom0.
1300 2461 1391 2505 sub.
1417 2463 1474 2504 tit.
1501 2460 1551 2516 X,
1575 2474 1664 2518 cap.
1691 2461 1730 2515 ὃ,
1766 2460 1808 2518 b)
1831 2465 1870 2503 et
1940 2502 1943 2507 .

242 2545 268 2574 a
298 2531 473 2588 proprio
511 2530 743 2575 Ordinario
778 2533 962 2576 fortassis
995 2534 1230 2576 accuratius
1259 2532 1595 2590 praescriptum;
1637 2531 1762 2588 idque
1793 2534 1871 2575 sci·
1934 2541 1942 2556 ³

242 2601 357 2645 licet:
399 2617 417 2642 (t
444 2602 648 2657 parochus
683 2602 745 2645 vel
771 2605 840 2660 qui
866 2605 956 2646 eius
982 2605 1093 2647 vices
1115 2607 1232 2659 gerat
1254 2602 1507 2647 describat»
1545 2608 1748 2659 utsupra,
1773 2602 1870 2645 licet
1936 2636 1938 2638 v
1967 2600 1971 2654 ζ

243 2671 355 2714 alias
387 2672 581 2714 sacerdos
617 2672 676 2714 cel
709 2687 735 2715 a
762 2687 805 2715 se
827 2672 890 2716 cet
922 2672 971 2716 ab
1008 2672 1241 2716 Ordinario
1274 2672 1504 2731 deleqatzw,
1541 2678 1659 2730 prout
1693 2677 1866 2730 oportet,

243 2742 526 2793 matrimonio,
558 2747 599 2785 ut
632 2743 707 2786 hoc
740 2745 792 2786 sit
827 2743 1026 2799 validum,
1060 2742 1290 2786 adstiterit.

361 2896 372 2916 ¹
402 2895 443 2929 17
470 2895 552 2929 Ian.
583 2896 685 2930 1872.
