1971 3261
104 122 198 158 Can.
227 119 427 156 1129-1130
615 118 699 152 Tm
725 116 809 151 VII.
840 137 848 142 -
876 116 932 151 De
959 117 1220 151 Matrimonz'o
1662 115 1731 150 689

109 243 256 295 veteri,
289 252 336 284 ac
371 237 544 295 proinde
586 241 681 280 sunt
723 236 1004 280 aestimandae
1037 235 1087 279 ad
1124 248 1310 278 normam
1354 248 1444 280 can.
1480 236 1520 288 6,
1553 236 1596 278 ⁶2⁰
1636 251 1655 276 α
1680 248 1728 278 ex

108 314 288 369 receptis
319 309 427 367 apud
464 308 657 364 probatos
690 312 880 351 auctores
915 307 1386 364 interpretationibus».

226 381 312 427 Una
346 379 531 424 exclusio
564 391 713 422 causae
747 381 1018 434 separationis
1038 378 1090 423 ob
1113 378 1363 422 adulterium
1388 383 1461 433 est,
1487 381 1529 421 ut
1554 378 1734 420 vidimus

109 454 186 498 sub
219 453 351 496 littera
385 452 420 506 c)
458 453 534 493 «si
571 450 670 493 illud
705 452 826 493 tacite
850 450 1206 503 condonaverit»,
1229 455 1397 506 propter
1418 462 1542 507 quam
1567 449 1735 492 additur

111 527 136 579 g
170 525 207 567 ἱ).
248 521 391 566 Tacita
425 521 677 565 condonatio
712 520 744 563 1⁰
779 519 967 574 liabetur,
1011 523 1108 577 quin
1148 521 1379 577 denegetur
1412 523 1449 562 in
1485 520 1577 564 aliis
1619 521 1736 563 sactis

110 596 326 648 contineri,
360 593 430 636 sed
464 594 686 636 asseritur:
721 591 758 634 si
791 591 945 634 com'ur
977 591 1188 646 innocens,
1223 605 1271 634 eo
1304 591 1414 648 quod
1448 591 1499 634 de
1533 591 1736 634 adulterio

112 664 182 708 illo
218 664 280 707 vel
315 663 445 707 altero
468 675 489 706 a
514 676 557 706 se
582 667 742 719 patrato
767 676 844 705 non
870 667 931 705 est
953 662 1188 718 culpabilis,
1213 666 1255 705 ut
1287 662 1537 719 explicatum
1565 664 1636 704 l'uit
1661 661 1738 705 sub

112 735 259 778 litteris
291 737 332 792 a)
367 733 408 791 b)
444 739 483 777 et
516 733 576 790 d),
602 738 829 791 postquam
862 732 912 775 de
944 732 1120 775 crimine
1162 732 1369 776 adulterii
1411 732 1567 776 certior
1597 731 1738 790 sactus

111 811 185 859 est,
219 818 312 848 nam
348 807 470 848 tacita
503 805 752 848 condonatio
787 807 823 846 in
861 803 1073 847 voluntate
1106 806 1244 846 existit
1288 805 1487 861 lactisque
1531 804 1738 860 panditur,

114 875 338 920 voluntatis
384 889 483 918 vero
522 880 638 919 actus
680 875 731 918 de
777 877 914 931 ignoto
955 888 1032 916 non
1077 875 1213 925 datur„
1251 888 1342 916 cum
1385 874 1521 917 altero
1564 873 1739 931 coniage

113 946 154 1004 a)
188 953 351 1005 sponte,
399 960 477 989 non
526 949 645 1003 gravi
697 951 806 988 metu
856 950 927 990 aut
975 947 1012 987 vi
1051 951 1232 999 coactus,
1268 945 1312 1002 b)
1345 944 1540 987 maritali
1573 944 1737 1002 aflecta,

114 1031 285 1075 nempe:
319 1020 429 1062 circa
464 1031 510 1060 ea
545 1030 651 1074 quae
684 1019 908 1073 coniugum
944 1029 1024 1074 qua
1060 1017 1201 1060 talium
1236 1022 1329 1060 sunt
1365 1019 1544 1073 propria,
1578 1030 1741 1060 convcr-

113 1094 232 1132 satus
264 1088 422 1146 saerit;
453 1101 560 1146 quae
594 1101 687 1131 cum
722 1090 803 1131 sint
835 1088 1010 1141 occulta.
1035 1087 1176 1131 subdit
1198 1100 1351 1130 canon:
1379 1086 1430 1130 ll⁰
1450 1087 1742 1145 praesumitur

115 1173 209 1203 vero
231 1159 376 1216 supple
405 1161 566 1202 «tacita
591 1159 878 1202 condonatio»
908 1158 1131 1214 praedicta,
1156 1158 1242 1200 nisi
1264 1157 1306 1215 a)
1329 1172 1402 1200 seoe
1433 1157 1550 1201 intra
1582 1172 1742 1201 menses

114 1230 416 1286 computandos
449 1232 644 1273 continue
667 1229 719 1273 ab
741 1229 946 1273 adulterio
971 1234 1144 1286 patrato,
1168 1242 1216 1273 ac
1241 1229 1412 1285 proinde
1450 1245 1472 1270 «
1497 1234 1617 1285 prout
1648 1234 1743 1273 sunt

116 1302 154 1343 in
189 1300 465 1344 calendario»
505 1300 614 1358 (can.
650 1300 703 1343 34
737 1303 789 1355 §g
814 1301 852 1351 2,
877 1300 916 1351 3,
944 1301 1018 1358 1⁰),
1053 1300 1269 1356 coniuqem
1293 1299 1533 1344 adulterum
1557 1301 1596 1356 a)
1619 1314 1741 1357 empu-

115 1369 214 1414 lerit
237 1384 259 1414 e
283 1373 449 1428 proprio
472 1373 680 1414 consortio
704 1370 985 1423 habitationis,
1009 1370 1051 1428 b)
1075 1370 1138 1413 vet
1160 1370 1450 1428 dereliquerit,
1484 1376 1527 1414 ut
1549 1385 1745 1427 expresse

116 1442 300 1500 loquitur
348 1442 458 1486 lesus
508 1443 720 1497 Dominus,
771 1442 811 1499 c)
845 1448 920 1485 aut
953 1441 1186 1499 lcyitimam
1235 1442 1545 1485 accusationem
1581 1441 1744 1500 fecerit,

120 1518 241 1569 prout
274 1515 312 1556 in
349 1515 437 1556 iure
470 1512 749 1557 Decretalinm
785 1513 1087 1557 conceditur-¹:
1137 1528 1157 1554 ((
1181 1512 1339 1557 Maritis
1371 1516 1494 1557 etiam
1530 1527 1579 1557 ex
1613 1516 1745 1570 suspi-

115 1586 233 1628 cione
267 1598 419 1628 uxores
449 1597 647 1628 accusare
681 1587 927 1640 permissum
963 1588 1042 1627 est:
1077 1588 1117 1628 et
1151 1586 1225 1641 ipsi
1261 1583 1352 1641 plus
1384 1587 1536 1629 ceteris
1558 1584 1610 1628 de
1628 1584 1744 1628 adul-

117 1658 220 1700 terio
254 1661 293 1699 et
325 1668 523 1700 accusare
559 1661 727 1712 possunt
759 1660 799 1699 et
832 1655 1059 1699 defendere
1083 1672 1122 1700 )).

238 1727 450 1771 Praedicta
485 1730 594 1770 enim
629 1729 766 1770 omnia
801 1729 1008 1781 omittens,
1042 1729 1117 1770 nisi
1153 1727 1409 1770 condonaret
1438 1726 1582 1770 saltem
1609 1729 1744 1782 tacite,

117 1798 496 1855 comprehendetur
528 1797 606 1842 sub
638 1811 728 1854 cap.
763 1797 787 1840 3
822 1798 1006 1841 eiusdem
1043 1798 1173 1843 tituli:
1213 1814 1235 1839 «
1257 1800 1296 1841 Si
1335 1800 1397 1840 vir
1413 1800 1549 1842 sciens
1574 1811 1744 1842 uxorem

117 1882 234 1912 suam
269 1869 508 1926 deliquisse,
541 1882 648 1926 quae
697 1882 775 1911 non
826 1872 959 1925 egerit
1007 1871 1318 1925 poenitentiam,
1350 1869 1421 1912 sed
1460 1873 1675 1925 permanet
1708 1872 1745 1912 in

120 1942 407 1995 fornicatione,
443 1942 593 1983 vixerit
625 1953 721 1984 cum
757 1939 838 1993 illa,
873 1953 967 1983 reus
1000 1942 1093 1993 erit,
1125 1942 1275 1983 eteius
1300 1942 1458 1996 peccati
1484 1942 1747 1996 particeps».

240 2011 335 2055 542.
365 2013 656 2058 Pei-duratio
690 2013 1040 2068 separationis.
1060 2037 1112 2041 —
1137 2013 1350 2067 Separatio
1386 2011 1609 2067 praedicta,
1643 2024 1749 2069 quae

120 2096 199 2126 non
218 2085 270 2126 sit
287 2087 495 2126 coarctata
516 2082 564 2126 ad
585 2082 712 2126 debiti
731 2082 1065 2138 denegationem,
1091 2084 1268 2139 pertinet
1285 2083 1334 2126 ad
1356 2083 1488 2125 torum
1514 2087 1748 2137 externum,

118 2158 324 2210 quatenus
357 2155 445 2197 lieri
479 2157 660 2211 nequeat
706 2155 795 2196 sine
843 2153 1018 2196 aliorum
1067 2153 1279 2208 scandalo,
1314 2155 1352 2196 ni
1387 2165 1510 2197 causa
1556 2155 1640 2210 ipsa
1677 2167 1747 2209 pu-

120 2223 226 2268 blice
260 2229 353 2268 nota
389 2226 524 2268 l'uerit.
560 2223 668 2268 Huic
701 2225 789 2267 foro
824 2236 1010 2275 normam
1035 2224 1161 2267 tradit
1183 2226 1298 2268 aiens
1321 2238 1411 2267 caii.
1438 2225 1565 2268 1130.
1588 2223 1751 2268 Coniux

118 2295 330 2344 innocens,
364 2309 412 2339 eo
445 2295 555 2353 quod
589 2294 747 2352 absque
767 2297 894 2350 ipsius
920 2295 1131 2338 voluntale
1156 2296 1229 2338 tuit
1251 2294 1500 2338 adulterium
1529 2300 1748 2351 patratum,

120 2379 248 2424 seque
279 2366 331 2410 ab
363 2366 526 2424 aequali
560 2368 735 2409 crimine
769 2367 996 2409 immunem
1040 2368 1242 2419 servavit,
1275 2365 1316 2422 a)
1350 2366 1436 2408 sice
1468 2365 1622 2408 iudicis
1659 2380 1750 2408 sen-

121 2438 270 2488 tentia,
305 2443 425 2494 prout
458 2437 691 2481 laciendum
719 2442 794 2490 est,
817 2437 983 2494 quando
1006 2439 1163 2480 crimen
1199 2450 1277 2480 non
1303 2442 1363 2480 est
1388 2437 1614 2494 publicum,
1638 2437 1747 2495 quod

125 2522 175 2552 ex
211 2508 290 2552 alia
325 2514 441 2566 parte
474 2508 639 2565 probari
675 2513 820 2564 potest,v
855 2507 897 2565 b)
931 2508 1017 2551 sive
1045 2509 1224 2566 propria
1258 2509 1528 2562 auctoritate,
1555 2511 1688 2565 prouti
1714 2511 1748 2551 ei

123 2579 243 2636 plene
277 2579 372 2623 licet
405 2582 494 2623 iure
527 2579 786 2636 evangelico,
820 2579 917 2622 dum
954 2578 1142 2635 leyitime
1175 2579 1299 2623 idest:
1334 2593 1382 2623 ex
1418 2585 1530 2623 certa
1556 2579 1750 2622 adulterii

121 2652 293 2694 scientia
328 2651 436 2707 quod
457 2649 567 2693 nulla
592 2653 937 2706 tergiversatione
960 2650 1126 2693 del'endi
1153 2653 1292 2707 possit,
1316 2662 1364 2694 ac
1386 2650 1583 2694 scandalo
1610 2654 1750 2705 vitato,

122 2720 378 2764 discesserit.
412 2721 513 2764 alias
547 2735 619 2777 per
651 2720 974 2765 ecclesiasticam
1010 2723 1298 2765 auctoritatem
1323 2723 1413 2778 cogi
1441 2726 1575 2777 posset
1599 2722 1648 2764 ad
1676 2720 1752 2764 boc

241 2874 252 2895 ¹
280 2873 370 2918 Cap.
395 2874 417 2906 4
445 2873 509 2907 tit.
540 2873 596 2907 De
623 2873 831 2907 adulteriis
859 2873 900 2907 16
926 2872 1012 2907 Lib.
1042 2872 1088 2907 V.

207 2952 305 2981 BLAT
327 2967 346 2973 -
372 2951 494 2980 Comm.
522 2952 607 2980 Text.
634 2952 709 2980 Cocl.
733 2951 806 2980 Inr.
832 2951 913 2980 Can.
1632 2951 1669 2978 44
