1971 3261
143 127 213 161 232
539 127 625 161 LIB.
654 127 726 160 III.
756 147 768 152 -
795 126 906 161 PARS
931 126 962 161 1.
981 147 1004 180 >—
1029 127 1086 162 De
1111 127 1377 163 Sam-amentis
1583 128 1676 164 Can.
1702 125 1772 164 881

140 245 348 291 nullumque
375 245 595 291 privilegium
614 244 794 280 continere
811 248 933 280 contra
952 245 1097 280 formam
1119 244 1225 281 Conc.
1243 245 1349 288 Trici,
1366 250 1399 282 et
1418 244 1552 282 Constm
1567 246 1769 293 Aplcarum.

140 304 251 349 (Pauli
281 303 319 345 V,
347 303 477 340 Urbani
510 303 581 339 vul
610 307 642 338 et
669 302 780 339 Clem.
810 302 874 347 X);
913 303 999 339 adeo
1026 308 1061 339 ut
1088 304 1300 340 Confessarii
1340 309 1412 341 tam
1445 305 1639 341 saeculares
1664 317 1770 352 quam

139 363 324 408 regulares,
352 362 563 408 quicumque
586 361 634 396 illi
655 362 740 403 sint,
763 361 797 396 in
819 361 888 396 vim
907 361 1019 398 dictae
1038 362 1157 398 Bullae
1183 361 1409 399 Cruciatae...
1430 363 1542 405 electi,
1572 364 1773 400 nullatenus

139 422 374 458 confessiones
393 420 591 456 huiusmodi
611 420 736 455 audire
756 420 908 461 valeant,
931 421 1007 456 sine
1025 422 1277 468 approbatione
1304 420 1524 458 Ordinarii...
1551 422 1628 467 loci,
1650 423 1685 457 in
1705 434 1775 469 quo

138 481 202 527 ipsi
233 480 450 526 poenitentes
477 479 622 524 degunt,
652 483 685 514 et
711 479 944 515 confessarios
969 479 1118 525 eligunt,
1148 481 1199 516 vel
1226 481 1269 516 ad
1297 482 1520 527 excipiendas
1536 482 1775 517 confessiones

138 540 340 586 requirunt3
370 549 431 574 nec
446 538 489 573 ad
509 539 572 573 hoc
586 538 768 583 suffragari
785 539 1120 585 approbationem...
1137 541 1181 575 ab
1197 539 1397 576 Ordinariis
1411 541 1559 576 aliorum
1576 541 1801 589 locorum...l

137 599 328 639 obtentam,
370 597 507 633 etiamsi
537 597 754 643 poenitentes
793 597 933 633 illorum
975 596 1258 640 Ordinariorum,
1297 599 1354 645 qui
1390 600 1619 635 confessarios
1644 600 1775 635 electos

137 657 404 703 approbassent,
433 655 561 690 subditi
592 657 722 697 forent3
751 656 971 702 subindeque
996 657 1117 692 statuit
1143 658 1380 694 confessiones
1405 658 1506 694 aliter
1532 658 1566 692 in
1597 663 1770 704 posterum

138 717 245 751 factas
271 720 303 751 et
329 715 518 761 respective
543 715 735 759 auditas‚...
764 715 938 750 invalidas
967 715 1101 751 fore...:
1131 714 1343 762 Opinionem
1372 721 1489 752 autem
1514 728 1775 763 quamcumque

136 775 360 811 contrariam.
390 778 570 819 tamquam
599 774 737 816 falsam,
767 775 1001 817 temerariam,
1027 775 1269 811 scandalosam
1297 776 1387 810 etin
1417 775 1511 822 praxi
1540 777 1771 823 perniciosam

136 835 363 870 damnavit...

254 898 273 936 ἓ
300 894 332 928 3.
363 893 432 929 Has
459 894 626 929 litteras...
653 893 861 940 approbavit
901 893 1018 928 lnnoc.
1046 893 1189 929 Xlll...1
1231 894 1333 929 editis
1360 894 1535 930 similibus
1558 893 1698 931 Litteris
1724 896 1777 930 in-

136 953 265 1000 cipien.
296 958 318 971 “
337 953 525 1000 Apostolici
554 952 740 988 ministerii
758 981 780 998 ‚,
821 952 988 998 quibus...
1019 953 1110 988 inter
1135 953 1203 988 alia
1238 953 1440 995 declaravit,
1475 952 1675 997 Sacerdotes
1700 960 1771 990 tam

135 1012 328 1048 saeculares
355 1023 460 1058 quam
491 1012 679 1057 regulares,
710 1012 768 1058 qui
795 1011 840 1047 ab
867 1011 1045 1058 Episcopis
1063 1012 1281 1048 obtinuerint
1303 1013 1479 1048 licentiam
1507 1013 1671 1048 audiendi
1691 1024 1773 1049 con-

136 1071 303 1107 fessiones
329 1071 529 1114 limitatam,
556 1071 607 1106 vel
635 1071 749 1117 quoad
778 1071 905 1112 locum,
935 1071 987 1106 vel
1014 1071 1126 1116 quoad
1163 1076 1302 1117 tempus
1333 1072 1386 1107 vel
1414 1072 1527 1117 quoad
1559 1083 1670 1117 genus
1698 1084 1772 1119 per—

133 1141 312 1172 sonarum,
339 1141 408 1166 non
438 1138 535 1176 posse
561 1129 717 1166 Sacram.
750 1130 880 1165 Poenit.
906 1130 1154 1166 administrare
1181 1136 1277 1166 extra
1306 1135 1458 1177 tempus
1490 1131 1543 1166 vel
1571 1131 1697 1173 locum,
1719 1131 1772 1167 vc}

134 1200 245 1234 genus
271 1199 499 1234 personarum
526 1189 570 1223 ab
593 1188 679 1234 ipsis
710 1188 888 1234 Episcopis
909 1189 1183 1235 praescriptum;
1213 1200 1435 1235 quocumque
1456 1189 1647 1235 prixilegio,
1667 1189 1773 1225 etiam

135 1248 170 1283 in
199 1247 268 1282 vim
298 1247 425 1288 Bullae,
457 1258 545 1293 quae
570 1247 768 1293 appellatur
805 1246 988 1283 Cruciatae
1015 1246 1176 1288 Sanctae,
1205 1252 1439 1294 competente,
1469 1248 1672 1284 nullatenus
1700 1249 1769 1284 suf-

135 1308 312 1352 fragante:
354 1305 494 1342 Necnon
524 1306 771 1342 Sacerdotibus
815 1306 1041 1352 praedictis...
1085 1317 1124 1342 ex
1158 1318 1380 1353 quocumque
1415 1307 1598 1353 privilegio
1637 1308 1770 1349 electis,

135 1366 281 1401 minime
307 1366 502 1411 suffragari,
532 1366 623 1412 quod
650 1366 832 1412 approbati
859 1366 946 1401 alias
974 1366 1103 1401 fuerint
1129 1367 1173 1401 ab
1191 1366 1373 1413 Episcopo,
1404 1366 1462 1413 qui
1483 1367 1676 1413 aliquando
1694 1367 1772 1410 loci,

134 1426 171 1460 in
198 1436 266 1471 quo
291 1425 535 1461 Confessiones
572 1425 770 1461 audiendae
795 1430 889 1466 sunt,
928 1424 1140 1461 Ordinarius
1168 1426 1283 1470 fuerit,
1325 1426 1384 1462 sed
1414 1426 1493 1461 talis
1519 1437 1590 1461 nou
1617 1426 1770 1472 amplius

132 1485 310 1526 existat,...
338 1484 397 1520 sed
423 1484 655 1520 necessarium
682 1495 756 1520 esse
782 1484 928 1520 omnino
955 1484 1063 1526 illius,
1092 1486 1150 1530 qui
1178 1485 1373 1526 actualiter,
1405 1489 1438 1521 et
1467 1496 1527 1531 pro
1545 1490 1699 1531 tempore
1717 1496 1771 1521 or—

131 1543 307 1579 dinariam
346 1542 623 1578 iurisdictionem
651 1542 687 1577 in
716 1553 757 1578 ea
784 1542 934 1579 Dioecesi
974 1548 1143 1584 exerceat,
1182 1543 1491 1590 approbationem;
1530 1544 1622 1579 hanc
1646 1548 1768 1580 tamen

132 1602 288 1638 sufficere
302 1601 406 1638 etiam
425 1601 578 1644 tacitam,
595 1602 700 1648 (quod
717 1613 811 1638 nunc
827 1604 994 1648 temporis
1014 1602 1160 1648 intelligi
1177 1607 1322 1649 oportet,
1339 1603 1451 1649 quoad
1472 1603 1768 1649 perseverantiam

132 1662 294 1697 obtentae
320 1661 356 1696 in
383 1665 600 1697 antecessum
634 1661 886 1697 iurisdictionis
912 1673 990 1697 cum
1018 1662 1271 1708 approbatione
1297 1663 1392 1697 iuxta
1417 1673 1496 1697 can.
1526 1660 1595 1705 61),
1621 1673 1772 1708 eamque

130 1720 264 1756 tamdiu
284 1720 419 1761 durare,
446 1720 614 1766 quamdiu
636 1720 847 1766 praecedens
866 1720 1008 1756 licentia
1026 1721 1097 1756 sive
1115 1721 1320 1767 approbatio
1338 1731 1500 1767 expresse
1519 1726 1677 1757 revocata
1696 1732 1766 1756 non

133 1780 246 1821 fuerit,
265 1780 300 1814 in
317 1790 384 1825 quo
399 1790 480 1814 casu
507 1790 596 1814 nova
607 1779 648 1814 de
663 1779 800 1824 integro
814 1779 1019 1825 approbatio
1048 1779 1270 1826 impetranda
1295 1779 1380 1820 erit;
1398 1780 1487 1815 sicut
1505 1780 1609 1815 etiam
1626 1780 1770 1826 quando

131 1838 224 1884 prior
248 1837 466 1884 approbatio,
506 1842 660 1884 tempore
689 1838 872 1884 praefinito
909 1838 1040 1884 elapso,
1068 1839 1309 1884 expiraverit»
1353 1839 1419 1883 (vel
1450 1850 1508 1885 per
1541 1839 1763 1885 posteriorem

131 1898 385 1934 revocationem
413 1896 551 1932 sublata
579 1897 729 1942 fuisset).

250 1961 269 1999 ξ
296 1955 329 1991 5.
359 1956 451 2000 Quia
477 1967 599 1992 vero...
641 1956 867 1992 Innocentius
894 1957 952 1992 ΧΗ
980 1963 1013 1993 et
1039 1957 1112 1993 xm
1143 1958 1178 1992 in
1205 1958 1277 1993 suis
1312 1958 1502 2004 respective
1529 1957 1681 2001 Litteris,
1708 1958 1760 1993 ln—

131 2015 268 2052 dultum
297 2026 355 2061 per
381 2015 516 2051 Bullam
544 2014 727 2051 Cruciatae
754 2027 958 2052 concessum
985 2017 1230 2052 tantummodo
1259 2016 1467 2052 nominatim
1495 2022 1765 2063 expresserunt:

130 2075 259 2111 idcirco
285 2074 397 2110 Nos...
428 2086 499 2110 non
528 2075 628 2110 modo
654 2075 763 2110 relata
789 2076 988 2122 superius...
1014 2075 1310 2112 confirmamus...
1340 2087 1460 2112 verum
1477 2077 1580 2112 etiam
1601 2077 1761 2122 eadem...

133 2134 310 2181 potestatis
325 2133 555 2186 *plenitudine
581 2134 770 2169 statuimus
796 2139 829 2170 et
855 2134 1087 2176 declaramus,
1117 2135 1207 2181 quod
1235 2135 1325 2171 idem
1353 2135 1499 2170 omnino
1526 2135 1634 2179 ius‚...
1659 2135 1765 2171 etiarn

130 2193 243 2239 quoad
270 2192 404 2237 reliqua
441 2192 595 2227 eiusdem
624 2193 763 2237 generis
790 2193 929 2228 ludulta
969 2194 1207 2239 pariformiter
1233 2194 1347 2230 valere
1373 2193 1496 2229 debeat
1522 2199 1555 2230 et
1580 2194 1765 2230 obtinere:

134 2250 300 2286 Volumus
326 2250 431 2286 etiam
458 2251 737 2296 reprobationem
765 2252 938 2287 dictarum
957 2252 1165 2298 opinionum
1193 2252 1503 2299 (oppositarum)...
1526 2253 1637 2288 locum
1665 2253 1761 2288 simi-

131 2310 209 2346 liter
236 2310 375 2351 habere,
404 2314 579 2355 quatenus
606 2311 745 2346 easdem
774 2311 958 2357 opiniones
984 2316 1017 2347 et
1043 2312 1237 2347 sententias
1263 2312 1298 2346 in
1326 2311 1482 2347 medium
1510 2312 1653 2358 proferri
1682 2323 1760 2348 con-

129 2369 279 2414 tingeret
305 2369 396 2404 circa
421 2368 548 2404 similia
576 2369 681 2404 etiam
710 2369 862 2414 lndulta,
884 2370 956 2406 sive
975 2370 1148 2406 universis
1169 2381 1227 2416 per
1246 2370 1432 2406 Ecclesiam
1454 2369 1762 2412 christifidelibus,

129 2427 201 2463 sive
228 2427 331 2463 alicui
360 2426 517 2472 Regioni,
545 2432 604 2463 aut
631 2427 729 2471 Loco,
760 2427 997 2469 Universitati‚
1026 2434 1086 2464 aut
1114 2427 1232 2465 Coetui
1263 2429 1463 2475 particulari
1495 2428 1674 2465 Sodalium
1701 2440 1762 2465 seu

130 2485 364 2527 Confratrum,
393 2486 686 2533 quandocumque
712 2492 746 2523 ct
772 2488 986 2534 ubicumque
1013 2499 1177 2524 concessa
1205 2488 1256 2523 vel
1283 2487 1556 2523 concedenda».

248 2543 502 2591 Opportunitas
527 2545 831 2582 determinationis
857 2558 918 2593 per
945 2558 1116 2582 canonem
1145 2551 1295 2582 statutae
1316 2547 1358 2582 de
1384 2546 1551 2593 Episcopo
1577 2547 1614 2582 in
1641 2547 1706 2582 hac
1726 2558 1764 2583 re

129 2608 346 2650 competente
371 2608 526 2649 apparet,
556 2604 583 2638 si
611 2605 850 2641 consideretur
878 2606 934 2641 hic
958 2607 1012 2651 agi
1042 2606 1084 2641 de
1111 2606 1262 2652 quadam
1298 2606 1498 2641 conditione
1531 2605 1763 2655 absolutionis

129 2663 298 2699 validitati
320 2663 529 2704 necessaria,
553 2664 767 2710 proindeque
792 2669 925 2711 oportet
952 2669 989 2700 ut
1010 2664 1160 2700 faciliter
1177 2664 1335 2710 dignosci
1356 2669 1460 2710 queat
1486 2665 1561 2701 eius
1585 2665 1763 2700 concessio

128 2722 262 2768 absque
289 2732 417 2766 magna
443 2721 687 2764 sollicitudine,
707 2728 811 2769 atque
830 2728 867 2759 ut
890 2723 936 2759 ita
955 2717 1077 2759 dicam!
1099 2724 1141 2759 ad
1161 2724 1301 2759 oculum
1325 2728 1503 2770 appareat,
1532 2728 1650 2770 utpote
1667 2724 1759 2770 quod

248 2864 258 2886 ¹
279 2864 323 2898 13
349 2863 445 2898 Maii
474 2863 575 2898 1723.
