1971 3261
156 176 251 212 Can.
280 175 373 210 100ss
731 173 815 207 Τιτ.
846 172 912 206 VI.
943 192 957 197 -
983 172 1039 206 De
1077 171 1221 206 Ordine
1721 170 1791 204 475

154 307 243 339 can.
283 294 394 337 1006
432 293 557 336 veluti
593 304 736 335 norma
771 291 981 334 ordinaria
1015 295 1053 334 et
1088 303 1180 334 ean.
1215 290 1326 332 1907
1362 290 1601 347 sequendus
1640 292 1677 332 in
1723 302 1788 333 ca-

151 365 266 409 sibus
301 363 515 408 iterandae
550 362 614 406 vel
649 362 784 419 quoad
819 361 958 418 aliqua
991 361 1249 417 supplendae
1274 360 1561 403 ordinatimtis⁴

277 436 375 479 388.
409 436 660 491 Tempora
692 434 857 479 licitae
890 446 1066 478 sacrae
1089 433 1429 477 ordinationis.
1458 456 1508 461 —
1537 431 1646 473 l'ont.
1674 430 1789 474 ttoni.

152 506 289 563 quoad
314 506 424 549 diem
449 504 773 548 consecrationis
796 502 918 545 electi
945 505 981 544 in
1010 502 1258 558 Episcopum
1279 504 1352 544 ait:
1379 500 1456 558 (De
1476 503 1792 543 consecratione

153 576 272 620 electi
308 578 346 618 in
380 574 691 631 Episcopum)...
731 588 749 613 «
775 585 881 629 quae
920 572 1043 615 debet
1077 585 1165 615 esse
1196 572 1424 618 Dominica,
1464 571 1524 614 vel
1561 571 1790 614 natalitium

155 646 463 703 Apostolorum,
500 644 562 688 vel
597 646 721 687 etiam
772 644 934 697 festiva,
973 645 1005 685 si
1040 644 1077 686 S.
1116 643 1302 685 Pontifex
1339 642 1416 685 hoc
1447 641 1685 698 specialiter
1734 644 1792 683 in-

154 716 327 761 dulserit
352 732 388 760 ».
426 715 511 759 Hoc
540 731 561 756 «
586 718 648 758 ius
680 728 728 757 ex
757 716 918 770 integro
944 715 1067 756 refert
1094 729 1112 754 ))
1143 713 1251 771 (can.
1278 714 1318 768 o,
1338 713 1401 769 ¹20)
1428 727 1519 755 ean.
1548 715 1679 755 1006.
1704 715 1728 766 g
1754 712 1791 754 t.

159 787 427 831 Consecrolio
461 785 729 844 episcopalis,
760 785 881 827 liuius
904 787 1075 828 canonis
1098 798 1265 841 quoque
1290 787 1560 840 praescripto,
1607 783 1795 841 conferri

156 858 273 902 debet
306 858 421 901 intra
458 856 687 900 Missurum
724 855 947 899 sollemnia
973 856 1087 913 (quia
1115 857 1194 898 ritu
1231 855 1456 898 Pontiticali
1482 859 1521 898 et
1544 854 1793 912 quibusdam

155 943 251 974 cum
285 934 379 972 nota
405 927 725 985 praec-luendis),
758 935 798 970 et
832 926 927 970 ltine
966 942 988 967 «
1010 926 1122 969 solus
1149 926 1358 970 Romanus
1385 926 1567 969 Pontifex
1594 925 1681 982 (qui
1702 930 1796 968 ante

157 1001 358 1058 hymnum
393 999 630 1055 angelicum
664 1002 950 1051 consecratur,
982 1002 1021 1040 et
1056 997 1320 1054 postmodum
1356 999 1441 1053 ipse
1473 999 1692 1039 missarum
1717 996 1795 1039 sol-

157 1071 308 1114 lemnia
343 1072 483 1126 incipit
519 1073 558 1112 et
592 1070 753 1125 perlicit
795 1067 1081 1124 consecratus)
1136 1070 1172 1110 in
1216 1068 1283 1111 die
1330 1069 1656 1111 consecrationis
1698 1079 1797 1110 suae

159 1142 293 1186 valeat
326 1139 507 1186 Ordines
540 1139 755 1183 celebrare
776 1141 821 1179 »¹
859 1139 897 1191 bl
928 1138 997 1181 die
1029 1139 1230 1182 alterutro
1254 1141 1471 1196 sequenti:
1498 1137 1708 1181 dominico
1736 1137 1798 1180 ¹vel

157 1212 358 1256 natalitio
391 1210 701 1269 Apostolorum.
720 1209 821 1254 Cum
848 1209 914 1254 hic-
937 1208 999 1267 §¹¹⁸
1037 1225 1058 1250 <(
1082 1223 1133 1253 ex
1159 1212 1337 1266 receptis
1362 1210 1472 1265 apud
1507 1209 1702 1265 probatos
1726 1221 1796 1252 au-

158 1281 718 1340 cteresinterpretationibus
729 1283 781 1324 sit
800 1280 1084 1324 aestimandus
1098 1296 1117 1322 ›)
1143 1280 1252 1338 (ean.
1275 1282 1312 1330 6,
1335 1281 1412 1336 2⁰),
1434 1279 1618 1324 recolere
1637 1284 1798 1336 oportet

162 1369 183 1395 <c
202 1353 398 1397 nonnulla
417 1352 543 1396 dubia
566 1354 676 1396 cirea
701 1351 824 1394 huius
848 1353 1189 1407 praescriptionis
1214 1353 1599 1408 interpretationem
1626 1366 1665 1405 »‚
1691 1362 1798 1408 quae

157 1425 291 1469 soluta
322 1429 421 1469 sunt
453 1437 475 1468 a
509 1424 547 1467 S.
574 1423 724 1480 Congr.
751 1422 876 1476 Rit.²,
916 1437 936 1463 «
957 1422 1173 1466 videlicet:

272 1496 298 1539 l.
333 1494 473 1549 Quum
506 1494 800 1551 Evangelistae
835 1496 872 1536 in
910 1507 951 1537 re
987 1494 1179 1550 liturgica
1209 1493 1417 1550 Apostolis
1456 1495 1799 1550 aequiparentur,

158 1569 373 1626 quaeritur
407 1571 544 1610 utrum
580 1567 838 1609 consecratio
872 1564 1129 1622 Episcopalis
1165 1567 1292 1621 possit
1326 1566 1416 1607 lieri
1461 1564 1610 1607 diebus
1659 1563 1800 1606 natali-

155 1641 228 1683 tiis
259 1638 299 1682 S.
337 1638 470 1682 Lucae
503 1642 541 1680 et
575 1638 612 1681 S.
641 1635 804 1680 Marci?

281 1709 325 1752 ll.
359 1708 505 1754 Utrum
542 1709 629 1751 lieri
666 1709 792 1764 possit
816 1709 855 1750 in
891 1708 993 1750 festo
1017 1708 1055 1751 S.
1076 1706 1290 1751 Barnabae
1315 1706 1498 1763 Apostoli
1517 1707 1583 1751 ἰ)...
1604 1705 1653 1749 Et
1677 1706 1801 1749 Sacra

161 1781 308 1825 eadem
340 1779 535 1836 Congr....
571 1781 625 1823 ita
660 1778 997 1835 respondendum
1032 1780 1205 1822 censuit.

282 1851 345 1895 Ad
382 1850 393 1893 l
429 1855 467 1894 et
500 1850 532 1893 ll
566 1850 769 1906 Negatixe
792 1865 832 1890 ».

286 1938 307 1964 (c
331 1921 395 1965 lll.
430 1920 578 1966 Utrum
611 1920 791 1977 speciale
825 1920 1030 1963 indultum
1066 1920 1120 1964 §.1
1143 1920 1272 1963 Pont.⁸
1307 1922 1546 1977 requiratur
1577 1919 1628 1963 ad
1663 1932 1803 1963 conse·

163 1996 394 2039 orationem
428 1992 706 2048 episcopalem
742 1991 1022 2048 peragendam
1058 1990 1206 2035 diebus
1240 1992 1400 2034 festivis
1434 1992 1537 2034 infra
1575 1989 1803 2034 hebdoma-

165 2065 260 2109 dam
295 2064 338 2122 a)
371 2066 441 2122 qui
477 2063 614 2106 adhuc
647 2067 742 2106 sunt
780 2062 832 2105 (le
867 2067 1089 2118 praecepto
1123 2067 1163 2106 et
1197 2063 1370 2119 proinde
1404 2062 1633 2106 Dominicis
1666 2064 1806 2119 aequi-

166 2141 378 2194 parantur,
411 2134 450 2191 b)
487 2134 549 2177 vet
594 2135 718 2177 etiam
752 2136 821 2190 qui
857 2133 955 2176 olim
990 2137 1107 2176 erant
1131 2133 1182 2177 de
1218 2138 1456 2191 praecepto,
1489 2135 1579 2177 sive
1619 2135 1657 2176 in
1693 2134 1806 2176 festis

169 2209 402 2264 suppressis
422 2206 484 2248 ἲ...
838 2201 842 2205 ’

285 2277 348 2321 Ad
386 2277 435 2320 lll
468 2276 720 2319 affirmative
753 2274 802 2318 ad
841 2280 1119 2332 utrumque».

290 2346 450 2394 Ordine
476 2346 757 2391 descendente
780 2350 961 2401 sei-vato,
987 2348 1128 2389 statuit
1150 2345 1178 2403 ξ
1202 2346 1240 2390 2.
1270 2346 1574 2391 Ordimitiones
1597 2347 1641 2390 in
1661 2346 1810 2399 saeris,

168 2420 293 2464 idest:
330 2422 367 2463 in
403 2418 556 2476 quibus
595 2417 809 2460 «ordines
840 2418 946 2460 sacri
973 2432 993 2457 »
1038 2416 1149 2473 (can.
1186 2417 1288 2475 949)
1324 2418 1676 2475 quandocumque
1710 2430 1807 2460 con·

169 2493 371 2544 feruntur,
406 2489 669 2533 celebrentur
705 2487 830 2531 veluti
867 2501 960 2531 cum
1003 2494 1175 2531 externo
1219 2494 1435 2546 apparatu,
1469 2489 1509 2547 a)
1546 2489 1660 2532 intra
1710 2487 1810 2532 Mis-

168 2576 314 2605 sarum
331 2560 570 2611 sollemnia,
590 2565 790 2615 utsupra.
818 2557 859 2611 b)
879 2558 1065 2601 sabbatis
1093 2557 1288 2612 Qualuor
1315 2559 1573 2618 Temporum,
1594 2563 1631 2603 in
1657 2559 1809 2617 quibus

170 2634 370 2676 ieiunium
403 2636 612 2685 servatur,
645 2643 727 2687 quo
763 2631 1002 2673 misericors
1029 2629 1136 2673 Deus
1160 2629 1373 2674 Ecclesiae
1396 2644 1496 2674 suae
1520 2632 1570 2674 de
1597 2631 1713 2674 bonis
1739 2631 1809 2672 mi-

171 2706 310 2747 nistris
345 2702 575 2759 provideat,
612 2713 781 2757 nempe:
817 2705 906 2756 post
942 2703 1118 2756 primam
1152 2699 1510 2759 Quadi-agesimae
1554 2702 1806 2745 dominicam

171 2786 218 2818 ae
252 2775 414 2817 tertiam
450 2773 680 2826 Adventus,
716 2784 857 2814 mense
890 2770 1140 2827 Septembri,
1188 2777 1313 2830 atque
1354 2779 1394 2815 ut
1429 2786 1519 2829 cap.
1558 2773 1572 2815 1
1616 2772 1810 2815 Decreta-

289 2881 300 2902 1
329 2881 419 2926 Cap.
448 2881 507 2921 28,
538 2879 594 2912 De
621 2878 816 2913 electione
842 2880 883 2910 et
909 2877 1026 2911 electi
1053 2882 1273 2924 potestat&
1306 2881 1372 2915 tit.
1403 2881 1437 2924 6,
1468 2879 1550 2914 Lib.
1581 2879 1599 2913 1
1627 2879 1808 2913 Decreta-

176 2927 286 2965 lium.
315 2948 359 2952 -
385 2929 398 2950 2
417 2929 438 2962 4
465 2926 614 2973 Aprilis
644 2926 745 2967 1913,
772 2926 848 2961 CO.
880 2925 922 2959 V.
948 2925 1027 2959 186.
