1971 3261
181 174 277 210 Can.
307 173 462 210 787-788
686 173 768 209 ΤΙΤ.
796 175 846 210 II.
874 196 886 201 -
914 177 970 210 De
1001 176 1306 222 Confirmatione
1772 182 1817 217 87

181 292 353 349 explicit
386 294 445 335 sic
479 291 686 349 parochos
717 292 967 350 adloquens:
1005 320 1056 325 —
1092 295 1174 338 imo
1205 295 1385 352 parochi
1419 303 1565 340 curent
1602 312 1673 354 pro
1719 302 1820 355 ipso-

183 377 274 406 rum
310 362 449 407 debito
483 362 622 417 officii,
657 363 852 416 consiliis,
889 366 1159 408 instructione
1193 378 1241 409 ac
1278 367 1587 422 monitionibus,
1612 375 1655 411 ut
1676 369 1819 425 fideles

180 433 239 477 ad
270 433 380 477 illud
433 439 671 492 opportuno
718 435 947 478 secundum
998 437 1332 481 circumstantias
1385 444 1567 497 tempore
1617 440 1820 484 accedam

180 506 442 548 excutientes
478 496 789 561 negligentiam,
825 507 898 549 etsi
934 506 984 550 de
1018 509 1136 563 gravi
1188 521 1266 551 non
1312 511 1361 552 sit
1412 509 1514 554 baec
1566 511 1816 567 damnanda,

182 577 258 618 nisi
294 579 556 630 contemptus
591 575 820 632 periculum
866 576 985 619 adsit.

304 645 371 690 83.
407 647 481 692 De
513 650 680 692 aetate
713 648 1177 696 confirmandorum.
1212 677 1237 681 —
1270 650 1556 708 Congruenter
1603 652 1817 711 hucusque

181 717 335 771 relatis,
360 715 405 759 D.
430 715 502 761 Th.
526 718 583 760 ait
608 716 644 758 ¹:
683 732 703 757 «
727 717 835 774 quod
862 724 974 761 aetas
993 720 1220 776 corporalis
1240 734 1317 764 non
1348 723 1605 778 praeiudicat
1628 725 1817 780 animae3

181 788 291 832 unde
326 790 449 831 etiam
486 789 524 830 in
561 788 707 844 puerili
757 794 891 832 aetate
935 789 1058 833 homo
1107 796 1238 847 potest
1283 796 1480 851 consequi
1519 795 1814 850 perfectionem

178 858 406 915 spiritualis
440 860 599 911 aetatis,
634 859 685 902 de
718 871 799 916 qua
832 860 986 903 dicitur
1032 861 1143 919 (Sap.
1190 861 1256 917 IV,
1292 863 1353 920 8):
1402 864 1651 908 “Senectus
1692 879 1814 909 vene-

181 928 323 974 rabilis
356 933 429 985 est,
466 942 545 972 non
581 930 792 985 diuturna,
827 944 961 989 neque
995 945 1168 976 numero
1201 946 1404 977 annorum
1441 941 1677 991 computata
1699 951 1744 991 „;
1778 942 1817 980 et

180 1000 276 1044 inde
309 1005 370 1043 est
403 1000 511 1057 quod
550 1000 664 1043 multi
702 1003 738 1044 in
776 1002 921 1058 puerili
957 1007 1090 1046 aetate
1126 1009 1293 1060 propter
1328 1004 1457 1048 robur
1480 1007 1656 1063 Spiritus
1678 1007 1815 1051 Sancti

181 1076 440 1128 perceptum,
476 1084 606 1128 usque
639 1071 689 1115 ad
724 1075 971 1129 sanguinem
1006 1076 1165 1118 fortiter
1197 1081 1467 1119 certaverunt
1492 1090 1564 1133 pro
1587 1076 1816 1132 Christo»,

177 1147 219 1186 et
251 1144 358 1186 sicut
391 1141 712 1199 Ci1rys0st‹›mus
744 1143 845 1186 dicit
878 1145 934 1199 (in
969 1143 1137 1188 homilia
1170 1145 1222 1188 de
1255 1145 1562 1204 Macliabaeis):
1603 1164 1625 1189 «
1646 1151 1681 1191 in
1704 1162 1819 1192 mun-

177 1213 298 1257 danis
331 1212 535 1269 agonibus
568 1215 715 1256 aetatis
747 1226 795 1257 ac
833 1215 989 1258 formae
1037 1218 1286 1273 generisque
1339 1217 1520 1273 dignitas
1567 1222 1815 1274 requiritur,

178 1287 218 1326 et
252 1282 344 1326 ideo
377 1284 510 1325 servis
543 1295 591 1326 ac
626 1283 885 1335 mulieribus,
919 1289 958 1327 et
991 1284 1159 1329 senibus
1192 1298 1240 1329 ac
1275 1289 1413 1342 pueris
1462 1288 1511 1331 ad
1563 1302 1632 1332 eos
1680 1291 1816 1334 aditus

177 1354 421 1410 denegatur.
459 1352 499 1396 ln
536 1353 786 1397 coelestibus
818 1359 958 1398 autem
992 1358 1106 1399 omni
1140 1370 1341 1413 personae
1386 1363 1425 1402 et
1459 1362 1582 1402 aetati
1617 1372 1665 1404 ac
1697 1364 1814 1404 sexui

176 1425 400 1468 indiscreta
437 1424 632 1468 facultate
663 1425 843 1469 stadium
879 1431 989 1483 patet
1012 1442 1048 1470 )).
1100 1427 1150 1471 Et
1206 1428 1443 1473 Pontificale
1490 1429 1720 1474 Romanum
1755 1434 1813 1477 sic

178 1497 324 1552 incipit
357 1495 567 1539 rubricam
603 1495 654 1539 de
685 1494 1013 1542 Consu-mandis:
1054 1498 1285 1543 «Pontifex
1337 1502 1529 1556 infantes,
1567 1516 1717 1558 pueros
1752 1504 1814 1547 vel

175 1566 280 1610 alios
312 1568 418 1610 sacri
457 1566 717 1623 Baptismatis
741 1568 850 1611 unda
876 1570 1073 1625 perfusos,
1109 1572 1360 1614 confirmare
1397 1572 1539 1616 volens
1564 1588 1603 1614 n.
1631 1600 1681 1604 —-
1710 1573 1815 1618 Hinc

178 1642 290 1681 recte
339 1639 482 1681 statuit
535 1651 626 1681 can.
677 1640 783 1682 788.
829 1638 947 1682 Licet
990 1640 1258 1684 Sacramenti
1300 1642 1636 1698 confirmafiom's
1680 1644 1813 1689 admi·

177 1707 379 1751 m'stratio
418 1708 725 1763 convenienter,
757 1713 842 1753 tum
879 1713 975 1767 quia
1009 1713 1123 1767 prius
1156 1712 1235 1755 nou
1273 1714 1395 1756 instat
1427 1714 1654 1770 spiritualis
1679 1729 1814 1772 pugna

174 1779 228 1822 ad
262 1790 386 1836 quam
421 1778 543 1822 datur
577 1779 716 1833 robur,
751 1785 834 1824 tum
872 1794 920 1824 eo
954 1782 1063 1839 quod
1100 1782 1340 1840 intelligens
1362 1785 1687 1839 confirmandus,
1713 1788 1815 1830 ritus

175 1862 226 1893 ac
244 1852 530 1893 caeremonias
555 1853 752 1895 memoria
777 1853 958 1896 retinens
982 1852 1202 1897 utilitatem
1227 1857 1350 1911 capit,
1377 1854 1419 1897 in
1444 1854 1635 1898 Ecclesia
1661 1856 1814 1907 latina,

178 1933 272 1964 nam
307 1933 428 1965 secus
461 1923 630 1966 evenire
664 1924 702 1965 in
738 1923 1010 1968 orientalibus
1058 1923 1206 1968 ritibus
1254 1927 1466 1969 confessus
1510 1931 1571 1970 est
1604 1939 1694 1972 can.
1730 1928 1813 1971 78⁶2

172 1991 204 2050 ξ
238 1992 275 2047 5,
311 1990 540 2050 differatur
572 1991 629 2036 ad
661 1993 881 2051 septimum
903 1994 1075 2038 circiter
1098 1996 1255 2038 aetatis
1279 2010 1437 2039 onmem
1459 1998 1625 2055 quando
1655 2014 1674 2038 «
1694 2012 1812 2042 usum

179 2064 349 2106 rationis
372 2063 513 2120 (puer)
548 2063 702 2108 habere
736 2068 1018 2122 praesumitur
1042 2082 1061 2107 ))
1102 2066 1209 2124 (can.
1239 2067 1295 2110 88
1316 2067 1344 2125 ἓ
1368 2067 1425 2125 3),
1450 2081 1529 2111 non
1556 2068 1661 2112 ultra
1702 2069 1812 2113 illam

172 2137 356 2177 aetatem
389 2148 440 2177 ex
476 2134 687 2179 Ecclesiae
720 2136 1041 2192 approbatione3
1078 2136 1357 2181 nihilominus
1390 2139 1516 2182 etiam
1553 2145 1681 2183 aielea
1719 2154 1812 2183 con-

172 2203 286 2262 ferri
315 2210 453 2262 polest
486 2218 535 2249 ex
571 2206 693 2250 dictis
725 2220 865 2264 supra,
899 2213 939 2251 et
974 2207 1069 2251 hinc
1103 2209 1270 2265 quidem
1309 2212 1477 2253 omnino
1512 2213 1626 2254 iuxta
1659 2225 1711 2254 ss.
1751 2224 1812 2255 ca-

177 2288 306 2319 nones
338 2279 375 2326 a)
409 2276 447 2318 si
478 2275 626 2334 infans
658 2276 703 2320 in
736 2278 886 2321 mortis
916 2278 1108 2336 periculo
1131 2279 1187 2322 sil
1220 2280 1475 2323 constitutus
1499 2284 1621 2324 etiam
1649 2284 1686 2324 in
1715 2282 1813 2326 locis

178 2345 246 2390 ubi
283 2348 492 2403 praefatus
526 2347 737 2392 Ecclesiae
771 2348 921 2393 latinae
956 2363 1043 2393 mos
1075 2355 1282 2403 servatur,
1307 2353 1691 2410 conferendumque
1718 2360 1813 2397 tunc

173 2421 238 2461 est
270 2419 598 2478 confirmationis
646 2426 954 2464 sacramentum
989 2421 1039 2464 ad
1075 2434 1265 2465 normam
1314 2436 1403 2466 can.
1454 2424 1556 2478 787,
1595 2425 1693 2478 785,
1726 2424 1754 2482 g
1794 2425 1806 2466 1

176 2488 220 2546 b)
253 2488 317 2532 vel
354 2489 551 2534 mim'stro
585 2490 708 2534 huius
745 2491 806 2535 vel
842 2491 1014 2536 alterius
1046 2493 1375 2537 confirmationis
1398 2493 1442 2537 id
1464 2494 1677 2552 expedire,
1700 2495 1809 2552 quod

181 2558 354 2603 verbum
389 2560 581 2617 designat
613 2564 950 2606 convenientiam
984 2564 1022 2605 in
1058 2562 1236 2617 casibus,
1260 2564 1331 2607 sed
1358 2563 1404 2607 ob
1428 2564 1565 2607 iustas
1593 2570 1631 2607 el
1662 2579 1812 2622 maces

174 2643 328 2673 causas
365 2644 402 2675 V.
436 2645 499 2688 gr.
535 2637 701 2689 propter
733 2638 1003 2690 sequuturam
1040 2646 1234 2690 magnam
1270 2634 1379 2678 illius
1427 2635 1666 2679 dilationem
1703 2636 1805 2679 ultra

174 2704 453 2757 septennium,
490 2707 658 2759 propter
690 2704 977 2747 difficultatem
1012 2717 1206 2748 accessus
1240 2706 1290 2749 ad
1325 2719 1485 2750 sacram
1516 2709 1806 2762 visitationem,

174 2777 255 2816 etc.
290 2771 487 2815 videatur
520 2773 745 2830 prudenter
777 2777 836 2818 sic
871 2775 1104 2818 faciendum
1130 2789 1232 2819 esse.
1258 2775 1523 2821 Consuetudo
1548 2780 1585 2820 in
1612 2777 1807 2834 Hispania

296 2927 307 2948 1
336 2925 427 2959 Loc.
457 2926 525 2960 eit.
553 2938 586 2960 a.
612 2927 635 2961 8
661 2927 708 2961 ad
734 2928 795 2961 2¹¹¹.
