<?xml version="1.0" encoding="UTF-8"?>
<!DOCTYPE html PUBLIC "-//W3C//DTD XHTML 1.0 Transitional//EN"
    "http://www.w3.org/TR/xhtml1/DTD/xhtml1-transitional.dtd">
<html xmlns="http://www.w3.org/1999/xhtml" xml:lang="en" lang="en">
 <head>
  <title>
</title>
<meta http-equiv="Content-Type" content="text/html;charset=utf-8" />
  <meta name='ocr-system' content='tesseract 3.04.00' />
  <meta name='ocr-capabilities' content='ocr_page ocr_carea ocr_par ocr_line ocrx_word'/>
</head>
<body>
  <div class='ocr_page' id='page_1' title='image "./p1commentariumte03blatuoft_0684.png"; bbox 0 0 1971 3261; ppageno 0'>
   <div class='ocr_carea' id='block_1_1' title="bbox 193 143 1822 182">
    <p class='ocr_par' dir='ltr' id='par_1_1' title="bbox 193 143 1822 182">
     <span class='ocr_line' id='line_1_1' title="bbox 193 143 1822 182; baseline 0.004 -7"><span class='ocrx_word' id='word_1_1' title='bbox 193 147 262 181; x_wconf 74' lang='grc'>670</span> <span class='ocrx_word' id='word_1_2' title='bbox 597 144 681 177; x_wconf 73' lang='lat' dir='ltr'>Lm.</span> <span class='ocrx_word' id='word_1_3' title='bbox 711 143 784 176; x_wconf 77' lang='grc' dir='ltr'><strong>ΙΙΙ.</strong></span> <span class='ocrx_word' id='word_1_4' title='bbox 814 164 823 167; x_wconf 92' lang='grc'><strong>-</strong></span> <span class='ocrx_word' id='word_1_5' title='bbox 850 143 961 177; x_wconf 78' lang='lat' dir='ltr'>PARS</span> <span class='ocrx_word' id='word_1_6' title='bbox 987 143 1018 176; x_wconf 90' lang='lat' dir='ltr'>I.</span> <span class='ocrx_word' id='word_1_7' title='bbox 1046 163 1060 169; x_wconf 94' lang='lat'><em>-</em></span> <span class='ocrx_word' id='word_1_8' title='bbox 1084 143 1142 177; x_wconf 87' lang='lat' dir='ltr'>De</span> <span class='ocrx_word' id='word_1_9' title='bbox 1166 143 1432 179; x_wconf 77' lang='lat' dir='ltr'>Sacramentis</span> <span class='ocrx_word' id='word_1_10' title='bbox 1504 144 1591 180; x_wconf 82' lang='lat' dir='ltr'>Can.</span> <span class='ocrx_word' id='word_1_11' title='bbox 1620 145 1822 182; x_wconf 73' lang='lat'>1114-1115</span> 
     </span>
    </p>
   </div>
   <div class='ocr_carea' id='block_1_2' title="bbox 201 205 758 211">
    <p class='ocr_par' dir='ltr' id='par_1_2' title="bbox 201 205 758 211">
     <span class='ocr_line' id='line_1_2' title="bbox 201 205 758 211; baseline 0 0"><span class='ocrx_word' id='word_1_12' title='bbox 201 205 758 211; x_wconf 95' lang='lat' dir='ltr'> </span> 
     </span>
    </p>
   </div>
   <div class='ocr_carea' id='block_1_3' title="bbox 194 260 1835 2654">
    <p class='ocr_par' dir='ltr' id='par_1_3' title="bbox 194 260 1830 1383">
     <span class='ocr_line' id='line_1_3' title="bbox 196 260 1823 320; baseline 0.001 -13"><span class='ocrx_word' id='word_1_13' title='bbox 196 266 474 320; x_wconf 78' lang='lat' dir='ltr'>inspicitur»,</span> <span class='ocrx_word' id='word_1_14' title='bbox 507 275 558 304; x_wconf 64' lang='lat' dir='ltr'>er</span> <span class='ocrx_word' id='word_1_15' title='bbox 605 260 877 305; x_wconf 73' lang='lat' dir='ltr'>matrimonio</span> <span class='ocrx_word' id='word_1_16' title='bbox 921 261 959 317; x_wconf 95' lang='lat' dir='ltr'>a)</span> <span class='ocrx_word' id='word_1_17' title='bbox 993 260 1148 315; x_wconf 81' lang='lat' dir='ltr'>valido,</span> <span class='ocrx_word' id='word_1_18' title='bbox 1180 263 1270 305; x_wconf 93' lang='lat' dir='ltr'>sive</span> <span class='ocrx_word' id='word_1_19' title='bbox 1313 261 1497 319; x_wconf 89' lang='lat' dir='ltr'>legitimo</span> <span class='ocrx_word' id='word_1_20' title='bbox 1551 265 1701 307; x_wconf 82' lang='lat' dir='ltr'>«inter</span> <span class='ocrx_word' id='word_1_21' title='bbox 1743 277 1823 307; x_wconf 91' lang='lat' dir='ltr'>non</span> 
     </span>
     <span class='ocr_line' id='line_1_4' title="bbox 198 333 1824 391; baseline 0 -13"><span class='ocrx_word' id='word_1_22' title='bbox 198 335 484 391; x_wconf 81' lang='lat' dir='ltr'>baptizatos»,</span> <span class='ocrx_word' id='word_1_23' title='bbox 516 335 605 375; x_wconf 82' lang='lat' dir='ltr'>sive</span> <span class='ocrx_word' id='word_1_24' title='bbox 650 336 737 374; x_wconf 90' lang='lat' dir='ltr'>rato</span> <span class='ocrx_word' id='word_1_25' title='bbox 780 334 813 374; x_wconf 92' lang='lat' dir='ltr'>si</span> <span class='ocrx_word' id='word_1_26' title='bbox 856 336 917 374; x_wconf 91' lang='lat' dir='ltr'>est</span> <span class='ocrx_word' id='word_1_27' title='bbox 953 334 1309 376; x_wconf 84' lang='lat' dir='ltr'>«matrimonium</span> <span class='ocrx_word' id='word_1_28' title='bbox 1353 333 1696 390; x_wconf 83' lang='lat' dir='ltr'>baptizatorum»</span> <span class='ocrx_word' id='word_1_29' title='bbox 1738 334 1824 391; x_wconf 89' lang='lat' dir='ltr'>(ca-</span> 
     </span>
     <span class='ocr_line' id='line_1_5' title="bbox 197 401 1823 460; baseline 0.001 -13"><span class='ocrx_word' id='word_1_30' title='bbox 197 418 276 448; x_wconf 92' lang='lat' dir='ltr'>non</span> <span class='ocrx_word' id='word_1_31' title='bbox 316 404 459 460; x_wconf 71' lang='lat'>1013),</span> <span class='ocrx_word' id='word_1_32' title='bbox 510 403 550 452; x_wconf 88' lang='lat' dir='ltr'>b)</span> <span class='ocrx_word' id='word_1_33' title='bbox 583 401 646 445; x_wconf 75' lang='lat' dir='ltr'>vel</span> <span class='ocrx_word' id='word_1_34' title='bbox 676 401 882 459; x_wconf 79' lang='lat' dir='ltr'>putativo,</span> <span class='ocrx_word' id='word_1_35' title='bbox 916 402 1027 459; x_wconf 87' lang='lat' dir='ltr'>quod</span> <span class='ocrx_word' id='word_1_36' title='bbox 1061 416 1209 459; x_wconf 84' lang='lat' dir='ltr'>nempe</span> <span class='ocrx_word' id='word_1_37' title='bbox 1247 405 1476 447; x_wconf 82' lang='lat' dir='ltr'>invalidum</span> <span class='ocrx_word' id='word_1_38' title='bbox 1522 410 1597 459; x_wconf 91' lang='lat' dir='ltr'>est,</span> <span class='ocrx_word' id='word_1_39' title='bbox 1630 405 1702 448; x_wconf 92' lang='lat' dir='ltr'>sed</span> <span class='ocrx_word' id='word_1_40' title='bbox 1741 408 1823 448; x_wconf 83' lang='lat' dir='ltr'>«in</span> 
     </span>
     <span class='ocr_line' id='line_1_6' title="bbox 198 472 1826 528; baseline 0.001 -11"><span class='ocrx_word' id='word_1_41' title='bbox 198 474 302 518; x_wconf 90' lang='lat' dir='ltr'>bona</span> <span class='ocrx_word' id='word_1_42' title='bbox 335 475 416 517; x_wconf 82' lang='lat' dir='ltr'>tide</span> <span class='ocrx_word' id='word_1_43' title='bbox 440 473 490 517; x_wconf 92' lang='lat' dir='ltr'>ab</span> <span class='ocrx_word' id='word_1_44' title='bbox 524 485 604 516; x_wconf 91' lang='lat' dir='ltr'>una</span> <span class='ocrx_word' id='word_1_45' title='bbox 637 472 782 515; x_wconf 89' lang='lat' dir='ltr'>saltem</span> <span class='ocrx_word' id='word_1_46' title='bbox 808 476 923 528; x_wconf 90' lang='lat' dir='ltr'>parte</span> <span class='ocrx_word' id='word_1_47' title='bbox 956 472 1271 528; x_wconf 78' lang='lat' dir='ltr'>celebratum»,</span> <span class='ocrx_word' id='word_1_48' title='bbox 1295 486 1342 517; x_wconf 88' lang='lat' dir='ltr'>ac</span> <span class='ocrx_word' id='word_1_49' title='bbox 1376 474 1455 518; x_wconf 89' lang='lat' dir='ltr'>tale</span> <span class='ocrx_word' id='word_1_50' title='bbox 1492 480 1628 518; x_wconf 89' lang='lat' dir='ltr'>manet</span> <span class='ocrx_word' id='word_1_51' title='bbox 1655 476 1826 519; x_wconf 82' lang='lat' dir='ltr'>«donec</span> 
     </span>
     <span class='ocr_line' id='line_1_7' title="bbox 198 542 1823 604; baseline 0.001 -17"><span class='ocrx_word' id='word_1_52' title='bbox 198 550 374 601; x_wconf 80' lang='lat' dir='ltr'>utraque</span> <span class='ocrx_word' id='word_1_53' title='bbox 418 556 511 600; x_wconf 90' lang='lat' dir='ltr'>pars</span> <span class='ocrx_word' id='word_1_54' title='bbox 543 544 594 586; x_wconf 76' lang='lat' dir='ltr'>tle</span> <span class='ocrx_word' id='word_1_55' title='bbox 627 542 813 586; x_wconf 87' lang='lat' dir='ltr'>eiusdem</span> <span class='ocrx_word' id='word_1_56' title='bbox 858 542 1046 586; x_wconf 77' lang='lat' dir='ltr'>nullitate</span> <span class='ocrx_word' id='word_1_57' title='bbox 1079 548 1191 587; x_wconf 89' lang='lat' dir='ltr'>certa</span> <span class='ocrx_word' id='word_1_58' title='bbox 1230 545 1424 588; x_wconf 78' lang='lat' dir='ltr'>evadat»</span> <span class='ocrx_word' id='word_1_59' title='bbox 1464 545 1573 601; x_wconf 91' lang='lat' dir='ltr'>(can.</span> <span class='ocrx_word' id='word_1_60' title='bbox 1605 548 1672 591; x_wconf 88' lang='lat' dir='ltr'>cit.</span> <span class='ocrx_word' id='word_1_61' title='bbox 1705 545 1732 602; x_wconf 63' lang='grc' dir='ltr'>ἓ</span> <span class='ocrx_word' id='word_1_62' title='bbox 1765 546 1823 604; x_wconf 76' lang='grc'>4),</span> 
     </span>
     <span class='ocr_line' id='line_1_8' title="bbox 195 614 1823 672; baseline 0.001 -14"><span class='ocrx_word' id='word_1_63' title='bbox 195 616 268 672; x_wconf 88' lang='lat' dir='ltr'>(ita</span> <span class='ocrx_word' id='word_1_64' title='bbox 304 614 604 658; x_wconf 74' lang='lat' dir='ltr'>rationabiliter</span> <span class='ocrx_word' id='word_1_65' title='bbox 636 618 834 657; x_wconf 91' lang='lat' dir='ltr'>statutum</span> <span class='ocrx_word' id='word_1_66' title='bbox 870 615 909 656; x_wconf 91' lang='lat' dir='ltr'>in</span> <span class='ocrx_word' id='word_1_67' title='bbox 945 615 1132 657; x_wconf 89' lang='lat' dir='ltr'>favorem</span> <span class='ocrx_word' id='word_1_68' title='bbox 1167 617 1356 671; x_wconf 86' lang='lat' dir='ltr'>coniugis</span> <span class='ocrx_word' id='word_1_69' title='bbox 1391 615 1521 659; x_wconf 90' lang='lat' dir='ltr'>bonae</span> <span class='ocrx_word' id='word_1_70' title='bbox 1555 616 1650 660; x_wconf 82' lang='lat' dir='ltr'>fidei</span> <span class='ocrx_word' id='word_1_71' title='bbox 1684 630 1731 661; x_wconf 87' lang='lat' dir='ltr'>ac</span> <span class='ocrx_word' id='word_1_72' title='bbox 1765 619 1823 660; x_wconf 92' lang='lat' dir='ltr'>in-</span> 
     </span>
     <span class='ocr_line' id='line_1_9' title="bbox 196 685 1823 745; baseline 0.001 -16"><span class='ocrx_word' id='word_1_73' title='bbox 196 688 381 729; x_wconf 89' lang='lat' dir='ltr'>nocentis</span> <span class='ocrx_word' id='word_1_74' title='bbox 405 685 544 742; x_wconf 90' lang='lat' dir='ltr'>prolis,</span> <span class='ocrx_word' id='word_1_75' title='bbox 568 697 662 727; x_wconf 92' lang='lat' dir='ltr'>cum</span> <span class='ocrx_word' id='word_1_76' title='bbox 688 687 932 740; x_wconf 82' lang='lat' dir='ltr'>exceptione</span> <span class='ocrx_word' id='word_1_77' title='bbox 958 687 995 727; x_wconf 95' lang='lat' dir='ltr'>in</span> <span class='ocrx_word' id='word_1_78' title='bbox 1021 685 1160 728; x_wconf 80' lang='lat' dir='ltr'>odium</span> <span class='ocrx_word' id='word_1_79' title='bbox 1186 688 1344 742; x_wconf 90' lang='lat' dir='ltr'>peccati</span> <span class='ocrx_word' id='word_1_80' title='bbox 1368 691 1511 730; x_wconf 89' lang='lat' dir='ltr'>contra</span> <span class='ocrx_word' id='word_1_81' title='bbox 1537 687 1823 745; x_wconf 86' lang='lat' dir='ltr'>religionem):</span> 
     </span>
     <span class='ocr_line' id='line_1_10' title="bbox 196 755 1822 814; baseline 0 -14"><span class='ocrx_word' id='word_1_82' title='bbox 196 757 280 800; x_wconf 79' lang='lat' dir='ltr'>nisi</span> <span class='ocrx_word' id='word_1_83' title='bbox 323 755 585 814; x_wconf 73' lang='lat' dir='ltr'>parentibus,</span> <span class='ocrx_word' id='word_1_84' title='bbox 620 755 746 798; x_wconf 83' lang='lat' dir='ltr'>idest:</span> <span class='ocrx_word' id='word_1_85' title='bbox 794 757 958 812; x_wconf 81' lang='lat' dir='ltr'>utrique</span> <span class='ocrx_word' id='word_1_86' title='bbox 1000 758 1166 811; x_wconf 89' lang='lat' dir='ltr'>coniugi</span> <span class='ocrx_word' id='word_1_87' title='bbox 1209 756 1355 800; x_wconf 90' lang='lat' dir='ltr'>saltem</span> <span class='ocrx_word' id='word_1_88' title='bbox 1401 762 1566 814; x_wconf 88' lang='lat' dir='ltr'>propter</span> <span class='ocrx_word' id='word_1_89' title='bbox 1610 758 1822 802; x_wconf 77' lang='lat' dir='ltr'>formalem</span> 
     </span>
     <span class='ocr_line' id='line_1_11' title="bbox 197 825 1824 886; baseline 0 -14"><span class='ocrx_word' id='word_1_90' title='bbox 197 829 531 884; x_wconf 79' lang='lat' dir='ltr'>cooperationem</span> <span class='ocrx_word' id='word_1_91' title='bbox 556 828 908 882; x_wconf 75' lang='lat' dir='ltr'>transgressionis,</span> <span class='ocrx_word' id='word_1_92' title='bbox 928 825 969 882; x_wconf 90' lang='lat' dir='ltr'>a)</span> <span class='ocrx_word' id='word_1_93' title='bbox 988 825 1034 869; x_wconf 86' lang='lat' dir='ltr'>ob</span> <span class='ocrx_word' id='word_1_94' title='bbox 1053 825 1294 869; x_wconf 72' lang='lat' dir='ltr'>sollemnem</span> <span class='ocrx_word' id='word_1_95' title='bbox 1316 832 1490 878; x_wconf 84' lang='lat' dir='ltr'>tantum,</span> <span class='ocrx_word' id='word_1_96' title='bbox 1510 842 1588 872; x_wconf 92' lang='lat' dir='ltr'>non</span> <span class='ocrx_word' id='word_1_97' title='bbox 1609 828 1660 872; x_wconf 92' lang='lat' dir='ltr'>ob</span> <span class='ocrx_word' id='word_1_98' title='bbox 1679 842 1824 886; x_wconf 88' lang='lat' dir='ltr'>quam-</span> 
     </span>
     <span class='ocr_line' id='line_1_12' title="bbox 196 899 1827 954; baseline 0 -12"><span class='ocrx_word' id='word_1_99' title='bbox 196 899 295 942; x_wconf 91' lang='lat' dir='ltr'>libet</span> <span class='ocrx_word' id='word_1_100' title='bbox 328 902 584 954; x_wconf 88' lang='lat' dir='ltr'>perpetuam,</span> <span class='ocrx_word' id='word_1_101' title='bbox 618 899 810 954; x_wconf 83' lang='lat' dir='ltr'>quamvis</span> <span class='ocrx_word' id='word_1_102' title='bbox 844 910 938 940; x_wconf 93' lang='lat' dir='ltr'>cum</span> <span class='ocrx_word' id='word_1_103' title='bbox 976 900 1127 941; x_wconf 89' lang='lat' dir='ltr'>virtute</span> <span class='ocrx_word' id='word_1_104' title='bbox 1172 899 1358 941; x_wconf 81' lang='lat' dir='ltr'>irritandi</span> <span class='ocrx_word' id='word_1_105' title='bbox 1394 900 1577 942; x_wconf 78' lang='lat' dir='ltr'>futurum</span> <span class='ocrx_word' id='word_1_106' title='bbox 1620 902 1827 943; x_wconf 89' lang='lat' dir='ltr'>matrimo-</span> 
     </span>
     <span class='ocr_line' id='line_1_13' title="bbox 197 962 1826 1027; baseline 0 -14"><span class='ocrx_word' id='word_1_107' title='bbox 197 973 324 1019; x_wconf 82' lang='lat' dir='ltr'>nium,</span> <span class='ocrx_word' id='word_1_108' title='bbox 355 962 671 1027; x_wconf 45' lang='lat' dir='ltr'>professionem*</span> <span class='ocrx_word' id='word_1_109' title='bbox 703 967 951 1025; x_wconf 71' lang='lat' dir='ltr'>reliqiosam</span> <span class='ocrx_word' id='word_1_110' title='bbox 986 968 1028 1026; x_wconf 91' lang='lat' dir='ltr'>b)</span> <span class='ocrx_word' id='word_1_111' title='bbox 1062 968 1125 1011; x_wconf 79' lang='lat' dir='ltr'>vel</span> <span class='ocrx_word' id='word_1_112' title='bbox 1158 975 1393 1026; x_wconf 75' lang='lat' dir='ltr'>szcsceplnm</span> <span class='ocrx_word' id='word_1_113' title='bbox 1427 969 1617 1013; x_wconf 86' lang='lat' dir='ltr'>ordinem</span> <span class='ocrx_word' id='word_1_114' title='bbox 1659 984 1826 1013; x_wconf 76' lang='lat' dir='ltr'>sacrum</span> 
     </span>
     <span class='ocr_line' id='line_1_14' title="bbox 194 1039 1826 1099; baseline 0.001 -16"><span class='ocrx_word' id='word_1_115' title='bbox 194 1040 433 1099; x_wconf 76' lang='lat' dir='ltr'>prohibitus</span> <span class='ocrx_word' id='word_1_116' title='bbox 465 1052 588 1083; x_wconf 90' lang='lat' dir='ltr'>causa</span> <span class='ocrx_word' id='word_1_117' title='bbox 626 1041 707 1082; x_wconf 86' lang='lat' dir='ltr'>voti</span> <span class='ocrx_word' id='word_1_118' title='bbox 742 1041 942 1082; x_wconf 87' lang='lat' dir='ltr'>castitatis</span> <span class='ocrx_word' id='word_1_119' title='bbox 979 1039 1040 1082; x_wconf 84' lang='lat' dir='ltr'>vel</span> <span class='ocrx_word' id='word_1_120' title='bbox 1075 1039 1220 1083; x_wconf 90' lang='lat' dir='ltr'>saltem</span> <span class='ocrx_word' id='word_1_121' title='bbox 1260 1040 1562 1096; x_wconf 79' lang='lat' dir='ltr'>«obligationis</span> <span class='ocrx_word' id='word_1_122' title='bbox 1594 1041 1826 1085; x_wconf 85' lang='lat' dir='ltr'>servandae</span> 
     </span>
     <span class='ocr_line' id='line_1_15' title="bbox 199 1110 1827 1170; baseline 0 -14"><span class='ocrx_word' id='word_1_123' title='bbox 199 1114 440 1156; x_wconf 73' lang='lat' dir='ltr'>castitatis»</span> <span class='ocrx_word' id='word_1_124' title='bbox 479 1110 588 1167; x_wconf 89' lang='lat' dir='ltr'>(can.</span> <span class='ocrx_word' id='word_1_125' title='bbox 623 1111 720 1165; x_wconf 63' lang='lat'>139,</span> <span class='ocrx_word' id='word_1_126' title='bbox 754 1112 779 1164; x_wconf 64' lang='grc' dir='ltr'><strong>ἓ</strong></span> <span class='ocrx_word' id='word_1_127' title='bbox 814 1110 856 1167; x_wconf 91' lang='grc'>1)</span> <span class='ocrx_word' id='word_1_128' title='bbox 893 1116 1076 1168; x_wconf 82' lang='lat' dir='ltr'>tempore</span> <span class='ocrx_word' id='word_1_129' title='bbox 1108 1112 1390 1170; x_wconf 73' lang='lat' dir='ltr'>conceptionis</span> <span class='ocrx_word' id='word_1_130' title='bbox 1423 1112 1494 1155; x_wconf 83' lang='lat' dir='ltr'>tilii</span> <span class='ocrx_word' id='word_1_131' title='bbox 1533 1112 1585 1156; x_wconf 84' lang='lat' dir='ltr'>de</span> <span class='ocrx_word' id='word_1_132' title='bbox 1618 1126 1698 1170; x_wconf 81' lang='lat' dir='ltr'>quo</span> <span class='ocrx_word' id='word_1_133' title='bbox 1731 1125 1827 1170; x_wconf 86' lang='lat' dir='ltr'>aga-</span> 
     </span>
     <span class='ocr_line' id='line_1_16' title="bbox 198 1181 1829 1241; baseline 0 -14"><span class='ocrx_word' id='word_1_134' title='bbox 198 1188 279 1236; x_wconf 91' lang='lat' dir='ltr'>tur,</span> <span class='ocrx_word' id='word_1_135' title='bbox 302 1182 434 1237; x_wconf 78' lang='lat' dir='ltr'>suerit</span> <span class='ocrx_word' id='word_1_136' title='bbox 463 1181 773 1241; x_wconf 80' lang='lat' dir='ltr'>«prohibitus»</span> <span class='ocrx_word' id='word_1_137' title='bbox 814 1195 913 1224; x_wconf 76' lang='lat' dir='ltr'>usus</span> <span class='ocrx_word' id='word_1_138' title='bbox 945 1182 1211 1225; x_wconf 74' lang='lat' dir='ltr'>matrimonii</span> <span class='ocrx_word' id='word_1_139' title='bbox 1250 1184 1377 1227; x_wconf 89' lang='lat' dir='ltr'>validi</span> <span class='ocrx_word' id='word_1_140' title='bbox 1404 1183 1468 1227; x_wconf 89' lang='lat' dir='ltr'>vel</span> <span class='ocrx_word' id='word_1_141' title='bbox 1503 1186 1678 1240; x_wconf 89' lang='lat' dir='ltr'>putativi</span> <span class='ocrx_word' id='word_1_142' title='bbox 1702 1190 1829 1227; x_wconf 78' lang='lat' dir='ltr'>antea</span> 
     </span>
     <span class='ocr_line' id='line_1_17' title="bbox 200 1252 1830 1311; baseline 0.001 -14"><span class='ocrx_word' id='word_1_143' title='bbox 200 1254 326 1297; x_wconf 84' lang='lat' dir='ltr'>idest:</span> <span class='ocrx_word' id='word_1_144' title='bbox 360 1258 453 1296; x_wconf 86' lang='lat' dir='ltr'>ante</span> <span class='ocrx_word' id='word_1_145' title='bbox 488 1253 598 1296; x_wconf 89' lang='lat' dir='ltr'>illam</span> <span class='ocrx_word' id='word_1_146' title='bbox 634 1255 828 1296; x_wconf 89' lang='lat' dir='ltr'>emissam</span> <span class='ocrx_word' id='word_1_147' title='bbox 875 1252 1076 1310; x_wconf 83' lang='lat' dir='ltr'>illumque</span> <span class='ocrx_word' id='word_1_148' title='bbox 1118 1259 1356 1310; x_wconf 90' lang='lat' dir='ltr'>susceptum</span> <span class='ocrx_word' id='word_1_149' title='bbox 1391 1254 1611 1297; x_wconf 53' lang='lat' dir='ltr'>contracti¹</span> <span class='ocrx_word' id='word_1_150' title='bbox 1633 1254 1756 1311; x_wconf 91' lang='lat' dir='ltr'>licite,</span> <span class='ocrx_word' id='word_1_151' title='bbox 1790 1259 1830 1298; x_wconf 88' lang='lat' dir='ltr'>et</span> 
     </span>
     <span class='ocr_line' id='line_1_18' title="bbox 200 1324 900 1383; baseline -0.003 -15"><span class='ocrx_word' id='word_1_152' title='bbox 200 1325 336 1383; x_wconf 85' lang='lat' dir='ltr'>quoad</span> <span class='ocrx_word' id='word_1_153' title='bbox 374 1324 584 1367; x_wconf 87' lang='lat' dir='ltr'>vinculum</span> <span class='ocrx_word' id='word_1_154' title='bbox 622 1324 900 1380; x_wconf 84' lang='lat' dir='ltr'>perdurantis.</span> 
     </span>
    </p>

    <p class='ocr_par' dir='ltr' id='par_1_4' title="bbox 201 1395 1833 2161">
     <span class='ocr_line' id='line_1_19' title="bbox 321 1395 1827 1453; baseline 0.001 -13"><span class='ocrx_word' id='word_1_155' title='bbox 321 1395 417 1438; x_wconf 70' lang='lat'>5⁶23.</span> <span class='ocrx_word' id='word_1_156' title='bbox 453 1397 797 1452; x_wconf 83' lang='lat' dir='ltr'>Legitimitatis</span> <span class='ocrx_word' id='word_1_157' title='bbox 845 1399 1199 1453; x_wconf 86' lang='lat' dir='ltr'>praesumptio.</span> <span class='ocrx_word' id='word_1_158' title='bbox 1242 1423 1296 1427; x_wconf 93' lang='lat'><strong>—</strong></span> <span class='ocrx_word' id='word_1_159' title='bbox 1344 1395 1502 1440; x_wconf 89' lang='lat' dir='ltr'>Veritas</span> <span class='ocrx_word' id='word_1_160' title='bbox 1546 1397 1713 1441; x_wconf 87' lang='lat' dir='ltr'>moralis</span> <span class='ocrx_word' id='word_1_161' title='bbox 1755 1402 1827 1453; x_wconf 88' lang='lat' dir='ltr'>est,</span> 
     </span>
     <span class='ocr_line' id='line_1_20' title="bbox 201 1466 1829 1525; baseline 0.001 -15"><span class='ocrx_word' id='word_1_162' title='bbox 201 1479 306 1525; x_wconf 86' lang='lat' dir='ltr'>quae</span> <span class='ocrx_word' id='word_1_163' title='bbox 342 1472 383 1509; x_wconf 93' lang='lat' dir='ltr'>ut</span> <span class='ocrx_word' id='word_1_164' title='bbox 417 1468 454 1509; x_wconf 91' lang='lat' dir='ltr'>in</span> <span class='ocrx_word' id='word_1_165' title='bbox 491 1466 679 1522; x_wconf 90' lang='lat' dir='ltr'>pluribus</span> <span class='ocrx_word' id='word_1_166' title='bbox 711 1469 823 1509; x_wconf 87' lang='lat' dir='ltr'>iuxta</span> <span class='ocrx_word' id='word_1_167' title='bbox 859 1466 1073 1510; x_wconf 87' lang='lat' dir='ltr'>bominum</span> <span class='ocrx_word' id='word_1_168' title='bbox 1108 1480 1245 1510; x_wconf 89' lang='lat' dir='ltr'>mores</span> <span class='ocrx_word' id='word_1_169' title='bbox 1275 1469 1426 1512; x_wconf 85' lang='lat' dir='ltr'>existit.</span> <span class='ocrx_word' id='word_1_170' title='bbox 1462 1467 1577 1511; x_wconf 87' lang='lat' dir='ltr'>lllam</span> <span class='ocrx_word' id='word_1_171' title='bbox 1613 1470 1738 1524; x_wconf 87' lang='lat' dir='ltr'>igitur</span> <span class='ocrx_word' id='word_1_172' title='bbox 1771 1482 1829 1511; x_wconf 90' lang='lat' dir='ltr'>re-</span> 
     </span>
     <span class='ocr_line' id='line_1_21' title="bbox 201 1536 1829 1594; baseline 0.001 -13"><span class='ocrx_word' id='word_1_173' title='bbox 201 1540 381 1594; x_wconf 88' lang='lat' dir='ltr'>spiciens</span> <span class='ocrx_word' id='word_1_174' title='bbox 414 1540 451 1580; x_wconf 89' lang='lat' dir='ltr'>in</span> <span class='ocrx_word' id='word_1_175' title='bbox 485 1536 672 1580; x_wconf 90' lang='lat' dir='ltr'>occultae</span> <span class='ocrx_word' id='word_1_176' title='bbox 706 1537 906 1580; x_wconf 88' lang='lat' dir='ltr'>naturalis</span> <span class='ocrx_word' id='word_1_177' title='bbox 941 1539 1199 1593; x_wconf 81' lang='lat' dir='ltr'>paternitatis</span> <span class='ocrx_word' id='word_1_178' title='bbox 1231 1540 1481 1594; x_wconf 77' lang='lat' dir='ltr'>cognitione,</span> <span class='ocrx_word' id='word_1_179' title='bbox 1514 1541 1572 1582; x_wconf 87' lang='lat' dir='ltr'>sic</span> <span class='ocrx_word' id='word_1_180' title='bbox 1607 1537 1829 1582; x_wconf 88' lang='lat' dir='ltr'>rationabi-</span> 
     </span>
     <span class='ocr_line' id='line_1_22' title="bbox 203 1607 1828 1667; baseline 0.001 -15"><span class='ocrx_word' id='word_1_181' title='bbox 203 1608 295 1652; x_wconf 91' lang='lat' dir='ltr'>liter</span> <span class='ocrx_word' id='word_1_182' title='bbox 341 1609 527 1652; x_wconf 78' lang='lat' dir='ltr'>decernit</span> <span class='ocrx_word' id='word_1_183' title='bbox 570 1622 660 1650; x_wconf 80' lang='lat' dir='ltr'>can.</span> <span class='ocrx_word' id='word_1_184' title='bbox 696 1610 815 1652; x_wconf 83' lang='lat'>1115.</span> <span class='ocrx_word' id='word_1_185' title='bbox 849 1608 877 1666; x_wconf 61' lang='grc' dir='ltr'>ἓ</span> <span class='ocrx_word' id='word_1_186' title='bbox 913 1608 948 1653; x_wconf 92' lang='grc'>1.</span> <span class='ocrx_word' id='word_1_187' title='bbox 987 1607 1112 1651; x_wconf 80' lang='lat' dir='ltr'>Pater</span> <span class='ocrx_word' id='word_1_188' title='bbox 1158 1608 1195 1651; x_wconf 76' lang='lat' dir='ltr'>is</span> <span class='ocrx_word' id='word_1_189' title='bbox 1239 1614 1314 1660; x_wconf 80' lang='lat' dir='ltr'>est,</span> <span class='ocrx_word' id='word_1_190' title='bbox 1348 1623 1466 1667; x_wconf 80' lang='lat' dir='ltr'>quem</span> <span class='ocrx_word' id='word_1_191' title='bbox 1514 1609 1665 1666; x_wconf 74' lang='lat' dir='ltr'>iustae,</span> <span class='ocrx_word' id='word_1_192' title='bbox 1702 1610 1828 1653; x_wconf 80' lang='lat' dir='ltr'>idest:</span> 
     </span>
     <span class='ocr_line' id='line_1_23' title="bbox 202 1678 1831 1737; baseline 0 -14"><span class='ocrx_word' id='word_1_193' title='bbox 202 1680 431 1723; x_wconf 85' lang='lat' dir='ltr'>secuudum</span> <span class='ocrx_word' id='word_1_194' title='bbox 469 1681 719 1722; x_wconf 86' lang='lat' dir='ltr'>matrimonii</span> <span class='ocrx_word' id='word_1_195' title='bbox 755 1679 880 1736; x_wconf 82' lang='lat' dir='ltr'>leges,</span> <span class='ocrx_word' id='word_1_196' title='bbox 905 1679 1081 1737; x_wconf 73' lang='lat' dir='ltr'>nuptiae</span> <span class='ocrx_word' id='word_1_197' title='bbox 1106 1678 1396 1723; x_wconf 80' lang='lat' dir='ltr'>demonstran!</span> <span class='ocrx_word' id='word_1_198' title='bbox 1420 1683 1478 1723; x_wconf 92' lang='lat' dir='ltr'>uti</span> <span class='ocrx_word' id='word_1_199' title='bbox 1513 1683 1724 1735; x_wconf 84' lang='lat' dir='ltr'>maritum,</span> <span class='ocrx_word' id='word_1_200' title='bbox 1745 1680 1831 1724; x_wconf 83' lang='lat' dir='ltr'>nisi</span> 
     </span>
     <span class='ocr_line' id='line_1_24' title="bbox 203 1749 1830 1808; baseline 0.001 -16"><span class='ocrx_word' id='word_1_201' title='bbox 203 1749 460 1793; x_wconf 75' lang='lat' dir='ltr'>evidentibus</span> <span class='ocrx_word' id='word_1_202' title='bbox 493 1750 769 1807; x_wconf 63' lang='grc' dir='ltr'>(ιφ-9377163113,</span> <span class='ocrx_word' id='word_1_203' title='bbox 806 1754 948 1807; x_wconf 87' lang='lat' dir='ltr'>utputa</span> <span class='ocrx_word' id='word_1_204' title='bbox 992 1752 1024 1793; x_wconf 91' lang='lat' dir='ltr'>si</span> <span class='ocrx_word' id='word_1_205' title='bbox 1059 1755 1218 1795; x_wconf 88' lang='lat' dir='ltr'>constet</span> <span class='ocrx_word' id='word_1_206' title='bbox 1254 1753 1387 1794; x_wconf 92' lang='lat' dir='ltr'>virum</span> <span class='ocrx_word' id='word_1_207' title='bbox 1434 1753 1674 1808; x_wconf 85' lang='lat' dir='ltr'>impotentia</span> <span class='ocrx_word' id='word_1_208' title='bbox 1720 1751 1830 1795; x_wconf 91' lang='lat' dir='ltr'>labo·</span> 
     </span>
     <span class='ocr_line' id='line_1_25' title="bbox 205 1820 1830 1879; baseline 0.001 -15"><span class='ocrx_word' id='word_1_209' title='bbox 205 1834 328 1871; x_wconf 78' lang='lat' dir='ltr'>rasse,</span> <span class='ocrx_word' id='word_1_210' title='bbox 363 1826 432 1864; x_wconf 90' lang='lat' dir='ltr'>aut</span> <span class='ocrx_word' id='word_1_211' title='bbox 478 1835 548 1877; x_wconf 88' lang='lat' dir='ltr'>per</span> <span class='ocrx_word' id='word_1_212' title='bbox 581 1822 824 1864; x_wconf 80' lang='lat' dir='ltr'>diuturnum</span> <span class='ocrx_word' id='word_1_213' title='bbox 871 1820 1096 1877; x_wconf 87' lang='lat' dir='ltr'>probabilis</span> <span class='ocrx_word' id='word_1_214' title='bbox 1128 1824 1410 1878; x_wconf 89' lang='lat' dir='ltr'>conceptionis</span> <span class='ocrx_word' id='word_1_215' title='bbox 1443 1827 1606 1879; x_wconf 87' lang='lat' dir='ltr'>tempus</span> <span class='ocrx_word' id='word_1_216' title='bbox 1637 1821 1830 1876; x_wconf 83' lang='lat' dir='ltr'>abfuisse,</span> 
     </span>
     <span class='ocr_line' id='line_1_26' title="bbox 208 1892 1833 1949; baseline 0.002 -15"><span class='ocrx_word' id='word_1_217' title='bbox 208 1892 269 1935; x_wconf 88' lang='lat' dir='ltr'>vel</span> <span class='ocrx_word' id='word_1_218' title='bbox 307 1892 434 1935; x_wconf 90' lang='lat' dir='ltr'>tilium</span> <span class='ocrx_word' id='word_1_219' title='bbox 470 1892 625 1935; x_wconf 80' lang='lat' dir='ltr'>editum</span> <span class='ocrx_word' id='word_1_220' title='bbox 660 1893 785 1935; x_wconf 85' lang='lat' dir='ltr'>fuisse</span> <span class='ocrx_word' id='word_1_221' title='bbox 819 1892 902 1935; x_wconf 84' lang='lat'>300</span> <span class='ocrx_word' id='word_1_222' title='bbox 936 1892 1025 1935; x_wconf 88' lang='lat' dir='ltr'>dies</span> <span class='ocrx_word' id='word_1_223' title='bbox 1059 1897 1148 1949; x_wconf 89' lang='lat' dir='ltr'>post</span> <span class='ocrx_word' id='word_1_224' title='bbox 1181 1895 1316 1936; x_wconf 88' lang='lat' dir='ltr'>mariti</span> <span class='ocrx_word' id='word_1_225' title='bbox 1352 1897 1542 1948; x_wconf 85' lang='lat' dir='ltr'>mortem,</span> <span class='ocrx_word' id='word_1_226' title='bbox 1576 1892 1639 1936; x_wconf 86' lang='lat' dir='ltr'>his</span> <span class='ocrx_word' id='word_1_227' title='bbox 1671 1897 1711 1936; x_wconf 90' lang='lat' dir='ltr'>et</span> <span class='ocrx_word' id='word_1_228' title='bbox 1742 1893 1833 1937; x_wconf 90' lang='lat' dir='ltr'>aliis</span> 
     </span>
     <span class='ocr_line' id='line_1_27' title="bbox 205 1963 1832 2020; baseline -0.001 -14"><span class='ocrx_word' id='word_1_229' title='bbox 205 1963 441 2006; x_wconf 77' lang='lat' dir='ltr'>huiusmodi</span> <span class='ocrx_word' id='word_1_230' title='bbox 476 1965 733 2019; x_wconf 80' lang='lat' dir='ltr'>argumentis</span> <span class='ocrx_word' id='word_1_231' title='bbox 766 1963 1043 2017; x_wconf 78' lang='lat' dir='ltr'>contrarium,</span> <span class='ocrx_word' id='word_1_232' title='bbox 1077 1976 1248 2020; x_wconf 89' lang='lat' dir='ltr'>nempe:</span> <span class='ocrx_word' id='word_1_233' title='bbox 1284 1977 1362 2006; x_wconf 94' lang='lat' dir='ltr'>non</span> <span class='ocrx_word' id='word_1_234' title='bbox 1397 1966 1581 2020; x_wconf 87' lang='lat' dir='ltr'>genitum</span> <span class='ocrx_word' id='word_1_235' title='bbox 1617 1977 1638 2008; x_wconf 91' lang='lat' dir='ltr'>a</span> <span class='ocrx_word' id='word_1_236' title='bbox 1670 1965 1832 2019; x_wconf 90' lang='lat' dir='ltr'>marito,</span> 
     </span>
     <span class='ocr_line' id='line_1_28' title="bbox 202 2032 1833 2091; baseline 0.001 -16"><span class='ocrx_word' id='word_1_237' title='bbox 202 2032 414 2090; x_wconf 74' lang='lat' dir='ltr'>probetur.</span> <span class='ocrx_word' id='word_1_238' title='bbox 450 2033 568 2088; x_wconf 86' lang='lat' dir='ltr'>Quod</span> <span class='ocrx_word' id='word_1_239' title='bbox 614 2047 693 2076; x_wconf 91' lang='lat' dir='ltr'>non</span> <span class='ocrx_word' id='word_1_240' title='bbox 727 2035 884 2077; x_wconf 87' lang='lat' dir='ltr'>evincit</span> <span class='ocrx_word' id='word_1_241' title='bbox 933 2033 1096 2090; x_wconf 87' lang='lat' dir='ltr'>publica</span> <span class='ocrx_word' id='word_1_242' title='bbox 1144 2034 1266 2088; x_wconf 80' lang='lat' dir='ltr'>tama,</span> <span class='ocrx_word' id='word_1_243' title='bbox 1300 2038 1340 2078; x_wconf 89' lang='lat' dir='ltr'>et</span> <span class='ocrx_word' id='word_1_244' title='bbox 1372 2034 1612 2078; x_wconf 90' lang='lat' dir='ltr'>alterutrius</span> <span class='ocrx_word' id='word_1_245' title='bbox 1645 2037 1833 2091; x_wconf 87' lang='lat' dir='ltr'>coniugis</span> 
     </span>
     <span class='ocr_line' id='line_1_29' title="bbox 210 2103 890 2161; baseline 0.004 -16"><span class='ocrx_word' id='word_1_246' title='bbox 210 2103 272 2147; x_wconf 90' lang='lat' dir='ltr'>vel</span> <span class='ocrx_word' id='word_1_247' title='bbox 309 2106 522 2161; x_wconf 84' lang='lat' dir='ltr'>utriusque</span> <span class='ocrx_word' id='word_1_248' title='bbox 555 2104 640 2147; x_wconf 89' lang='lat' dir='ltr'>sola</span> <span class='ocrx_word' id='word_1_249' title='bbox 674 2105 890 2148; x_wconf 88' lang='lat' dir='ltr'>confessio.</span> 
     </span>
    </p>

    <p class='ocr_par' dir='ltr' id='par_1_5' title="bbox 206 2174 1835 2654">
     <span class='ocr_line' id='line_1_30' title="bbox 327 2174 1833 2233; baseline 0.002 -16"><span class='ocrx_word' id='word_1_250' title='bbox 327 2174 495 2231; x_wconf 84' lang='lat' dir='ltr'>Propter</span> <span class='ocrx_word' id='word_1_251' title='bbox 519 2188 579 2230; x_wconf 88' lang='grc'>63,</span> <span class='ocrx_word' id='word_1_252' title='bbox 604 2188 711 2232; x_wconf 83' lang='lat' dir='ltr'>quae</span> <span class='ocrx_word' id='word_1_253' title='bbox 743 2175 935 2219; x_wconf 83' lang='lat' dir='ltr'>accidere</span> <span class='ocrx_word' id='word_1_254' title='bbox 969 2180 1137 2231; x_wconf 92' lang='lat' dir='ltr'>possunt</span> <span class='ocrx_word' id='word_1_255' title='bbox 1169 2175 1400 2220; x_wconf 85' lang='lat' dir='ltr'>secundum</span> <span class='ocrx_word' id='word_1_256' title='bbox 1419 2179 1732 2233; x_wconf 78' lang='lat' dir='ltr'>experientiam,</span> <span class='ocrx_word' id='word_1_257' title='bbox 1757 2181 1833 2220; x_wconf 88' lang='lat' dir='ltr'>sta-</span> 
     </span>
     <span class='ocr_line' id='line_1_31' title="bbox 206 2244 1833 2304; baseline 0.002 -16"><span class='ocrx_word' id='word_1_258' title='bbox 206 2247 283 2288; x_wconf 91' lang='lat' dir='ltr'>tuit</span> <span class='ocrx_word' id='word_1_259' title='bbox 316 2248 353 2287; x_wconf 90' lang='lat' dir='ltr'>in</span> <span class='ocrx_word' id='word_1_260' title='bbox 390 2246 516 2302; x_wconf 92' lang='lat' dir='ltr'>prolis</span> <span class='ocrx_word' id='word_1_261' title='bbox 548 2247 735 2289; x_wconf 85' lang='lat' dir='ltr'>savorem</span> <span class='ocrx_word' id='word_1_262' title='bbox 769 2248 794 2299; x_wconf 65' lang='grc' dir='ltr'><strong>ἓ</strong></span> <span class='ocrx_word' id='word_1_263' title='bbox 827 2246 864 2289; x_wconf 68' lang='lat'>2.</span> <span class='ocrx_word' id='word_1_264' title='bbox 899 2244 1110 2302; x_wconf 74' lang='lat' dir='ltr'>Leyilimi,</span> <span class='ocrx_word' id='word_1_265' title='bbox 1146 2251 1189 2290; x_wconf 93' lang='lat' dir='ltr'>ut</span> <span class='ocrx_word' id='word_1_266' title='bbox 1221 2247 1474 2303; x_wconf 89' lang='lat' dir='ltr'>explicatum</span> <span class='ocrx_word' id='word_1_267' title='bbox 1513 2252 1574 2291; x_wconf 91' lang='lat' dir='ltr'>est</span> <span class='ocrx_word' id='word_1_268' title='bbox 1607 2250 1645 2290; x_wconf 90' lang='lat' dir='ltr'>in</span> <span class='ocrx_word' id='word_1_269' title='bbox 1682 2247 1833 2304; x_wconf 86' lang='lat' dir='ltr'>praec.i</span> 
     </span>
     <span class='ocr_line' id='line_1_32' title="bbox 206 2315 1832 2375; baseline 0.002 -17"><span class='ocrx_word' id='word_1_270' title='bbox 206 2315 266 2373; x_wconf 65' lang='grc' dir='ltr'>ἓο,</span> <span class='ocrx_word' id='word_1_271' title='bbox 298 2322 630 2373; x_wconf 71' lang='lat' dir='ltr'>ymiesnmnntnr</span> <span class='ocrx_word' id='word_1_272' title='bbox 654 2319 989 2373; x_wconf 88' lang='lat' dir='ltr'>praesumptione</span> <span class='ocrx_word' id='word_1_273' title='bbox 1013 2319 1114 2360; x_wconf 91' lang='lat' dir='ltr'>iuris</span> <span class='ocrx_word' id='word_1_274' title='bbox 1136 2317 1380 2374; x_wconf 91' lang='lat' dir='ltr'>simpliciter</span> <span class='ocrx_word' id='word_1_275' title='bbox 1402 2322 1544 2362; x_wconf 89' lang='lat' dir='ltr'>contra</span> <span class='ocrx_word' id='word_1_276' title='bbox 1568 2331 1693 2375; x_wconf 85' lang='lat' dir='ltr'>quam</span> <span class='ocrx_word' id='word_1_277' title='bbox 1722 2333 1742 2359; x_wconf 74' lang='lat' dir='ltr'>c&lt;</span> <span class='ocrx_word' id='word_1_278' title='bbox 1760 2318 1832 2362; x_wconf 90' lang='lat' dir='ltr'>ad-</span> 
     </span>
     <span class='ocr_line' id='line_1_33' title="bbox 210 2386 1834 2446; baseline 0.002 -18"><span class='ocrx_word' id='word_1_279' title='bbox 210 2389 384 2429; x_wconf 91' lang='lat' dir='ltr'>mittitur</span> <span class='ocrx_word' id='word_1_280' title='bbox 419 2386 604 2443; x_wconf 86' lang='lat' dir='ltr'>probatio</span> <span class='ocrx_word' id='word_1_281' title='bbox 636 2392 722 2430; x_wconf 91' lang='lat' dir='ltr'>tum</span> <span class='ocrx_word' id='word_1_282' title='bbox 757 2388 914 2431; x_wconf 89' lang='lat' dir='ltr'>directa</span> <span class='ocrx_word' id='word_1_283' title='bbox 949 2392 1034 2430; x_wconf 88' lang='lat' dir='ltr'>tum</span> <span class='ocrx_word' id='word_1_284' title='bbox 1070 2387 1310 2431; x_wconf 79' lang='lat' dir='ltr'>indirecta»</span> <span class='ocrx_word' id='word_1_285' title='bbox 1350 2388 1834 2446; x_wconf 69' lang='lat' dir='ltr'>(can.1826),filiiqni</span> 
     </span>
     <span class='ocr_line' id='line_1_34' title="bbox 208 2457 1833 2515; baseline 0.001 -16"><span class='ocrx_word' id='word_1_286' title='bbox 208 2457 300 2499; x_wconf 82' lang='lat' dir='ltr'>nati</span> <span class='ocrx_word' id='word_1_287' title='bbox 331 2462 428 2499; x_wconf 75' lang='lat' dir='ltr'>sunt</span> <span class='ocrx_word' id='word_1_288' title='bbox 459 2457 608 2500; x_wconf 78' lang='lat' dir='ltr'>sallem</span> <span class='ocrx_word' id='word_1_289' title='bbox 637 2463 733 2515; x_wconf 73' lang='lat' dir='ltr'>post</span> <span class='ocrx_word' id='word_1_290' title='bbox 765 2472 839 2501; x_wconf 72' lang='lat' dir='ltr'>seoe</span> <span class='ocrx_word' id='word_1_291' title='bbox 871 2471 1030 2500; x_wconf 80' lang='lat' dir='ltr'>menses</span> <span class='ocrx_word' id='word_1_292' title='bbox 1063 2472 1088 2500; x_wconf 86' lang='grc' dir='ltr'><em>α</em></span> <span class='ocrx_word' id='word_1_293' title='bbox 1121 2457 1190 2501; x_wconf 88' lang='lat' dir='ltr'>die</span> <span class='ocrx_word' id='word_1_294' title='bbox 1221 2457 1420 2501; x_wconf 80' lang='lat' dir='ltr'>celebrati</span> <span class='ocrx_word' id='word_1_295' title='bbox 1451 2459 1728 2513; x_wconf 81' lang='lat' dir='ltr'>matrimonii,</span> <span class='ocrx_word' id='word_1_296' title='bbox 1756 2461 1833 2503; x_wconf 87' lang='lat' dir='ltr'>sci-</span> 
     </span>
     <span class='ocr_line' id='line_1_35' title="bbox 209 2527 1833 2585; baseline 0.002 -15"><span class='ocrx_word' id='word_1_297' title='bbox 209 2527 324 2571; x_wconf 90' lang='lat' dir='ltr'>licet:</span> <span class='ocrx_word' id='word_1_298' title='bbox 361 2533 681 2583; x_wconf 88' lang='lat' dir='ltr'>praesumuntur</span> <span class='ocrx_word' id='word_1_299' title='bbox 713 2528 764 2572; x_wconf 88' lang='lat' dir='ltr'>ab</span> <span class='ocrx_word' id='word_1_300' title='bbox 788 2542 836 2572; x_wconf 91' lang='lat' dir='ltr'>eo</span> <span class='ocrx_word' id='word_1_301' title='bbox 861 2531 1010 2572; x_wconf 91' lang='lat' dir='ltr'>marito</span> <span class='ocrx_word' id='word_1_302' title='bbox 1043 2531 1204 2585; x_wconf 86' lang='lat' dir='ltr'>genitos</span> <span class='ocrx_word' id='word_1_303' title='bbox 1237 2530 1374 2581; x_wconf 85' lang='lat' dir='ltr'>fuisse,</span> <span class='ocrx_word' id='word_1_304' title='bbox 1399 2529 1462 2572; x_wconf 81' lang='lat' dir='ltr'>vel</span> <span class='ocrx_word' id='word_1_305' title='bbox 1494 2542 1516 2573; x_wconf 89' lang='lat' dir='ltr'>a</span> <span class='ocrx_word' id='word_1_306' title='bbox 1550 2530 1743 2574; x_wconf 80' lang='lat' dir='ltr'>defuncto</span> <span class='ocrx_word' id='word_1_307' title='bbox 1768 2530 1833 2573; x_wconf 90' lang='lat' dir='ltr'>vel</span> 
     </span>
     <span class='ocr_line' id='line_1_36' title="bbox 208 2599 1835 2654; baseline 0.001 -12"><span class='ocrx_word' id='word_1_308' title='bbox 208 2603 398 2654; x_wconf 87' lang='lat' dir='ltr'>separato</span> <span class='ocrx_word' id='word_1_309' title='bbox 424 2601 526 2653; x_wconf 91' lang='lat' dir='ltr'>viro,</span> <span class='ocrx_word' id='word_1_310' title='bbox 549 2601 580 2642; x_wconf 87' lang='lat' dir='ltr'>si</span> <span class='ocrx_word' id='word_1_311' title='bbox 620 2615 639 2639; x_wconf 83' lang='grc'>((</span> <span class='ocrx_word' id='word_1_312' title='bbox 661 2603 742 2643; x_wconf 91' lang='lat' dir='ltr'>nati</span> <span class='ocrx_word' id='word_1_313' title='bbox 776 2605 910 2643; x_wconf 77' lang='lat' dir='ltr'>sunt»</span> <span class='ocrx_word' id='word_1_314' title='bbox 948 2599 1066 2642; x_wconf 83' lang='lat' dir='ltr'>intra</span> <span class='ocrx_word' id='word_1_315' title='bbox 1097 2599 1235 2643; x_wconf 68' lang='lat' dir='ltr'>elecem</span> <span class='ocrx_word' id='word_1_316' title='bbox 1267 2614 1426 2643; x_wconf 81' lang='lat' dir='ltr'>menses</span> <span class='ocrx_word' id='word_1_317' title='bbox 1450 2615 1475 2643; x_wconf 85' lang='grc' dir='ltr'><em>α</em></span> <span class='ocrx_word' id='word_1_318' title='bbox 1502 2600 1571 2644; x_wconf 83' lang='lat' dir='ltr'>die</span> <span class='ocrx_word' id='word_1_319' title='bbox 1602 2600 1835 2644; x_wconf 76' lang='lat' dir='ltr'>dissolutae</span> 
     </span>
    </p>
   </div>
   <div class='ocr_carea' id='block_1_4' title="bbox 210 2669 1964 2729">
    <p class='ocr_par' dir='ltr' id='par_1_6' title="bbox 210 2669 1964 2729">
     <span class='ocr_line' id='line_1_37' title="bbox 210 2669 1964 2729; baseline 0.001 -18"><span class='ocrx_word' id='word_1_320' title='bbox 210 2682 281 2725; x_wconf 89' lang='lat' dir='ltr'>per</span> <span class='ocrx_word' id='word_1_321' title='bbox 305 2673 477 2712; x_wconf 89' lang='lat' dir='ltr'>mortem</span> <span class='ocrx_word' id='word_1_322' title='bbox 503 2674 573 2712; x_wconf 90' lang='lat' dir='ltr'>aut</span> <span class='ocrx_word' id='word_1_323' title='bbox 596 2669 779 2726; x_wconf 83' lang='lat' dir='ltr'>legitime</span> <span class='ocrx_word' id='word_1_324' title='bbox 806 2670 868 2713; x_wconf 80' lang='lat' dir='ltr'>vel</span> <span class='ocrx_word' id='word_1_325' title='bbox 894 2670 1110 2727; x_wconf 84' lang='lat' dir='ltr'>illegitime</span> <span class='ocrx_word' id='word_1_326' title='bbox 1128 2670 1239 2713; x_wconf 80' lang='lat' dir='ltr'>vitae</span> <span class='ocrx_word' id='word_1_327' title='bbox 1256 2670 1504 2728; x_wconf 71' lang='lat' dir='ltr'>eoniuyaliS,</span> <span class='ocrx_word' id='word_1_328' title='bbox 1529 2671 1673 2714; x_wconf 87' lang='lat' dir='ltr'>saltem</span> <span class='ocrx_word' id='word_1_329' title='bbox 1698 2672 1832 2729; x_wconf 80' lang='lat' dir='ltr'>quoad</span> <span class='ocrx_word' id='word_1_330' title='bbox 1895 2709 1899 2715; x_wconf 88' lang='lat'><strong><em>.</em></strong></span> <span class='ocrx_word' id='word_1_331' title='bbox 1924 2673 1964 2725; x_wconf 57' lang='lat'>112,</span> 
     </span>
    </p>
   </div>
   <div class='ocr_carea' id='block_1_5' title="bbox 211 2739 1836 2939">
    <p class='ocr_par' dir='ltr' id='par_1_7' title="bbox 211 2739 1836 2939">
     <span class='ocr_line' id='line_1_38' title="bbox 211 2739 842 2783; baseline 0.002 -1"><span class='ocrx_word' id='word_1_332' title='bbox 211 2739 374 2782; x_wconf 87' lang='lat' dir='ltr'>thorum</span> <span class='ocrx_word' id='word_1_333' title='bbox 409 2743 448 2782; x_wconf 91' lang='grc'>61</span> <span class='ocrx_word' id='word_1_334' title='bbox 480 2739 842 2783; x_wconf 85' lang='lat' dir='ltr'>cohabitationem.</span> 
     </span>
     <span class='ocr_line' id='line_1_39' title="bbox 330 2809 1836 2868; baseline 0.003 -18"><span class='ocrx_word' id='word_1_335' title='bbox 330 2809 427 2851; x_wconf 67' lang='lat'><strong>524.</strong></span> <span class='ocrx_word' id='word_1_336' title='bbox 461 2812 773 2866; x_wconf 86' lang='lat' dir='ltr'>Legitimatio</span> <span class='ocrx_word' id='word_1_337' title='bbox 806 2826 869 2857; x_wconf 87' lang='lat' dir='ltr'>ex</span> <span class='ocrx_word' id='word_1_338' title='bbox 913 2813 1032 2857; x_wconf 83' lang='lat' dir='ltr'>iure.</span> <span class='ocrx_word' id='word_1_339' title='bbox 1065 2837 1117 2842; x_wconf 92' lang='lat'>--</span> <span class='ocrx_word' id='word_1_340' title='bbox 1152 2811 1265 2855; x_wconf 91' lang='lat' dir='ltr'>Filiis</span> <span class='ocrx_word' id='word_1_341' title='bbox 1296 2812 1525 2856; x_wconf 87' lang='lat' dir='ltr'>secundum</span> <span class='ocrx_word' id='word_1_342' title='bbox 1571 2817 1726 2868; x_wconf 83' lang='lat' dir='ltr'>praec.⁸</span> <span class='ocrx_word' id='word_1_343' title='bbox 1768 2823 1836 2855; x_wconf 90' lang='lat' dir='ltr'>ca-</span> 
     </span>
     <span class='ocr_line' id='line_1_40' title="bbox 211 2879 1834 2939; baseline 0.001 -17"><span class='ocrx_word' id='word_1_344' title='bbox 211 2892 338 2922; x_wconf 88' lang='lat' dir='ltr'>nones</span> <span class='ocrx_word' id='word_1_345' title='bbox 380 2879 606 2936; x_wconf 87' lang='lat' dir='ltr'>illegitimis</span> <span class='ocrx_word' id='word_1_346' title='bbox 639 2882 888 2938; x_wconf 83' lang='lat' dir='ltr'>quandoque</span> <span class='ocrx_word' id='word_1_347' title='bbox 930 2881 1115 2926; x_wconf 89' lang='lat' dir='ltr'>Ecclesia</span> <span class='ocrx_word' id='word_1_348' title='bbox 1158 2886 1326 2939; x_wconf 88' lang='lat' dir='ltr'>propter</span> <span class='ocrx_word' id='word_1_349' title='bbox 1357 2882 1545 2926; x_wconf 88' lang='lat' dir='ltr'>diversas</span> <span class='ocrx_word' id='word_1_350' title='bbox 1577 2894 1723 2926; x_wconf 88' lang='lat' dir='ltr'>causas</span> <span class='ocrx_word' id='word_1_351' title='bbox 1764 2883 1834 2925; x_wconf 88' lang='lat' dir='ltr'>tri-</span> 
     </span>
    </p>
   </div>
   <div class='ocr_carea' id='block_1_6' title="bbox 1915 0 1971 986">
    <p class='ocr_par' dir='ltr' id='par_1_8' title="bbox 1915 0 1971 986">
     <span class='ocr_line' id='line_1_41' title="bbox 1915 0 1971 986; textangle 90"><span class='ocrx_word' id='word_1_352' title='bbox 1915 0 1971 986; x_wconf 37' lang='lat' dir='ltr'>2wmwm-maewweffmffl</span> 
     </span>
    </p>
   </div>
   <div class='ocr_carea' id='block_1_7' title="bbox 1916 1739 1971 3261">
    <p class='ocr_par' dir='ltr' id='par_1_9' title="bbox 1916 1739 1971 3261">
     <span class='ocr_line' id='line_1_42' title="bbox 1916 1739 1971 3261; baseline 0 0"><span class='ocrx_word' id='word_1_353' title='bbox 1916 1739 1971 3261; x_wconf 95' lang='lat' dir='ltr'> </span> 
     </span>
    </p>
   </div>
  </div>
 </body>
</html>
