<?xml version="1.0" encoding="UTF-8"?>
<!DOCTYPE html PUBLIC "-//W3C//DTD XHTML 1.0 Transitional//EN"
    "http://www.w3.org/TR/xhtml1/DTD/xhtml1-transitional.dtd">
<html xmlns="http://www.w3.org/1999/xhtml" xml:lang="en" lang="en">
 <head>
  <title>
</title>
<meta http-equiv="Content-Type" content="text/html;charset=utf-8" />
  <meta name='ocr-system' content='tesseract 3.04.00' />
  <meta name='ocr-capabilities' content='ocr_page ocr_carea ocr_par ocr_line ocrx_word'/>
</head>
<body>
  <div class='ocr_page' id='page_1' title='image "./p1commentariumte03blatuoft_0162.png"; bbox 0 0 1971 3261; ppageno 0'>
   <div class='ocr_carea' id='block_1_1' title="bbox 203 88 1824 153">
    <p class='ocr_par' dir='ltr' id='par_1_1' title="bbox 203 88 1824 153">
     <span class='ocr_line' id='line_1_1' title="bbox 203 88 1824 153; baseline -0.001 -1"><span class='ocrx_word' id='word_1_1' title='bbox 203 118 268 152; x_wconf 81' lang='lat'>148</span> <span class='ocrx_word' id='word_1_2' title='bbox 499 148 503 153; x_wconf 81' lang='grc'>,</span> <span class='ocrx_word' id='word_1_3' title='bbox 602 116 686 150; x_wconf 70' lang='lat' dir='ltr'>Lus.</span> <span class='ocrx_word' id='word_1_4' title='bbox 713 115 783 150; x_wconf 89' lang='lat' dir='ltr'><strong>III.</strong></span> <span class='ocrx_word' id='word_1_5' title='bbox 811 135 822 141; x_wconf 91' lang='lat'>-</span> <span class='ocrx_word' id='word_1_6' title='bbox 851 115 961 149; x_wconf 73' lang='lat' dir='ltr'>PARs</span> <span class='ocrx_word' id='word_1_7' title='bbox 988 115 1016 150; x_wconf 92' lang='grc' dir='ltr'>Ι.</span> <span class='ocrx_word' id='word_1_8' title='bbox 1043 135 1054 140; x_wconf 94' lang='grc'>-</span> <span class='ocrx_word' id='word_1_9' title='bbox 1083 116 1140 150; x_wconf 87' lang='lat' dir='ltr'>De</span> <span class='ocrx_word' id='word_1_10' title='bbox 1165 88 1429 151; x_wconf 59' lang='lat' dir='ltr'>&amp;temulentis</span> <span class='ocrx_word' id='word_1_11' title='bbox 1636 115 1726 151; x_wconf 80' lang='lat' dir='ltr'>Can.</span> <span class='ocrx_word' id='word_1_12' title='bbox 1754 115 1824 150; x_wconf 77' lang='lat'>823</span> 
     </span>
    </p>
   </div>
   <div class='ocr_carea' id='block_1_2' title="bbox 1301 176 1821 182">
    <p class='ocr_par' dir='ltr' id='par_1_2' title="bbox 1301 176 1821 182">
     <span class='ocr_line' id='line_1_2' title="bbox 1301 176 1821 182; baseline 0 0"><span class='ocrx_word' id='word_1_13' title='bbox 1301 176 1821 182; x_wconf 95' lang='lat' dir='ltr'> </span> 
     </span>
    </p>
   </div>
   <div class='ocr_carea' id='block_1_3' title="bbox 209 173 1195 186">
    <p class='ocr_par' dir='ltr' id='par_1_3' title="bbox 209 173 1195 186">
     <span class='ocr_line' id='line_1_3' title="bbox 209 173 1195 186; baseline 0 0"><span class='ocrx_word' id='word_1_14' title='bbox 209 173 1195 186; x_wconf 95' lang='lat' dir='ltr'> </span> 
     </span>
    </p>
   </div>
   <div class='ocr_carea' id='block_1_4' title="bbox 193 233 1825 1339">
    <p class='ocr_par' dir='ltr' id='par_1_4' title="bbox 202 233 1821 350">
     <span class='ocr_line' id='line_1_4' title="bbox 204 233 1821 294; baseline -0.001 -15"><span class='ocrx_word' id='word_1_15' title='bbox 204 235 368 294; x_wconf 78' lang='lat' dir='ltr'>ubique,</span> <span class='ocrx_word' id='word_1_16' title='bbox 404 235 512 292; x_wconf 81' lang='lat' dir='ltr'>quod</span> <span class='ocrx_word' id='word_1_17' title='bbox 548 248 627 277; x_wconf 91' lang='lat' dir='ltr'>non</span> <span class='ocrx_word' id='word_1_18' title='bbox 661 238 749 277; x_wconf 92' lang='lat' dir='ltr'>erat</span> <span class='ocrx_word' id='word_1_19' title='bbox 781 236 1063 277; x_wconf 88' lang='lat' dir='ltr'>necessarium</span> <span class='ocrx_word' id='word_1_20' title='bbox 1097 236 1135 276; x_wconf 92' lang='lat' dir='ltr'>iu</span> <span class='ocrx_word' id='word_1_21' title='bbox 1170 236 1300 277; x_wconf 85' lang='lat' dir='ltr'>veteri</span> <span class='ocrx_word' id='word_1_22' title='bbox 1346 234 1449 291; x_wconf 81' lang='lat' dir='ltr'>lege,</span> <span class='ocrx_word' id='word_1_23' title='bbox 1494 234 1562 278; x_wconf 91' lang='lat' dir='ltr'>ubi</span> <span class='ocrx_word' id='word_1_24' title='bbox 1611 233 1736 278; x_wconf 85' lang='lat' dir='ltr'>fiebat</span> <span class='ocrx_word' id='word_1_25' title='bbox 1783 236 1821 277; x_wconf 93' lang='lat' dir='ltr'>in</span> 
     </span>
     <span class='ocr_line' id='line_1_5' title="bbox 202 303 964 350; baseline -0.003 -1"><span class='ocrx_word' id='word_1_26' title='bbox 202 319 282 349; x_wconf 92' lang='lat' dir='ltr'>uno</span> <span class='ocrx_word' id='word_1_27' title='bbox 317 306 405 350; x_wconf 89' lang='lat' dir='ltr'>loco</span> <span class='ocrx_word' id='word_1_28' title='bbox 439 306 629 349; x_wconf 84' lang='lat' dir='ltr'>altare».</span> <span class='ocrx_word' id='word_1_29' title='bbox 663 304 718 347; x_wconf 89' lang='lat' dir='ltr'>lta</span> <span class='ocrx_word' id='word_1_30' title='bbox 755 303 799 346; x_wconf 92' lang='lat' dir='ltr'>D.</span> <span class='ocrx_word' id='word_1_31' title='bbox 837 303 964 347; x_wconf 79' lang='lat' dir='ltr'>Tn.1.</span> 
     </span>
    </p>

    <p class='ocr_par' dir='ltr' id='par_1_5' title="bbox 198 375 1825 785">
     <span class='ocr_line' id='line_1_6' title="bbox 320 375 1821 432; baseline 0 -13"><span class='ocrx_word' id='word_1_32' title='bbox 320 377 397 420; x_wconf 90' lang='lat' dir='ltr'>lste</span> <span class='ocrx_word' id='word_1_33' title='bbox 434 375 717 432; x_wconf 75' lang='lat' dir='ltr'>paragraphus</span> <span class='ocrx_word' id='word_1_34' title='bbox 755 388 850 417; x_wconf 84' lang='lat' dir='ltr'>«ex</span> <span class='ocrx_word' id='word_1_35' title='bbox 886 377 973 432; x_wconf 90' lang='lat' dir='ltr'>ipsa</span> <span class='ocrx_word' id='word_1_36' title='bbox 1006 378 1065 419; x_wconf 92' lang='lat' dir='ltr'>rei</span> <span class='ocrx_word' id='word_1_37' title='bbox 1098 381 1245 420; x_wconf 87' lang='lat' dir='ltr'>natura</span> <span class='ocrx_word' id='word_1_38' title='bbox 1300 376 1526 421; x_wconf 75' lang='lat' dir='ltr'>Ecclesiam</span> <span class='ocrx_word' id='word_1_39' title='bbox 1581 376 1821 420; x_wconf 78' lang='lat' dir='ltr'><strong>orientalem</strong></span> 
     </span>
     <span class='ocr_line' id='line_1_7' title="bbox 199 445 1818 504; baseline -0.002 -13"><span class='ocrx_word' id='word_1_40' title='bbox 199 448 336 502; x_wconf 69' lang='lat' dir='ltr'>afficit,</span> <span class='ocrx_word' id='word_1_41' title='bbox 363 463 382 487; x_wconf 65' lang='lat'>³&gt;</span> <span class='ocrx_word' id='word_1_42' title='bbox 434 448 540 499; x_wconf 74' lang='lat' dir='ltr'>(can.</span> <span class='ocrx_word' id='word_1_43' title='bbox 592 445 647 502; x_wconf 64' lang='grc'>1),</span> <span class='ocrx_word' id='word_1_44' title='bbox 693 458 741 488; x_wconf 91' lang='lat' dir='ltr'>eo</span> <span class='ocrx_word' id='word_1_45' title='bbox 785 446 895 502; x_wconf 86' lang='lat' dir='ltr'>quod</span> <span class='ocrx_word' id='word_1_46' title='bbox 948 445 1121 490; x_wconf 75' lang='lat' dir='ltr'>verbum</span> <span class='ocrx_word' id='word_1_47' title='bbox 1176 450 1420 504; x_wconf 79' lang='lat' dir='ltr'>«proprii»</span> <span class='ocrx_word' id='word_1_48' title='bbox 1475 448 1563 491; x_wconf 89' lang='lat' dir='ltr'>loco</span> <span class='ocrx_word' id='word_1_49' title='bbox 1616 447 1818 490; x_wconf 79' lang='lat' dir='ltr'>«latini»</span> 
     </span>
     <span class='ocr_line' id='line_1_8' title="bbox 201 518 1825 574; baseline -0.001 -12"><span class='ocrx_word' id='word_1_50' title='bbox 201 518 433 562; x_wconf 88' lang='lat' dir='ltr'>adhibitum</span> <span class='ocrx_word' id='word_1_51' title='bbox 468 518 755 560; x_wconf 70' lang='lat' dir='ltr'>diversitatem</span> <span class='ocrx_word' id='word_1_52' title='bbox 791 518 943 560; x_wconf 86' lang='lat' dir='ltr'>rituum</span> <span class='ocrx_word' id='word_1_53' title='bbox 979 523 1167 574; x_wconf 89' lang='lat' dir='ltr'>respectu</span> <span class='ocrx_word' id='word_1_54' title='bbox 1191 518 1332 562; x_wconf 89' lang='lat' dir='ltr'>altaris</span> <span class='ocrx_word' id='word_1_55' title='bbox 1354 532 1401 562; x_wconf 79' lang='lat' dir='ltr'>ac</span> <span class='ocrx_word' id='word_1_56' title='bbox 1430 534 1450 560; x_wconf 71' lang='lat' dir='ltr'>c(</span> <span class='ocrx_word' id='word_1_57' title='bbox 1474 519 1701 562; x_wconf 88' lang='lat' dir='ltr'>sacerdotis</span> <span class='ocrx_word' id='word_1_58' title='bbox 1723 518 1825 562; x_wconf 89' lang='lat' dir='ltr'>cele·</span> 
     </span>
     <span class='ocr_line' id='line_1_9' title="bbox 204 586 1823 640; baseline 0 -9"><span class='ocrx_word' id='word_1_59' title='bbox 204 589 358 632; x_wconf 89' lang='lat' dir='ltr'>brantis</span> <span class='ocrx_word' id='word_1_60' title='bbox 380 604 401 627; x_wconf 63' lang='grc' dir='ltr'>η</span> <span class='ocrx_word' id='word_1_61' title='bbox 440 587 690 640; x_wconf 76' lang='lat' dir='ltr'>subindicat,</span> <span class='ocrx_word' id='word_1_62' title='bbox 726 586 849 631; x_wconf 83' lang='lat' dir='ltr'>verba</span> <span class='ocrx_word' id='word_1_63' title='bbox 890 587 1034 631; x_wconf 84' lang='lat' dir='ltr'>«alius</span> <span class='ocrx_word' id='word_1_64' title='bbox 1067 590 1170 631; x_wconf 90' lang='lat' dir='ltr'>ritus</span> <span class='ocrx_word' id='word_1_65' title='bbox 1201 588 1391 632; x_wconf 80' lang='lat' dir='ltr'>catholici</span> <span class='ocrx_word' id='word_1_66' title='bbox 1416 604 1437 629; x_wconf 81' lang='lat'>›&gt;</span> <span class='ocrx_word' id='word_1_67' title='bbox 1478 588 1699 632; x_wconf 77' lang='lat' dir='ltr'>orientales</span> <span class='ocrx_word' id='word_1_68' title='bbox 1722 591 1823 631; x_wconf 90' lang='lat' dir='ltr'>ritus</span> 
     </span>
     <span class='ocr_line' id='line_1_10' title="bbox 202 658 1816 715; baseline -0.002 -12"><span class='ocrx_word' id='word_1_69' title='bbox 202 660 455 703; x_wconf 75' lang='lat' dir='ltr'>dissidentes</span> <span class='ocrx_word' id='word_1_70' title='bbox 487 658 685 704; x_wconf 79' lang='lat' dir='ltr'>excludit,</span> <span class='ocrx_word' id='word_1_71' title='bbox 717 662 841 715; x_wconf 89' lang='lat' dir='ltr'>atque</span> <span class='ocrx_word' id='word_1_72' title='bbox 874 658 1058 702; x_wconf 85' lang='lat' dir='ltr'>exclusio</span> <span class='ocrx_word' id='word_1_73' title='bbox 1090 659 1140 702; x_wconf 90' lang='lat' dir='ltr'>de</span> <span class='ocrx_word' id='word_1_74' title='bbox 1179 658 1474 703; x_wconf 79' lang='lat' dir='ltr'>«Graecorum</span> <span class='ocrx_word' id='word_1_75' title='bbox 1518 662 1774 702; x_wconf 87' lang='lat' dir='ltr'>antimensiis</span> <span class='ocrx_word' id='word_1_76' title='bbox 1796 675 1816 699; x_wconf 86' lang='lat'>»</span> 
     </span>
     <span class='ocr_line' id='line_1_11' title="bbox 198 728 1300 785; baseline 0 -12"><span class='ocrx_word' id='word_1_77' title='bbox 198 730 375 773; x_wconf 80' lang='lat' dir='ltr'>admittit</span> <span class='ocrx_word' id='word_1_78' title='bbox 410 743 460 772; x_wconf 79' lang='lat' dir='ltr'>ex</span> <span class='ocrx_word' id='word_1_79' title='bbox 494 731 765 785; x_wconf 86' lang='lat' dir='ltr'>consequenti</span> <span class='ocrx_word' id='word_1_80' title='bbox 801 728 902 772; x_wconf 88' lang='lat' dir='ltr'>alios</span> <span class='ocrx_word' id='word_1_81' title='bbox 933 731 1036 772; x_wconf 92' lang='lat' dir='ltr'>ritus</span> <span class='ocrx_word' id='word_1_82' title='bbox 1067 729 1300 774; x_wconf 88' lang='lat' dir='ltr'>orientales.</span> 
     </span>
    </p>

    <p class='ocr_par' dir='ltr' id='par_1_6' title="bbox 193 797 1822 1339">
     <span class='ocr_line' id='line_1_12' title="bbox 314 797 1820 857; baseline -0.001 -14"><span class='ocrx_word' id='word_1_83' title='bbox 314 804 341 855; x_wconf 56' lang='grc' dir='ltr'>ς’</span> <span class='ocrx_word' id='word_1_84' title='bbox 374 800 413 843; x_wconf 86' lang='grc'>3.</span> <span class='ocrx_word' id='word_1_85' title='bbox 447 799 493 843; x_wconf 73' lang='lat' dir='ltr'>In</span> <span class='ocrx_word' id='word_1_86' title='bbox 532 798 742 843; x_wconf 68' lang='lat' dir='ltr'>altaribus</span> <span class='ocrx_word' id='word_1_87' title='bbox 773 797 1000 857; x_wconf 78' lang='lat' dir='ltr'>papalibus</span> <span class='ocrx_word' id='word_1_88' title='bbox 1031 802 1090 843; x_wconf 87' lang='lat' dir='ltr'>sic</span> <span class='ocrx_word' id='word_1_89' title='bbox 1125 801 1259 855; x_wconf 76' lang='lat' dir='ltr'>dictis,</span> <span class='ocrx_word' id='word_1_90' title='bbox 1293 803 1389 857; x_wconf 84' lang='lat' dir='ltr'>qnia</span> <span class='ocrx_word' id='word_1_91' title='bbox 1422 801 1592 845; x_wconf 84' lang='lat' dir='ltr'>Summo</span> <span class='ocrx_word' id='word_1_92' title='bbox 1636 801 1820 844; x_wconf 82' lang='lat' dir='ltr'>Pontifici</span> 
     </span>
     <span class='ocr_line' id='line_1_13' title="bbox 194 869 1819 928; baseline -0.001 -13"><span class='ocrx_word' id='word_1_93' title='bbox 194 877 288 915; x_wconf 90' lang='lat' dir='ltr'>sunt</span> <span class='ocrx_word' id='word_1_94' title='bbox 324 873 525 914; x_wconf 84' lang='lat' dir='ltr'>reservati</span> <span class='ocrx_word' id='word_1_95' title='bbox 557 871 607 914; x_wconf 90' lang='lat' dir='ltr'>ad</span> <span class='ocrx_word' id='word_1_96' title='bbox 642 869 940 914; x_wconf 85' lang='lat' dir='ltr'>celebrandum</span> <span class='ocrx_word' id='word_1_97' title='bbox 976 873 1014 913; x_wconf 92' lang='lat' dir='ltr'>in</span> <span class='ocrx_word' id='word_1_98' title='bbox 1049 873 1108 914; x_wconf 88' lang='lat' dir='ltr'>eis</span> <span class='ocrx_word' id='word_1_99' title='bbox 1140 870 1321 926; x_wconf 84' lang='lat' dir='ltr'>Missam,</span> <span class='ocrx_word' id='word_1_100' title='bbox 1354 871 1525 928; x_wconf 77' lang='lat' dir='ltr'>proinde</span> <span class='ocrx_word' id='word_1_101' title='bbox 1558 886 1676 915; x_wconf 73' lang='lat' dir='ltr'>nemo</span> <span class='ocrx_word' id='word_1_102' title='bbox 1719 871 1819 915; x_wconf 77' lang='lat' dir='ltr'>eele-</span> 
     </span>
     <span class='ocr_line' id='line_1_14' title="bbox 195 941 1822 999; baseline 0.001 -14"><span class='ocrx_word' id='word_1_103' title='bbox 195 942 296 998; x_wconf 74' lang='lat' dir='ltr'>bret,</span> <span class='ocrx_word' id='word_1_104' title='bbox 332 945 455 986; x_wconf 88' lang='lat' dir='ltr'>etiam</span> <span class='ocrx_word' id='word_1_105' title='bbox 490 941 719 998; x_wconf 84' lang='lat' dir='ltr'>Episcopus</span> <span class='ocrx_word' id='word_1_106' title='bbox 756 941 818 985; x_wconf 79' lang='lat' dir='ltr'>vel</span> <span class='ocrx_word' id='word_1_107' title='bbox 852 942 890 985; x_wconf 88' lang='lat' dir='ltr'>S.</span> <span class='ocrx_word' id='word_1_108' title='bbox 926 941 971 985; x_wconf 89' lang='lat' dir='ltr'>R.</span> <span class='ocrx_word' id='word_1_109' title='bbox 1005 941 1049 985; x_wconf 90' lang='lat' dir='ltr'>E.</span> <span class='ocrx_word' id='word_1_110' title='bbox 1097 941 1342 997; x_wconf 78' lang='lat' dir='ltr'>Cardinalis,</span> <span class='ocrx_word' id='word_1_111' title='bbox 1386 945 1545 986; x_wconf 89' lang='lat' dir='ltr'>etiamsi</span> <span class='ocrx_word' id='word_1_112' title='bbox 1593 942 1822 999; x_wconf 88' lang='lat' dir='ltr'>Episcopus</span> 
     </span>
     <span class='ocr_line' id='line_1_15' title="bbox 194 1012 1820 1070; baseline -0.001 -13"><span class='ocrx_word' id='word_1_113' title='bbox 194 1013 508 1057; x_wconf 88' lang='lat' dir='ltr'>suburbicarius</span> <span class='ocrx_word' id='word_1_114' title='bbox 561 1014 711 1068; x_wconf 77' lang='lat' dir='ltr'>fuerit,</span> <span class='ocrx_word' id='word_1_115' title='bbox 767 1012 859 1055; x_wconf 68' lang='lat' dir='ltr'>sine</span> <span class='ocrx_word' id='word_1_116' title='bbox 912 1012 1144 1070; x_wconf 71' lang='lat' dir='ltr'>apostolico</span> <span class='ocrx_word' id='word_1_117' title='bbox 1195 1012 1360 1056; x_wconf 71' lang='lat' dir='ltr'>indulto</span> <span class='ocrx_word' id='word_1_118' title='bbox 1412 1027 1483 1056; x_wconf 92' lang='lat' dir='ltr'>seu</span> <span class='ocrx_word' id='word_1_119' title='bbox 1538 1016 1820 1070; x_wconf 85' lang='lat' dir='ltr'>permissione.</span> 
     </span>
     <span class='ocr_line' id='line_1_16' title="bbox 194 1082 1821 1140; baseline -0.001 -14"><span class='ocrx_word' id='word_1_120' title='bbox 194 1083 440 1127; x_wconf 90' lang='lat' dir='ltr'>Huiusmodi</span> <span class='ocrx_word' id='word_1_121' title='bbox 476 1088 571 1127; x_wconf 91' lang='lat' dir='ltr'>sunt</span> <span class='ocrx_word' id='word_1_122' title='bbox 604 1083 733 1127; x_wconf 91' lang='lat' dir='ltr'>altare</span> <span class='ocrx_word' id='word_1_123' title='bbox 769 1083 998 1139; x_wconf 88' lang='lat' dir='ltr'>principale</span> <span class='ocrx_word' id='word_1_124' title='bbox 1032 1085 1071 1126; x_wconf 89' lang='lat' dir='ltr'>in</span> <span class='ocrx_word' id='word_1_125' title='bbox 1104 1088 1282 1140; x_wconf 88' lang='lat' dir='ltr'>quatuor</span> <span class='ocrx_word' id='word_1_126' title='bbox 1316 1083 1499 1127; x_wconf 88' lang='lat' dir='ltr'>Basilicis</span> <span class='ocrx_word' id='word_1_127' title='bbox 1531 1082 1652 1127; x_wconf 86' lang='lat' dir='ltr'>Urbis</span> <span class='ocrx_word' id='word_1_128' title='bbox 1694 1086 1821 1127; x_wconf 90' lang='lat' dir='ltr'>maio-</span> 
     </span>
     <span class='ocr_line' id='line_1_17' title="bbox 195 1153 1819 1210; baseline 0.001 -14"><span class='ocrx_word' id='word_1_129' title='bbox 195 1154 320 1208; x_wconf 70' lang='lat' dir='ltr'>ribus,</span> <span class='ocrx_word' id='word_1_130' title='bbox 356 1158 395 1197; x_wconf 87' lang='lat' dir='ltr'>et.</span> <span class='ocrx_word' id='word_1_131' title='bbox 430 1157 467 1197; x_wconf 89' lang='lat' dir='ltr'>in</span> <span class='ocrx_word' id='word_1_132' title='bbox 503 1155 594 1198; x_wconf 89' lang='lat' dir='ltr'>aliis</span> <span class='ocrx_word' id='word_1_133' title='bbox 627 1154 812 1198; x_wconf 89' lang='lat' dir='ltr'>Basilicis</span> <span class='ocrx_word' id='word_1_134' title='bbox 846 1153 1080 1197; x_wconf 92' lang='lat' dir='ltr'>minoribus</span> <span class='ocrx_word' id='word_1_135' title='bbox 1112 1156 1237 1197; x_wconf 91' lang='lat' dir='ltr'>etiam</span> <span class='ocrx_word' id='word_1_136' title='bbox 1272 1159 1388 1197; x_wconf 84' lang='lat' dir='ltr'>extra</span> <span class='ocrx_word' id='word_1_137' title='bbox 1422 1153 1573 1198; x_wconf 89' lang='lat' dir='ltr'>Urbem</span> <span class='ocrx_word' id='word_1_138' title='bbox 1610 1168 1646 1196; x_wconf 89' lang='lat' dir='ltr'>v.</span> <span class='ocrx_word' id='word_1_139' title='bbox 1682 1168 1742 1210; x_wconf 76' lang='lat' dir='ltr'>gr.</span> <span class='ocrx_word' id='word_1_140' title='bbox 1782 1156 1819 1197; x_wconf 91' lang='lat' dir='ltr'>in</span> 
     </span>
     <span class='ocr_line' id='line_1_18' title="bbox 193 1224 1819 1281; baseline 0 -13"><span class='ocrx_word' id='word_1_141' title='bbox 193 1224 449 1269; x_wconf 74' lang='lat' dir='ltr'>Ecclesia‘S.</span> <span class='ocrx_word' id='word_1_142' title='bbox 484 1224 636 1268; x_wconf 88' lang='lat' dir='ltr'>Mariae</span> <span class='ocrx_word' id='word_1_143' title='bbox 670 1225 720 1268; x_wconf 92' lang='lat' dir='ltr'>de</span> <span class='ocrx_word' id='word_1_144' title='bbox 754 1225 1017 1268; x_wconf 89' lang='lat' dir='ltr'>Portiuncula</span> <span class='ocrx_word' id='word_1_145' title='bbox 1054 1230 1220 1281; x_wconf 89' lang='lat' dir='ltr'>propter</span> <span class='ocrx_word' id='word_1_146' title='bbox 1252 1224 1476 1279; x_wconf 84' lang='lat' dir='ltr'>specialem</span> <span class='ocrx_word' id='word_1_147' title='bbox 1510 1225 1627 1268; x_wconf 85' lang='lat' dir='ltr'>Sedis</span> <span class='ocrx_word' id='word_1_148' title='bbox 1648 1225 1819 1281; x_wconf 90' lang='lat' dir='ltr'>Aposto-</span> 
     </span>
     <span class='ocr_line' id='line_1_19' title="bbox 194 1295 1528 1339; baseline -0.001 -1"><span class='ocrx_word' id='word_1_149' title='bbox 194 1295 295 1339; x_wconf 90' lang='lat' dir='ltr'>licae</span> <span class='ocrx_word' id='word_1_150' title='bbox 333 1298 657 1339; x_wconf 86' lang='lat' dir='ltr'>concessionem.</span> <span class='ocrx_word' id='word_1_151' title='bbox 1526 1311 1528 1314; x_wconf 92' lang='lat'><em>·</em></span> 
     </span>
    </p>
   </div>
   <div class='ocr_carea' id='block_1_5' title="bbox 342 1448 1662 1506">
    <p class='ocr_par' dir='ltr' id='par_1_7' title="bbox 342 1448 1662 1506">
     <span class='ocr_line' id='line_1_20' title="bbox 342 1448 1662 1506; baseline 0 -14"><span class='ocrx_word' id='word_1_152' title='bbox 342 1449 441 1492; x_wconf 69' lang='grc' dir='ltr'>ΑΜ.</span> <span class='ocrx_word' id='word_1_153' title='bbox 476 1448 543 1494; x_wconf 84' lang='lat' dir='ltr'>lv.</span> <span class='ocrx_word' id='word_1_154' title='bbox 577 1475 630 1480; x_wconf 90' lang='lat'>—</span> <span class='ocrx_word' id='word_1_155' title='bbox 666 1448 725 1492; x_wconf 86' lang='lat' dir='ltr'>De</span> <span class='ocrx_word' id='word_1_156' title='bbox 756 1449 980 1492; x_wconf 66' lang='lat' dir='ltr'>missarum</span> <span class='ocrx_word' id='word_1_157' title='bbox 1015 1449 1288 1506; x_wconf 65' lang='lat' dir='ltr'>eleemosynis</span> <span class='ocrx_word' id='word_1_158' title='bbox 1321 1463 1392 1491; x_wconf 68' lang='lat' dir='ltr'>sev</span> <span class='ocrx_word' id='word_1_159' title='bbox 1425 1448 1662 1506; x_wconf 61' lang='lat' dir='ltr'>stipendiis,</span> 
     </span>
    </p>
   </div>
   <div class='ocr_carea' id='block_1_6' title="bbox 1090 1576 1818 1625">
    <p class='ocr_par' dir='ltr' id='par_1_8' title="bbox 1090 1576 1818 1625">
     <span class='ocr_line' id='line_1_21' title="bbox 1090 1576 1818 1625; baseline 0 -12"><span class='ocrx_word' id='word_1_160' title='bbox 1090 1577 1174 1614; x_wconf 60' lang='lat' dir='ltr'>Cn.</span> <span class='ocrx_word' id='word_1_161' title='bbox 1204 1576 1284 1612; x_wconf 67' lang='lat'><strong>826.</strong></span> <span class='ocrx_word' id='word_1_162' title='bbox 1309 1598 1324 1604; x_wconf 99' lang='lat'>-</span> <span class='ocrx_word' id='word_1_163' title='bbox 1346 1582 1364 1620; x_wconf 63' lang='grc' dir='ltr'>ξ</span> <span class='ocrx_word' id='word_1_164' title='bbox 1389 1578 1414 1613; x_wconf 89' lang='lat' dir='ltr'>l.</span> <span class='ocrx_word' id='word_1_165' title='bbox 1435 1577 1616 1624; x_wconf 83' lang='lat' dir='ltr'>Stipendia</span> <span class='ocrx_word' id='word_1_166' title='bbox 1634 1590 1722 1625; x_wconf 90' lang='lat' dir='ltr'>quae</span> <span class='ocrx_word' id='word_1_167' title='bbox 1740 1590 1760 1614; x_wconf 93' lang='lat' dir='ltr'>a</span> <span class='ocrx_word' id='word_1_168' title='bbox 1781 1579 1818 1613; x_wconf 85' lang='lat' dir='ltr'>fi-</span> 
     </span>
    </p>
   </div>
   <div class='ocr_carea' id='block_1_7' title="bbox 238 1577 1818 1671">
    <p class='ocr_par' dir='ltr' id='par_1_9' title="bbox 238 1577 1818 1671">
     <span class='ocr_line' id='line_1_22' title="bbox 255 1578 969 1605; baseline 0.011 -9"><span class='ocrx_word' id='word_1_169' title='bbox 255 1578 263 1588; x_wconf 69' lang='lat'>*</span> <span class='ocrx_word' id='word_1_170' title='bbox 304 1590 310 1598; x_wconf 42' lang='grc' dir='ltr'><strong>Υ</strong></span> <span class='ocrx_word' id='word_1_171' title='bbox 373 1578 393 1603; x_wconf 64' lang='grc'>4)</span> <span class='ocrx_word' id='word_1_172' title='bbox 463 1600 478 1604; x_wconf 68' lang='grc'><em>,</em></span> <span class='ocrx_word' id='word_1_173' title='bbox 508 1582 526 1605; x_wconf 54' lang='grc' dir='ltr'>ς</span> <span class='ocrx_word' id='word_1_174' title='bbox 958 1600 969 1604; x_wconf 93' lang='grc'><strong>-</strong></span> 
     </span>
     <span class='ocr_line' id='line_1_23' title="bbox 238 1577 1818 1671; baseline 0.001 -10"><span class='ocrx_word' id='word_1_175' title='bbox 238 1578 320 1614; x_wconf 37' lang='grc' dir='ltr'>(ΛΑΝ</span> <span class='ocrx_word' id='word_1_176' title='bbox 350 1577 431 1613; x_wconf 41' lang='grc' dir='ltr'>8ῌ4·</span> <span class='ocrx_word' id='word_1_177' title='bbox 507 1598 525 1623; x_wconf 40' lang='grc' dir='ltr'>δ</span> <span class='ocrx_word' id='word_1_178' title='bbox 556 1578 585 1615; x_wconf 50' lang='lat' dir='ltr'>l·</span> <span class='ocrx_word' id='word_1_179' title='bbox 619 1577 818 1614; x_wconf 65' lang='lat' dir='ltr'>secundum</span> <span class='ocrx_word' id='word_1_180' title='bbox 854 1589 954 1624; x_wconf 62' lang='lat' dir='ltr'>recep</span> <span class='ocrx_word' id='word_1_181' title='bbox 1041 1625 1177 1661; x_wconf 86' lang='lat' dir='ltr'>delibus</span> <span class='ocrx_word' id='word_1_182' title='bbox 1205 1636 1264 1671; x_wconf 92' lang='lat' dir='ltr'>pro</span> <span class='ocrx_word' id='word_1_183' title='bbox 1291 1624 1404 1660; x_wconf 85' lang='lat' dir='ltr'>Missis</span> <span class='ocrx_word' id='word_1_184' title='bbox 1441 1625 1635 1661; x_wconf 80' lang='lat' dir='ltr'>offeruntur</span> <span class='ocrx_word' id='word_1_185' title='bbox 1671 1627 1741 1662; x_wconf 91' lang='lat' dir='ltr'>sive</span> <span class='ocrx_word' id='word_1_186' title='bbox 1778 1637 1818 1662; x_wconf 88' lang='lat' dir='ltr'>ex</span> 
     </span>
    </p>
   </div>
   <div class='ocr_carea' id='block_1_8' title="bbox 192 1625 968 1674">
    <p class='ocr_par' dir='ltr' id='par_1_10' title="bbox 192 1625 968 1674">
     <span class='ocr_line' id='line_1_24' title="bbox 192 1625 968 1674; baseline 0 -14"><span class='ocrx_word' id='word_1_187' title='bbox 192 1630 269 1674; x_wconf 32' lang='lat' dir='ltr'>tum·</span> <span class='ocrx_word' id='word_1_188' title='bbox 307 1631 338 1661; x_wconf 84' lang='lat' dir='ltr'>et</span> <span class='ocrx_word' id='word_1_189' title='bbox 385 1626 565 1671; x_wconf 87' lang='lat' dir='ltr'>probatum</span> <span class='ocrx_word' id='word_1_190' title='bbox 617 1625 786 1662; x_wconf 84' lang='lat' dir='ltr'>Ecclesiae</span> <span class='ocrx_word' id='word_1_191' title='bbox 837 1636 968 1661; x_wconf 88' lang='lat' dir='ltr'>morem</span> 
     </span>
    </p>
   </div>
   <div class='ocr_carea' id='block_1_9' title="bbox 185 1672 969 2826">
    <p class='ocr_par' dir='ltr' id='par_1_11' title="bbox 189 1672 969 2145">
     <span class='ocr_line' id='line_1_25' title="bbox 190 1672 968 1719; baseline 0 -12"><span class='ocrx_word' id='word_1_192' title='bbox 190 1677 294 1719; x_wconf 86' lang='lat' dir='ltr'>atque</span> <span class='ocrx_word' id='word_1_193' title='bbox 345 1672 556 1714; x_wconf 83' lang='lat' dir='ltr'>institutum,</span> <span class='ocrx_word' id='word_1_194' title='bbox 606 1674 773 1708; x_wconf 84' lang='lat' dir='ltr'>sacerdoti</span> <span class='ocrx_word' id='word_1_195' title='bbox 826 1673 968 1708; x_wconf 87' lang='lat' dir='ltr'>cuilibet</span> 
     </span>
     <span class='ocr_line' id='line_1_26' title="bbox 193 1719 969 1767; baseline 0.003 -13"><span class='ocrx_word' id='word_1_196' title='bbox 193 1719 331 1755; x_wconf 81' lang='lat' dir='ltr'>Missam</span> <span class='ocrx_word' id='word_1_197' title='bbox 369 1720 557 1756; x_wconf 86' lang='lat' dir='ltr'>celebranti</span> <span class='ocrx_word' id='word_1_198' title='bbox 596 1725 628 1755; x_wconf 88' lang='lat' dir='ltr'>et</span> <span class='ocrx_word' id='word_1_199' title='bbox 662 1721 852 1767; x_wconf 86' lang='lat' dir='ltr'>applicanti</span> <span class='ocrx_word' id='word_1_200' title='bbox 891 1720 969 1756; x_wconf 85' lang='lat' dir='ltr'>licet</span> 
     </span>
     <span class='ocr_line' id='line_1_27' title="bbox 189 1767 966 1814; baseline -0.001 -11"><span class='ocrx_word' id='word_1_201' title='bbox 189 1768 447 1814; x_wconf 70' lang='lat' dir='ltr'>eleemosynam</span> <span class='ocrx_word' id='word_1_202' title='bbox 475 1779 534 1804; x_wconf 87' lang='lat' dir='ltr'>seu</span> <span class='ocrx_word' id='word_1_203' title='bbox 560 1768 775 1814; x_wconf 86' lang='lat' dir='ltr'>stipendium</span> <span class='ocrx_word' id='word_1_204' title='bbox 802 1767 966 1814; x_wconf 88' lang='lat' dir='ltr'>recipere.</span> 
     </span>
     <span class='ocr_line' id='line_1_28' title="bbox 238 1813 969 1861; baseline 0.001 -12"><span class='ocrx_word' id='word_1_205' title='bbox 238 1819 257 1857; x_wconf 62' lang='grc' dir='ltr'>ἓ</span> <span class='ocrx_word' id='word_1_206' title='bbox 283 1817 315 1849; x_wconf 71' lang='lat'>2.</span> <span class='ocrx_word' id='word_1_207' title='bbox 343 1813 485 1858; x_wconf 85' lang='lat' dir='ltr'>Quoties</span> <span class='ocrx_word' id='word_1_208' title='bbox 515 1820 631 1850; x_wconf 87' lang='lat' dir='ltr'>autem</span> <span class='ocrx_word' id='word_1_209' title='bbox 672 1815 801 1861; x_wconf 88' lang='lat' dir='ltr'>pluries</span> <span class='ocrx_word' id='word_1_210' title='bbox 838 1815 875 1849; x_wconf 91' lang='lat' dir='ltr'>in</span> <span class='ocrx_word' id='word_1_211' title='bbox 913 1815 969 1851; x_wconf 89' lang='lat' dir='ltr'>die</span> 
     </span>
     <span class='ocr_line' id='line_1_29' title="bbox 190 1862 968 1903; baseline 0.001 -6"><span class='ocrx_word' id='word_1_212' title='bbox 190 1862 352 1903; x_wconf 80' lang='lat' dir='ltr'>celebrat,</span> <span class='ocrx_word' id='word_1_213' title='bbox 380 1863 407 1896; x_wconf 90' lang='lat' dir='ltr'>si</span> <span class='ocrx_word' id='word_1_214' title='bbox 436 1874 543 1897; x_wconf 85' lang='lat' dir='ltr'>unam</span> <span class='ocrx_word' id='word_1_215' title='bbox 571 1862 712 1898; x_wconf 84' lang='lat' dir='ltr'>Missam</span> <span class='ocrx_word' id='word_1_216' title='bbox 740 1873 781 1898; x_wconf 90' lang='lat' dir='ltr'>ex</span> <span class='ocrx_word' id='word_1_217' title='bbox 798 1862 899 1901; x_wconf 86' lang='lat' dir='ltr'>titulo</span> <span class='ocrx_word' id='word_1_218' title='bbox 918 1862 968 1898; x_wconf 93' lang='lat' dir='ltr'>iu-</span> 
     </span>
     <span class='ocr_line' id='line_1_30' title="bbox 190 1909 966 1956; baseline 0.001 -13"><span class='ocrx_word' id='word_1_219' title='bbox 190 1909 303 1944; x_wconf 89' lang='lat' dir='ltr'>stitiae</span> <span class='ocrx_word' id='word_1_220' title='bbox 329 1910 489 1955; x_wconf 74' lang='lat' dir='ltr'>applicet,</span> <span class='ocrx_word' id='word_1_221' title='bbox 516 1910 687 1951; x_wconf 76' lang='lat' dir='ltr'>sacerdos,</span> <span class='ocrx_word' id='word_1_222' title='bbox 725 1914 966 1956; x_wconf 88' lang='lat' dir='ltr'>praeterquam</span> 
     </span>
     <span class='ocr_line' id='line_1_31' title="bbox 190 1956 967 2003; baseline 0.001 -12"><span class='ocrx_word' id='word_1_223' title='bbox 190 1956 226 1990; x_wconf 91' lang='lat' dir='ltr'>in</span> <span class='ocrx_word' id='word_1_224' title='bbox 253 1956 308 1992; x_wconf 91' lang='lat' dir='ltr'>die</span> <span class='ocrx_word' id='word_1_225' title='bbox 335 1956 531 1992; x_wconf 86' lang='lat' dir='ltr'>Nativitatis</span> <span class='ocrx_word' id='word_1_226' title='bbox 547 1956 698 1998; x_wconf 87' lang='lat' dir='ltr'>Domini,</span> <span class='ocrx_word' id='word_1_227' title='bbox 723 1967 782 2003; x_wconf 89' lang='lat' dir='ltr'>pro</span> <span class='ocrx_word' id='word_1_228' title='bbox 798 1957 866 1992; x_wconf 86' lang='lat' dir='ltr'>alia</span> <span class='ocrx_word' id='word_1_229' title='bbox 880 1956 967 1993; x_wconf 86' lang='lat' dir='ltr'>elee-</span> 
     </span>
     <span class='ocr_line' id='line_1_32' title="bbox 190 2003 967 2050; baseline 0 -12"><span class='ocrx_word' id='word_1_230' title='bbox 190 2015 374 2050; x_wconf 87' lang='lat' dir='ltr'>mosynam</span> <span class='ocrx_word' id='word_1_231' title='bbox 401 2004 553 2050; x_wconf 90' lang='lat' dir='ltr'>recipere</span> <span class='ocrx_word' id='word_1_232' title='bbox 578 2004 713 2050; x_wconf 90' lang='lat' dir='ltr'>nequit,</span> <span class='ocrx_word' id='word_1_233' title='bbox 738 2009 880 2050; x_wconf 80' lang='lat' dir='ltr'>excepta</span> <span class='ocrx_word' id='word_1_234' title='bbox 904 2003 967 2039; x_wconf 89' lang='lat' dir='ltr'>ali·</span> 
     </span>
     <span class='ocr_line' id='line_1_33' title="bbox 190 2051 932 2096; baseline 0.001 -10"><span class='ocrx_word' id='word_1_235' title='bbox 190 2062 258 2096; x_wconf 89' lang='lat' dir='ltr'>qua</span> <span class='ocrx_word' id='word_1_236' title='bbox 284 2051 511 2087; x_wconf 85' lang='lat' dir='ltr'>retributione</span> <span class='ocrx_word' id='word_1_237' title='bbox 536 2062 576 2087; x_wconf 75' lang='lat' dir='ltr'>ex</span> <span class='ocrx_word' id='word_1_238' title='bbox 602 2052 703 2087; x_wconf 90' lang='lat' dir='ltr'>titulo</span> <span class='ocrx_word' id='word_1_239' title='bbox 728 2051 932 2087; x_wconf 82' lang='lat' dir='ltr'>extrinseco.</span> 
     </span>
     <span class='ocr_line' id='line_1_34' title="bbox 237 2097 824 2145; baseline 0 -13"><span class='ocrx_word' id='word_1_240' title='bbox 237 2097 320 2133; x_wconf 66' lang='lat' dir='ltr'>cm.</span> <span class='ocrx_word' id='word_1_241' title='bbox 350 2097 431 2133; x_wconf 76' lang='lat'>825.</span> <span class='ocrx_word' id='word_1_242' title='bbox 463 2120 478 2123; x_wconf 98' lang='lat'><em>-</em></span> <span class='ocrx_word' id='word_1_243' title='bbox 508 2097 695 2145; x_wconf 85' lang='lat' dir='ltr'>Nunquam</span> <span class='ocrx_word' id='word_1_244' title='bbox 723 2099 824 2134; x_wconf 88' lang='lat' dir='ltr'>licet:</span> 
     </span>
    </p>

    <p class='ocr_par' dir='ltr' id='par_1_12' title="bbox 188 2145 967 2381">
     <span class='ocr_line' id='line_1_35' title="bbox 288 2145 967 2192; baseline 0.001 -13"><span class='ocrx_word' id='word_1_245' title='bbox 288 2145 336 2179; x_wconf 84' lang='lat' dir='ltr'>l.0</span> <span class='ocrx_word' id='word_1_246' title='bbox 362 2145 503 2181; x_wconf 86' lang='lat' dir='ltr'>Missam</span> <span class='ocrx_word' id='word_1_247' title='bbox 528 2146 705 2192; x_wconf 87' lang='lat' dir='ltr'>applicare</span> <span class='ocrx_word' id='word_1_248' title='bbox 729 2146 773 2181; x_wconf 91' lang='lat' dir='ltr'>ad</span> <span class='ocrx_word' id='word_1_249' title='bbox 808 2145 967 2182; x_wconf 87' lang='lat' dir='ltr'>intentio-</span> 
     </span>
     <span class='ocr_line' id='line_1_36' title="bbox 189 2192 966 2239; baseline 0.001 -12"><span class='ocrx_word' id='word_1_250' title='bbox 189 2203 270 2227; x_wconf 90' lang='lat' dir='ltr'>nem</span> <span class='ocrx_word' id='word_1_251' title='bbox 306 2192 398 2228; x_wconf 91' lang='lat' dir='ltr'>illius</span> <span class='ocrx_word' id='word_1_252' title='bbox 436 2193 494 2239; x_wconf 92' lang='lat' dir='ltr'>qui</span> <span class='ocrx_word' id='word_1_253' title='bbox 531 2193 814 2239; x_wconf 78' lang='lat' dir='ltr'>applicationem,</span> <span class='ocrx_word' id='word_1_254' title='bbox 851 2193 966 2228; x_wconf 86' lang='lat' dir='ltr'>oblata</span> 
     </span>
     <span class='ocr_line' id='line_1_37' title="bbox 188 2239 964 2287; baseline -0.001 -12"><span class='ocrx_word' id='word_1_255' title='bbox 188 2239 423 2287; x_wconf 80' lang='lat' dir='ltr'>eleemosyna,</span> <span class='ocrx_word' id='word_1_256' title='bbox 453 2240 621 2286; x_wconf 90' lang='lat' dir='ltr'>petiturus</span> <span class='ocrx_word' id='word_1_257' title='bbox 649 2246 713 2282; x_wconf 92' lang='lat' dir='ltr'>est,</span> <span class='ocrx_word' id='word_1_258' title='bbox 731 2241 789 2276; x_wconf 90' lang='lat' dir='ltr'>sed</span> <span class='ocrx_word' id='word_1_259' title='bbox 808 2241 964 2276; x_wconf 92' lang='lat' dir='ltr'>nondum</span> 
     </span>
     <span class='ocr_line' id='line_1_38' title="bbox 190 2287 965 2334; baseline 0 -12"><span class='ocrx_word' id='word_1_260' title='bbox 190 2287 299 2332; x_wconf 78' lang='lat' dir='ltr'>petiit,</span> <span class='ocrx_word' id='word_1_261' title='bbox 328 2291 360 2322; x_wconf 90' lang='lat' dir='ltr'>et</span> <span class='ocrx_word' id='word_1_262' title='bbox 397 2287 655 2334; x_wconf 82' lang='lat' dir='ltr'>eleemosynam</span> <span class='ocrx_word' id='word_1_263' title='bbox 694 2292 811 2334; x_wconf 88' lang='lat' dir='ltr'>postea</span> <span class='ocrx_word' id='word_1_264' title='bbox 847 2287 965 2323; x_wconf 88' lang='lat' dir='ltr'>datam</span> 
     </span>
     <span class='ocr_line' id='line_1_39' title="bbox 188 2334 903 2381; baseline 0.003 -13"><span class='ocrx_word' id='word_1_265' title='bbox 188 2334 337 2370; x_wconf 89' lang='lat' dir='ltr'>retinere</span> <span class='ocrx_word' id='word_1_266' title='bbox 365 2345 424 2380; x_wconf 90' lang='lat' dir='ltr'>pro</span> <span class='ocrx_word' id='word_1_267' title='bbox 450 2334 553 2370; x_wconf 87' lang='lat' dir='ltr'>Missa</span> <span class='ocrx_word' id='word_1_268' title='bbox 579 2340 683 2370; x_wconf 87' lang='lat' dir='ltr'>antea</span> <span class='ocrx_word' id='word_1_269' title='bbox 708 2335 903 2381; x_wconf 83' lang='lat' dir='ltr'>applicata;</span> 
     </span>
    </p>

    <p class='ocr_par' dir='ltr' id='par_1_13' title="bbox 188 2380 963 2475">
     <span class='ocr_line' id='line_1_40' title="bbox 281 2380 963 2429; baseline 0 -13"><span class='ocrx_word' id='word_1_270' title='bbox 281 2380 331 2416; x_wconf 58' lang='lat'>⁹29</span> <span class='ocrx_word' id='word_1_271' title='bbox 346 2381 608 2429; x_wconf 88' lang='lat' dir='ltr'>Eleemosynam</span> <span class='ocrx_word' id='word_1_272' title='bbox 623 2382 776 2428; x_wconf 88' lang='lat' dir='ltr'>recipere</span> <span class='ocrx_word' id='word_1_273' title='bbox 788 2393 846 2428; x_wconf 93' lang='lat' dir='ltr'>pro</span> <span class='ocrx_word' id='word_1_274' title='bbox 861 2381 963 2417; x_wconf 87' lang='lat' dir='ltr'>Missa</span> 
     </span>
     <span class='ocr_line' id='line_1_41' title="bbox 188 2428 962 2475; baseline 0.001 -12"><span class='ocrx_word' id='word_1_275' title='bbox 188 2439 276 2474; x_wconf 89' lang='lat' dir='ltr'>quae</span> <span class='ocrx_word' id='word_1_276' title='bbox 300 2428 369 2464; x_wconf 86' lang='lat' dir='ltr'>alio</span> <span class='ocrx_word' id='word_1_277' title='bbox 395 2429 497 2464; x_wconf 85' lang='lat' dir='ltr'>titulo</span> <span class='ocrx_word' id='word_1_278' title='bbox 523 2429 668 2465; x_wconf 89' lang='lat' dir='ltr'>debetur</span> <span class='ocrx_word' id='word_1_279' title='bbox 693 2435 723 2465; x_wconf 87' lang='lat' dir='ltr'>et</span> <span class='ocrx_word' id='word_1_280' title='bbox 754 2429 962 2475; x_wconf 84' lang='lat' dir='ltr'>applicatur;</span> 
     </span>
    </p>

    <p class='ocr_par' dir='ltr' id='par_1_14' title="bbox 186 2475 965 2570">
     <span class='ocr_line' id='line_1_42' title="bbox 281 2475 965 2523; baseline 0.003 -14"><span class='ocrx_word' id='word_1_281' title='bbox 281 2475 334 2510; x_wconf 84' lang='lat'>3.0</span> <span class='ocrx_word' id='word_1_282' title='bbox 377 2476 555 2521; x_wconf 83' lang='lat' dir='ltr'>Duplicem</span> <span class='ocrx_word' id='word_1_283' title='bbox 597 2477 856 2523; x_wconf 81' lang='lat' dir='ltr'>eleemosynam</span> <span class='ocrx_word' id='word_1_284' title='bbox 905 2486 965 2522; x_wconf 91' lang='lat' dir='ltr'>pro</span> 
     </span>
     <span class='ocr_line' id='line_1_43' title="bbox 186 2522 961 2570; baseline 0.004 -14"><span class='ocrx_word' id='word_1_285' title='bbox 186 2522 341 2558; x_wconf 89' lang='lat' dir='ltr'>eiusdem</span> <span class='ocrx_word' id='word_1_286' title='bbox 370 2522 494 2559; x_wconf 88' lang='lat' dir='ltr'>Missae</span> <span class='ocrx_word' id='word_1_287' title='bbox 518 2523 751 2570; x_wconf 85' lang='lat' dir='ltr'>applicatione</span> <span class='ocrx_word' id='word_1_288' title='bbox 785 2523 961 2570; x_wconf 84' lang='lat' dir='ltr'>accipere;</span> 
     </span>
    </p>

    <p class='ocr_par' dir='ltr' id='par_1_15' title="bbox 185 2567 964 2805">
     <span class='ocr_line' id='line_1_44' title="bbox 281 2567 963 2617; baseline 0.003 -13"><span class='ocrx_word' id='word_1_289' title='bbox 281 2567 334 2604; x_wconf 54' lang='lat'>4³&gt;</span> <span class='ocrx_word' id='word_1_290' title='bbox 359 2570 511 2606; x_wconf 88' lang='lat' dir='ltr'>Alteram</span> <span class='ocrx_word' id='word_1_291' title='bbox 539 2571 689 2617; x_wconf 89' lang='lat' dir='ltr'>recipere</span> <span class='ocrx_word' id='word_1_292' title='bbox 703 2571 963 2617; x_wconf 88' lang='lat' dir='ltr'>eleemosynam</span> 
     </span>
     <span class='ocr_line' id='line_1_45' title="bbox 187 2617 964 2664; baseline 0.004 -13"><span class='ocrx_word' id='word_1_293' title='bbox 187 2627 248 2662; x_wconf 90' lang='lat' dir='ltr'>pro</span> <span class='ocrx_word' id='word_1_294' title='bbox 273 2617 347 2652; x_wconf 91' lang='lat' dir='ltr'>sola</span> <span class='ocrx_word' id='word_1_295' title='bbox 371 2617 617 2658; x_wconf 81' lang='lat' dir='ltr'>celebratione,</span> <span class='ocrx_word' id='word_1_296' title='bbox 646 2618 791 2654; x_wconf 86' lang='lat' dir='ltr'>alteram</span> <span class='ocrx_word' id='word_1_297' title='bbox 819 2629 879 2664; x_wconf 92' lang='lat' dir='ltr'>pro</span> <span class='ocrx_word' id='word_1_298' title='bbox 903 2628 964 2664; x_wconf 86' lang='lat' dir='ltr'>ap-</span> 
     </span>
     <span class='ocr_line' id='line_1_46' title="bbox 188 2663 964 2709; baseline 0.004 -12"><span class='ocrx_word' id='word_1_299' title='bbox 188 2663 373 2709; x_wconf 89' lang='lat' dir='ltr'>plicatione</span> <span class='ocrx_word' id='word_1_300' title='bbox 398 2664 552 2700; x_wconf 88' lang='lat' dir='ltr'>eiusdem</span> <span class='ocrx_word' id='word_1_301' title='bbox 592 2664 730 2707; x_wconf 80' lang='lat' dir='ltr'>Missae,</span> <span class='ocrx_word' id='word_1_302' title='bbox 764 2665 833 2699; x_wconf 90' lang='lat' dir='ltr'>nisi</span> <span class='ocrx_word' id='word_1_303' title='bbox 872 2669 964 2700; x_wconf 85' lang='lat' dir='ltr'>certo</span> 
     </span>
     <span class='ocr_line' id='line_1_47' title="bbox 186 2712 964 2758; baseline 0.003 -13"><span class='ocrx_word' id='word_1_304' title='bbox 186 2715 319 2747; x_wconf 85' lang='lat' dir='ltr'>constet</span> <span class='ocrx_word' id='word_1_305' title='bbox 346 2722 454 2747; x_wconf 87' lang='lat' dir='ltr'>unam</span> <span class='ocrx_word' id='word_1_306' title='bbox 480 2712 605 2758; x_wconf 89' lang='lat' dir='ltr'>stipem</span> <span class='ocrx_word' id='word_1_307' title='bbox 632 2712 784 2748; x_wconf 87' lang='lat' dir='ltr'>oblatam</span> <span class='ocrx_word' id='word_1_308' title='bbox 811 2723 884 2748; x_wconf 89' lang='lat' dir='ltr'>esse</span> <span class='ocrx_word' id='word_1_309' title='bbox 904 2723 964 2758; x_wconf 88' lang='lat' dir='ltr'>pro</span> 
     </span>
     <span class='ocr_line' id='line_1_48' title="bbox 185 2757 786 2805; baseline 0.002 -12"><span class='ocrx_word' id='word_1_310' title='bbox 185 2757 416 2794; x_wconf 87' lang='lat' dir='ltr'>celebratione</span> <span class='ocrx_word' id='word_1_311' title='bbox 442 2758 517 2795; x_wconf 89' lang='lat' dir='ltr'>sine</span> <span class='ocrx_word' id='word_1_312' title='bbox 541 2758 786 2805; x_wconf 80' lang='lat' dir='ltr'>applicatione.</span> 
     </span>
    </p>

    <p class='ocr_par' dir='ltr' id='par_1_16' title="bbox 574 2808 582 2826">
     <span class='ocr_line' id='line_1_49' title="bbox 574 2808 582 2826; baseline 0 0"><span class='ocrx_word' id='word_1_313' title='bbox 574 2808 582 2826; x_wconf 83' lang='lat' dir='ltr'>l</span> 
     </span>
    </p>
   </div>
   <div class='ocr_carea' id='block_1_10' title="bbox 1036 1673 1819 2803">
    <p class='ocr_par' dir='ltr' id='par_1_17' title="bbox 1041 1673 1818 1849">
     <span class='ocr_line' id='line_1_50' title="bbox 1043 1673 1815 1719; baseline 0.001 -12"><span class='ocrx_word' id='word_1_314' title='bbox 1043 1675 1181 1719; x_wconf 89' lang='lat' dir='ltr'>propria</span> <span class='ocrx_word' id='word_1_315' title='bbox 1207 1673 1397 1712; x_wconf 86' lang='lat' dir='ltr'>devotione,</span> <span class='ocrx_word' id='word_1_316' title='bbox 1431 1673 1533 1708; x_wconf 71' lang='lat' dir='ltr'>veluti</span> <span class='ocrx_word' id='word_1_317' title='bbox 1573 1674 1616 1708; x_wconf 89' lang='lat' dir='ltr'>ad</span> <span class='ocrx_word' id='word_1_318' title='bbox 1657 1684 1815 1715; x_wconf 85' lang='lat' dir='ltr'>manum,</span> 
     </span>
     <span class='ocr_line' id='line_1_51' title="bbox 1042 1720 1818 1766; baseline 0.001 -12"><span class='ocrx_word' id='word_1_319' title='bbox 1042 1720 1114 1755; x_wconf 87' lang='lat' dir='ltr'>sive</span> <span class='ocrx_word' id='word_1_320' title='bbox 1139 1731 1177 1755; x_wconf 75' lang='lat' dir='ltr'>ex</span> <span class='ocrx_word' id='word_1_321' title='bbox 1206 1720 1416 1764; x_wconf 86' lang='lat' dir='ltr'>obligatione</span> <span class='ocrx_word' id='word_1_322' title='bbox 1453 1720 1556 1755; x_wconf 81' lang='lat' dir='ltr'>etiam</span> <span class='ocrx_word' id='word_1_323' title='bbox 1599 1724 1761 1766; x_wconf 88' lang='lat' dir='ltr'>perpetua</span> <span class='ocrx_word' id='word_1_324' title='bbox 1797 1732 1818 1755; x_wconf 85' lang='lat' dir='ltr'>a</span> 
     </span>
     <span class='ocr_line' id='line_1_52' title="bbox 1041 1767 1816 1813; baseline 0 -11"><span class='ocrx_word' id='word_1_325' title='bbox 1041 1772 1201 1803; x_wconf 85' lang='lat' dir='ltr'>testatore</span> <span class='ocrx_word' id='word_1_326' title='bbox 1260 1767 1408 1813; x_wconf 90' lang='lat' dir='ltr'>propriis</span> <span class='ocrx_word' id='word_1_327' title='bbox 1469 1767 1653 1803; x_wconf 89' lang='lat' dir='ltr'>heredibus</span> <span class='ocrx_word' id='word_1_328' title='bbox 1716 1767 1816 1809; x_wconf 75' lang='lat' dir='ltr'>facta,</span> 
     </span>
     <span class='ocr_line' id='line_1_53' title="bbox 1041 1814 1422 1849; baseline -0.003 0"><span class='ocrx_word' id='word_1_329' title='bbox 1041 1814 1216 1849; x_wconf 62' lang='lat' dir='ltr'>manualia</span> <span class='ocrx_word' id='word_1_330' title='bbox 1245 1815 1422 1849; x_wconf 86' lang='lat' dir='ltr'>dicuntur.</span> 
     </span>
    </p>

    <p class='ocr_par' dir='ltr' id='par_1_18' title="bbox 1039 1861 1819 2180">
     <span class='ocr_line' id='line_1_54' title="bbox 1088 1861 1819 1904; baseline 0 -8"><span class='ocrx_word' id='word_1_331' title='bbox 1088 1866 1107 1904; x_wconf 62' lang='grc' dir='ltr'><em>ξ</em></span> <span class='ocrx_word' id='word_1_332' title='bbox 1133 1861 1166 1896; x_wconf 70' lang='lat'>2.</span> <span class='ocrx_word' id='word_1_333' title='bbox 1196 1861 1249 1896; x_wconf 83' lang='lat' dir='ltr'>Ad</span> <span class='ocrx_word' id='word_1_334' title='bbox 1274 1861 1383 1897; x_wconf 72' lang='lat' dir='ltr'>instar</span> <span class='ocrx_word' id='word_1_335' title='bbox 1408 1861 1619 1896; x_wconf 72' lang='lat' dir='ltr'>manmzlium</span> <span class='ocrx_word' id='word_1_336' title='bbox 1653 1866 1819 1897; x_wconf 82' lang='lat' dir='ltr'>vocantur</span> 
     </span>
     <span class='ocr_line' id='line_1_55' title="bbox 1040 1908 1818 1955; baseline 0.001 -12"><span class='ocrx_word' id='word_1_337' title='bbox 1040 1909 1214 1955; x_wconf 89' lang='lat' dir='ltr'>stipendia</span> <span class='ocrx_word' id='word_1_338' title='bbox 1239 1908 1424 1944; x_wconf 89' lang='lat' dir='ltr'>Missarnm</span> <span class='ocrx_word' id='word_1_339' title='bbox 1452 1908 1690 1949; x_wconf 70' lang='lat' dir='ltr'>fundatarum⁷</span> <span class='ocrx_word' id='word_1_340' title='bbox 1731 1919 1818 1955; x_wconf 83' lang='lat' dir='ltr'>quae</span> 
     </span>
     <span class='ocr_line' id='line_1_56' title="bbox 1040 1955 1815 2002; baseline 0.001 -12"><span class='ocrx_word' id='word_1_341' title='bbox 1040 1956 1207 2002; x_wconf 87' lang='lat' dir='ltr'>applicari</span> <span class='ocrx_word' id='word_1_342' title='bbox 1234 1967 1305 1991; x_wconf 86' lang='lat' dir='ltr'>non</span> <span class='ocrx_word' id='word_1_343' title='bbox 1335 1960 1480 2002; x_wconf 86' lang='lat' dir='ltr'>possunt</span> <span class='ocrx_word' id='word_1_344' title='bbox 1506 1955 1542 1989; x_wconf 91' lang='lat' dir='ltr'>in</span> <span class='ocrx_word' id='word_1_345' title='bbox 1571 1956 1708 2002; x_wconf 91' lang='lat' dir='ltr'>proprio</span> <span class='ocrx_word' id='word_1_346' title='bbox 1735 1956 1815 1996; x_wconf 80' lang='lat' dir='ltr'>loco,</span> 
     </span>
     <span class='ocr_line' id='line_1_57' title="bbox 1039 2002 1817 2049; baseline 0 -11"><span class='ocrx_word' id='word_1_347' title='bbox 1039 2008 1099 2038; x_wconf 88' lang='lat' dir='ltr'>aut</span> <span class='ocrx_word' id='word_1_348' title='bbox 1124 2003 1168 2038; x_wconf 90' lang='lat' dir='ltr'>ab</span> <span class='ocrx_word' id='word_1_349' title='bbox 1195 2003 1237 2037; x_wconf 89' lang='lat' dir='ltr'>iis</span> <span class='ocrx_word' id='word_1_350' title='bbox 1262 2003 1320 2049; x_wconf 87' lang='lat' dir='ltr'>qui</span> <span class='ocrx_word' id='word_1_351' title='bbox 1348 2014 1406 2038; x_wconf 90' lang='lat' dir='ltr'>eas</span> <span class='ocrx_word' id='word_1_352' title='bbox 1443 2002 1619 2048; x_wconf 88' lang='lat' dir='ltr'>applicare</span> <span class='ocrx_word' id='word_1_353' title='bbox 1650 2003 1817 2039; x_wconf 88' lang='lat' dir='ltr'>deberent</span> 
     </span>
     <span class='ocr_line' id='line_1_58' title="bbox 1039 2050 1817 2092; baseline 0 -6"><span class='ocrx_word' id='word_1_354' title='bbox 1039 2051 1231 2086; x_wconf 87' lang='lat' dir='ltr'>secundum</span> <span class='ocrx_word' id='word_1_355' title='bbox 1243 2050 1380 2086; x_wconf 90' lang='lat' dir='ltr'>tabulas</span> <span class='ocrx_word' id='word_1_356' title='bbox 1396 2050 1624 2092; x_wconf 79' lang='lat' dir='ltr'>fundationis,</span> <span class='ocrx_word' id='word_1_357' title='bbox 1640 2055 1673 2085; x_wconf 83' lang='lat' dir='ltr'>et</span> <span class='ocrx_word' id='word_1_358' title='bbox 1687 2051 1762 2086; x_wconf 88' lang='lat' dir='ltr'>ideo</span> <span class='ocrx_word' id='word_1_359' title='bbox 1775 2051 1817 2086; x_wconf 94' lang='lat' dir='ltr'>de</span> 
     </span>
     <span class='ocr_line' id='line_1_59' title="bbox 1041 2097 1819 2133; baseline 0.001 -1"><span class='ocrx_word' id='word_1_360' title='bbox 1041 2098 1114 2133; x_wconf 88' lang='lat' dir='ltr'>iure</span> <span class='ocrx_word' id='word_1_361' title='bbox 1123 2102 1183 2133; x_wconf 90' lang='lat' dir='ltr'>aut</span> <span class='ocrx_word' id='word_1_362' title='bbox 1197 2097 1346 2133; x_wconf 82' lang='lat' dir='ltr'>Sanctae</span> <span class='ocrx_word' id='word_1_363' title='bbox 1360 2097 1459 2133; x_wconf 86' lang='lat' dir='ltr'>Sedis</span> <span class='ocrx_word' id='word_1_364' title='bbox 1473 2097 1609 2132; x_wconf 87' lang='lat' dir='ltr'>indulto</span> <span class='ocrx_word' id='word_1_365' title='bbox 1621 2097 1699 2132; x_wconf 91' lang='lat' dir='ltr'>aliis</span> <span class='ocrx_word' id='word_1_366' title='bbox 1709 2108 1819 2133; x_wconf 88' lang='lat' dir='ltr'>sacer-</span> 
     </span>
     <span class='ocr_line' id='line_1_60' title="bbox 1039 2144 1816 2180; baseline -0.001 0"><span class='ocrx_word' id='word_1_367' title='bbox 1039 2145 1177 2180; x_wconf 91' lang='lat' dir='ltr'>dotibus</span> <span class='ocrx_word' id='word_1_368' title='bbox 1187 2145 1376 2180; x_wconf 89' lang='lat' dir='ltr'>tradendae</span> <span class='ocrx_word' id='word_1_369' title='bbox 1386 2149 1468 2180; x_wconf 88' lang='lat' dir='ltr'>sunt</span> <span class='ocrx_word' id='word_1_370' title='bbox 1478 2149 1515 2180; x_wconf 89' lang='lat' dir='ltr'>ut</span> <span class='ocrx_word' id='word_1_371' title='bbox 1526 2144 1647 2180; x_wconf 89' lang='lat' dir='ltr'>iisdem</span> <span class='ocrx_word' id='word_1_372' title='bbox 1658 2144 1816 2180; x_wconf 86' lang='lat' dir='ltr'>satisfiat.</span> 
     </span>
    </p>

    <p class='ocr_par' dir='ltr' id='par_1_19' title="bbox 1039 2191 1817 2333">
     <span class='ocr_line' id='line_1_61' title="bbox 1086 2191 1817 2238; baseline 0.003 -12"><span class='ocrx_word' id='word_1_373' title='bbox 1086 2196 1105 2233; x_wconf 66' lang='grc' dir='ltr'>ἓ</span> <span class='ocrx_word' id='word_1_374' title='bbox 1132 2191 1164 2226; x_wconf 87' lang='grc'>3.</span> <span class='ocrx_word' id='word_1_375' title='bbox 1195 2192 1269 2228; x_wconf 87' lang='lat' dir='ltr'>Alia</span> <span class='ocrx_word' id='word_1_376' title='bbox 1297 2192 1471 2238; x_wconf 90' lang='lat' dir='ltr'>stipendia</span> <span class='ocrx_word' id='word_1_377' title='bbox 1497 2203 1586 2237; x_wconf 91' lang='lat' dir='ltr'>quae</span> <span class='ocrx_word' id='word_1_378' title='bbox 1621 2202 1659 2227; x_wconf 82' lang='lat' dir='ltr'>ex</span> <span class='ocrx_word' id='word_1_379' title='bbox 1694 2192 1817 2228; x_wconf 84' lang='lat' dir='ltr'>funda-</span> 
     </span>
     <span class='ocr_line' id='line_1_62' title="bbox 1039 2239 1817 2285; baseline 0.001 -12"><span class='ocrx_word' id='word_1_380' title='bbox 1039 2239 1173 2274; x_wconf 86' lang='lat' dir='ltr'>tionum</span> <span class='ocrx_word' id='word_1_381' title='bbox 1204 2239 1372 2275; x_wconf 85' lang='lat' dir='ltr'>reditibus</span> <span class='ocrx_word' id='word_1_382' title='bbox 1412 2239 1664 2285; x_wconf 82' lang='lat' dir='ltr'>percipiuntur⁷</span> <span class='ocrx_word' id='word_1_383' title='bbox 1703 2240 1817 2285; x_wconf 90' lang='lat' dir='ltr'>appel-</span> 
     </span>
     <span class='ocr_line' id='line_1_63' title="bbox 1039 2285 1765 2333; baseline 0 -12"><span class='ocrx_word' id='word_1_384' title='bbox 1039 2286 1156 2321; x_wconf 90' lang='lat' dir='ltr'>lantur</span> <span class='ocrx_word' id='word_1_385' title='bbox 1182 2286 1326 2332; x_wconf 77' lang='lat' dir='ltr'>fundata</span> <span class='ocrx_word' id='word_1_386' title='bbox 1352 2297 1411 2322; x_wconf 87' lang='lat' dir='ltr'>seu</span> <span class='ocrx_word' id='word_1_387' title='bbox 1439 2285 1566 2322; x_wconf 79' lang='lat' dir='ltr'>Missae</span> <span class='ocrx_word' id='word_1_388' title='bbox 1590 2286 1765 2333; x_wconf 71' lang='lat' dir='ltr'>fundatae.</span> 
     </span>
    </p>

    <p class='ocr_par' dir='ltr' id='par_1_20' title="bbox 1038 2332 1814 2464">
     <span class='ocr_line' id='line_1_64' title="bbox 1086 2332 1814 2380; baseline 0 -12"><span class='ocrx_word' id='word_1_389' title='bbox 1086 2333 1170 2369; x_wconf 61' lang='lat' dir='ltr'>clm.</span> <span class='ocrx_word' id='word_1_390' title='bbox 1200 2332 1282 2368; x_wconf 70' lang='lat'><strong>8⁶27.</strong></span> <span class='ocrx_word' id='word_1_391' title='bbox 1314 2355 1330 2359; x_wconf 95' lang='lat'><em>-</em></span> <span class='ocrx_word' id='word_1_392' title='bbox 1359 2335 1387 2369; x_wconf 91' lang='lat' dir='ltr'><strong>A</strong></span> <span class='ocrx_word' id='word_1_393' title='bbox 1406 2335 1494 2380; x_wconf 88' lang='lat' dir='ltr'>stipe</span> <span class='ocrx_word' id='word_1_394' title='bbox 1508 2333 1692 2369; x_wconf 87' lang='lat' dir='ltr'>Missarnm</span> <span class='ocrx_word' id='word_1_395' title='bbox 1711 2344 1814 2379; x_wconf 86' lang='lat' dir='ltr'>quae-</span> 
     </span>
     <span class='ocr_line' id='line_1_65' title="bbox 1038 2380 1813 2427; baseline -0.001 -12"><span class='ocrx_word' id='word_1_396' title='bbox 1038 2381 1120 2416; x_wconf 88' lang='lat' dir='ltr'>libet</span> <span class='ocrx_word' id='word_1_397' title='bbox 1160 2381 1264 2416; x_wconf 91' lang='lat' dir='ltr'>etiam</span> <span class='ocrx_word' id='word_1_398' title='bbox 1307 2381 1438 2427; x_wconf 87' lang='lat' dir='ltr'>species</span> <span class='ocrx_word' id='word_1_399' title='bbox 1476 2380 1720 2426; x_wconf 83' lang='lat' dir='ltr'>negotiationis</span> <span class='ocrx_word' id='word_1_400' title='bbox 1764 2380 1813 2416; x_wconf 79' lang='lat' dir='ltr'>vel</span> 
     </span>
     <span class='ocr_line' id='line_1_66' title="bbox 1038 2428 1624 2464; baseline -0.002 -1"><span class='ocrx_word' id='word_1_401' title='bbox 1038 2432 1253 2463; x_wconf 85' lang='lat' dir='ltr'>mercaturae</span> <span class='ocrx_word' id='word_1_402' title='bbox 1279 2428 1424 2464; x_wconf 87' lang='lat' dir='ltr'>omnino</span> <span class='ocrx_word' id='word_1_403' title='bbox 1453 2432 1624 2463; x_wconf 85' lang='lat' dir='ltr'>arceatur.</span> 
     </span>
    </p>

    <p class='ocr_par' dir='ltr' id='par_1_21' title="bbox 1036 2474 1815 2615">
     <span class='ocr_line' id='line_1_67' title="bbox 1085 2474 1815 2521; baseline -0.001 -11"><span class='ocrx_word' id='word_1_404' title='bbox 1085 2475 1170 2510; x_wconf 68' lang='lat' dir='ltr'>CAN.</span> <span class='ocrx_word' id='word_1_405' title='bbox 1191 2474 1272 2510; x_wconf 71' lang='lat'>828.</span> <span class='ocrx_word' id='word_1_406' title='bbox 1294 2496 1315 2502; x_wconf 94' lang='lat'>-</span> <span class='ocrx_word' id='word_1_407' title='bbox 1333 2475 1396 2511; x_wconf 92' lang='lat' dir='ltr'>Tot</span> <span class='ocrx_word' id='word_1_408' title='bbox 1413 2475 1641 2511; x_wconf 87' lang='lat' dir='ltr'>celebrandae</span> <span class='ocrx_word' id='word_1_409' title='bbox 1659 2479 1691 2510; x_wconf 90' lang='lat' dir='ltr'>et</span> <span class='ocrx_word' id='word_1_410' title='bbox 1705 2475 1815 2521; x_wconf 88' lang='lat' dir='ltr'>appli-</span> 
     </span>
     <span class='ocr_line' id='line_1_68' title="bbox 1037 2522 1814 2568; baseline -0.001 -10"><span class='ocrx_word' id='word_1_411' title='bbox 1037 2523 1168 2558; x_wconf 86' lang='lat' dir='ltr'>candae</span> <span class='ocrx_word' id='word_1_412' title='bbox 1210 2527 1291 2557; x_wconf 86' lang='lat' dir='ltr'>sunt</span> <span class='ocrx_word' id='word_1_413' title='bbox 1336 2522 1471 2563; x_wconf 88' lang='lat' dir='ltr'>Missae,</span> <span class='ocrx_word' id='word_1_414' title='bbox 1514 2526 1595 2568; x_wconf 88' lang='lat' dir='ltr'>quot</span> <span class='ocrx_word' id='word_1_415' title='bbox 1640 2522 1814 2568; x_wconf 89' lang='lat' dir='ltr'>stipendia</span> 
     </span>
     <span class='ocr_line' id='line_1_69' title="bbox 1036 2569 1810 2615; baseline -0.004 -10"><span class='ocrx_word' id='word_1_416' title='bbox 1036 2570 1141 2605; x_wconf 86' lang='lat' dir='ltr'>etiam</span> <span class='ocrx_word' id='word_1_417' title='bbox 1168 2570 1291 2614; x_wconf 77' lang='lat' dir='ltr'>exigua</span> <span class='ocrx_word' id='word_1_418' title='bbox 1317 2570 1397 2605; x_wconf 86' lang='lat' dir='ltr'>data</span> <span class='ocrx_word' id='word_1_419' title='bbox 1422 2573 1454 2605; x_wconf 87' lang='lat' dir='ltr'>et</span> <span class='ocrx_word' id='word_1_420' title='bbox 1491 2573 1631 2615; x_wconf 87' lang='lat' dir='ltr'>accepta</span> <span class='ocrx_word' id='word_1_421' title='bbox 1671 2569 1810 2605; x_wconf 82' lang='lat' dir='ltr'>fuerint.</span> 
     </span>
    </p>

    <p class='ocr_par' dir='ltr' id='par_1_22' title="bbox 1036 2615 1813 2803">
     <span class='ocr_line' id='line_1_70' title="bbox 1085 2615 1813 2662; baseline -0.003 -10"><span class='ocrx_word' id='word_1_422' title='bbox 1085 2615 1168 2652; x_wconf 61' lang='lat' dir='ltr'>cm.</span> <span class='ocrx_word' id='word_1_423' title='bbox 1198 2616 1280 2651; x_wconf 79' lang='lat'><strong>829.</strong></span> <span class='ocrx_word' id='word_1_424' title='bbox 1309 2637 1332 2643; x_wconf 89' lang='lat'>-</span> <span class='ocrx_word' id='word_1_425' title='bbox 1358 2616 1450 2652; x_wconf 86' lang='lat' dir='ltr'>Licet</span> <span class='ocrx_word' id='word_1_426' title='bbox 1475 2617 1552 2651; x_wconf 90' lang='lat' dir='ltr'>sine</span> <span class='ocrx_word' id='word_1_427' title='bbox 1577 2616 1679 2662; x_wconf 90' lang='lat' dir='ltr'>culpa</span> <span class='ocrx_word' id='word_1_428' title='bbox 1721 2616 1813 2651; x_wconf 91' lang='lat' dir='ltr'>illins</span> 
     </span>
     <span class='ocr_line' id='line_1_71' title="bbox 1037 2662 1811 2709; baseline -0.003 -10"><span class='ocrx_word' id='word_1_429' title='bbox 1037 2664 1094 2709; x_wconf 90' lang='lat' dir='ltr'>qui</span> <span class='ocrx_word' id='word_1_430' title='bbox 1121 2675 1226 2700; x_wconf 88' lang='lat' dir='ltr'>onere</span> <span class='ocrx_word' id='word_1_431' title='bbox 1251 2663 1448 2700; x_wconf 83' lang='lat' dir='ltr'>celebrandi</span> <span class='ocrx_word' id='word_1_432' title='bbox 1487 2667 1660 2708; x_wconf 83' lang='lat' dir='ltr'>gravatur,</span> <span class='ocrx_word' id='word_1_433' title='bbox 1692 2662 1811 2698; x_wconf 90' lang='lat' dir='ltr'>Missa-</span> 
     </span>
     <span class='ocr_line' id='line_1_72' title="bbox 1036 2710 1812 2757; baseline -0.001 -12"><span class='ocrx_word' id='word_1_434' title='bbox 1036 2722 1114 2746; x_wconf 92' lang='lat' dir='ltr'>rum</span> <span class='ocrx_word' id='word_1_435' title='bbox 1140 2711 1380 2757; x_wconf 87' lang='lat' dir='ltr'>eleemosynae</span> <span class='ocrx_word' id='word_1_436' title='bbox 1406 2711 1476 2746; x_wconf 90' lang='lat' dir='ltr'>iam</span> <span class='ocrx_word' id='word_1_437' title='bbox 1507 2714 1687 2757; x_wconf 86' lang='lat' dir='ltr'>perceptae</span> <span class='ocrx_word' id='word_1_438' title='bbox 1705 2710 1812 2756; x_wconf 86' lang='lat' dir='ltr'>perie-</span> 
     </span>
     <span class='ocr_line' id='line_1_73' title="bbox 1036 2757 1558 2803; baseline -0.002 -10"><span class='ocrx_word' id='word_1_439' title='bbox 1036 2758 1118 2793; x_wconf 86' lang='lat' dir='ltr'>rint.</span> <span class='ocrx_word' id='word_1_440' title='bbox 1149 2757 1312 2803; x_wconf 83' lang='lat' dir='ltr'>obligatio</span> <span class='ocrx_word' id='word_1_441' title='bbox 1338 2769 1409 2794; x_wconf 92' lang='lat' dir='ltr'>non</span> <span class='ocrx_word' id='word_1_442' title='bbox 1436 2762 1558 2793; x_wconf 88' lang='lat' dir='ltr'>cessat.</span> 
     </span>
    </p>
   </div>
   <div class='ocr_carea' id='block_1_11' title="bbox 303 2844 1038 2910">
    <p class='ocr_par' dir='ltr' id='par_1_23' title="bbox 303 2844 1038 2910">
     <span class='ocr_line' id='line_1_74' title="bbox 303 2844 1038 2910; baseline -0.001 -10"><span class='ocrx_word' id='word_1_443' title='bbox 303 2866 313 2887; x_wconf 83' lang='lat'>1</span> <span class='ocrx_word' id='word_1_444' title='bbox 340 2866 381 2900; x_wconf 74' lang='lat' dir='ltr'>aa</span> <span class='ocrx_word' id='word_1_445' title='bbox 408 2865 449 2899; x_wconf 86' lang='lat' dir='ltr'>P.</span> <span class='ocrx_word' id='word_1_446' title='bbox 480 2844 767 2910; x_wconf 59' lang='lat' dir='ltr'><strong>qJLXXXHI,</strong></span> <span class='ocrx_word' id='word_1_447' title='bbox 795 2878 828 2900; x_wconf 78' lang='lat' dir='ltr'>a.</span> <span class='ocrx_word' id='word_1_448' title='bbox 856 2866 878 2900; x_wconf 75' lang='lat' dir='ltr'>a</span> <span class='ocrx_word' id='word_1_449' title='bbox 904 2866 951 2900; x_wconf 79' lang='lat' dir='ltr'>ad</span> <span class='ocrx_word' id='word_1_450' title='bbox 977 2866 1038 2900; x_wconf 76' lang='lat'>5111.</span> 
     </span>
    </p>
   </div>
   <div class='ocr_carea' id='block_1_12' title="bbox 1915 0 1971 3261">
    <p class='ocr_par' dir='ltr' id='par_1_24' title="bbox 1915 0 1971 3261">
     <span class='ocr_line' id='line_1_75' title="bbox 1915 0 1971 3261; baseline 0 0"><span class='ocrx_word' id='word_1_451' title='bbox 1915 0 1971 3261; x_wconf 95' lang='lat' dir='ltr'> </span> 
     </span>
    </p>
   </div>
  </div>
 </body>
</html>
