1971 3261
185 128 252 162 150
583 127 666 162 Lrss.
692 127 762 161 ΙΙΙ.
789 147 801 152 -
829 127 938 162 PARS
964 127 994 161 I.
1025 148 1037 152 -
1063 128 1120 163 De
1145 128 1421 164 Sao-ramentis

189 252 259 282 tam
287 247 377 282 ultro
405 247 569 281 maiorem
597 246 721 291 stipem
751 256 810 291 pro
841 244 965 281 Missae

187 293 419 339 applicatione
445 293 619 339 accipere;
648 297 691 328 et.
724 292 789 326 nisi
819 292 879 328 loci
900 290 964 328 Or-

188 341 345 376 dinarius
372 340 599 386 prohibuerit,
625 339 729 374 etiam
758 339 940 375 minorem.

234 386 318 423 CAN.
347 386 428 422 833.
461 407 475 413 -
507 386 743 421 Praesumitur
771 386 960 422 oblatorem

188 435 326 480 petiisse
357 434 466 469 solam
507 433 630 468 Missae
667 433 960 478 applicationem

186 482 212 515 si
241 487 357 516 tamen
384 481 520 516 oblator
544 491 702 525 expresse
727 480 864 526 aliquas
901 482 962 517 cir-

185 528 413 563 cumstantias
439 527 474 561 in
502 527 627 562 Missae
644 527 876 564 celebratione
893 540 961 564 ser-

185 575 316 610 vandas
342 574 637 615 determinaverit,
666 575 839 617 sacerdos
876 576 961 612 elee-

186 632 366 668 mosynam
418 626 614 667 acceptans⁷
667 622 742 656 eius
793 623 960 658 voluntati

185 675 276 704 stare
302 669 416 704 debet.

233 715 315 751 CAN.
343 714 422 750 834.
455 737 470 740 -
499 719 518 758 ξ
550 715 578 749 l.
607 714 732 751 Missae
760 727 820 762 pro
833 717 962 762 quibus

184 763 401 798 celebrandis
419 767 556 808 tempus
570 762 614 797 ab
632 763 786 798 oblatore
803 775 963 810 expresse

185 810 435 856 praescriptum
463 814 526 850 est,
552 821 591 845 eo
621 811 770 845 omnino
807 816 962 858 tempore

184 863 265 892 sunt
291 857 531 893 celebrandae.

231 908 250 947 g
276 904 308 939 2.
340 903 373 940 Si
401 904 535 940 oblator
561 904 697 940 nullum
725 910 863 951 tempus
901 917 962 952 pro

183 951 368 986 Missarum
397 951 615 987 manualium
643 952 876 988 celebratione
905 964 961 988 ex-

184 1010 298 1045 presse
327 999 604 1045 praescripserit:

282 1046 328 1082 10.
357 1046 482 1082 Missae
510 1057 569 1092 pro
597 1047 731 1091 urgenti
760 1058 865 1083 causa
902 1047 959 1083 ob-

186 1093 273 1128 latae
300 1093 563 1139 quamprimum
591 1098 745 1139 tempore
772 1094 846 1130 utili
879 1100 960 1130 sunt

182 1140 423 1177 celebrandae.

277 1187 326 1222 ⁶20.
357 1188 394 1222 ln
420 1188 499 1224 aliis
537 1187 675 1223 casibus
713 1188 837 1224 Missae
879 1194 961 1224 sunt

182 1234 409 1271 celebrandae
425 1235 517 1270 intra
536 1235 709 1271 modicum
729 1241 866 1282 tempus
900 1248 961 1283 pro

182 1281 312 1317 maiore
339 1285 389 1318 vel
418 1283 552 1318 minore
577 1282 763 1318 Missarum
799 1295 956 1319 numero.

229 1333 248 1371 ἓ
275 1328 307 1363 3.
338 1328 437 1373 Quod
464 1330 491 1364 si
520 1329 654 1365 oblator
678 1330 823 1366 arbitrio
849 1342 961 1367 sacer—

181 1376 271 1411 dotis
297 1381 434 1423 tempus
460 1377 704 1413 celebrationis
729 1389 890 1424 expresse
909 1389 960 1413 re-

183 1423 335 1469 liquerit,
364 1424 524 1460 sacerdos
553 1425 676 1470 poterit
701 1430 855 1471 tempore
893 1436 960 1471 quo

182 1470 247 1505 sibi
276 1471 387 1516 magis
414 1472 592 1517 placuerit,
619 1482 677 1507 eas
702 1473 889 1513 celebrare,
908 1472 961 1507 fir-

184 1528 240 1553 mo
268 1519 478 1565 praescripto
504 1529 583 1554 can.
616 1519 697 1555 835.

230 1563 311 1600 CAN.
340 1564 419 1601 835.
449 1587 466 1592 -
495 1566 632 1602 Nemini
661 1567 739 1602 licet
765 1572 813 1602 tot
840 1567 960 1602 Missa-

183 1623 261 1647 rum
288 1624 391 1648 onera
421 1624 479 1659 per
504 1624 540 1649 se
565 1613 852 1650 celebrandarum
880 1614 960 1650 reci-

183 1670 262 1706 pere
296 1660 422 1706 quibus
458 1661 550 1696 intra
588 1672 722 1696 annum
762 1661 960 1697 satisfacere

182 1713 345 1752 nequeat.

231 1754 314 1790 CAN.
345 1753 426 1789 836.
457 1776 473 1780 -
495 1755 531 1789 ln
551 1755 705 1791 ecclesiis
721 1755 758 1790 in
776 1755 903 1801 quibus
917 1756 960 1791 ob

184 1801 338 1838 fidelium
369 1803 576 1848 peculiarem
604 1803 823 1838 devotionem
844 1802 963 1838 Missa·

181 1860 259 1884 rum
285 1850 525 1897 eleemosynae
546 1850 593 1885 ita
610 1850 772 1891 affluunt,
788 1855 823 1886 ut
838 1861 960 1886 omnes

183 1896 307 1932 Missae
334 1897 499 1932 celebrari
520 1897 648 1932 ibidem
667 1897 783 1933 debito
806 1902 960 1944 tempore

183 1949 372 1990 nequeant⁷
407 1949 616 1980 moneantur
654 1944 785 1989 fideles,
826 1956 886 1991 per
911 1950 960 1980 ta—

183 1991 310 2027 bellam
330 1991 364 2025 in
386 1991 458 2027 loco
478 1992 609 2038 patenti
627 1997 660 2027 et
678 1992 778 2027 obvio
798 1992 957 2038 positam,

183 2038 306 2073 Missas
331 2038 465 2074 oblatas
491 2039 702 2075 celebratum
739 2039 779 2074 iri
817 2039 870 2075 vel
896 2040 961 2083 ,ibi-

183 2086 272 2126 dem,
300 2096 378 2120 cum
407 2087 585 2122 commode
611 2086 748 2132 poterit,
784 2087 834 2122 vel
859 2087 956 2123 alibi.

231 2132 314 2168 CAN.
341 2131 420 2167 837.
466 2154 482 2158 —
523 2133 589 2178 Qui
626 2133 749 2169 Missas
783 2145 842 2180 per
874 2134 962 2169 alios

183 2179 411 2216 celebrandas
454 2181 568 2220 babet,
605 2192 662 2216 eas
697 2182 959 2227 quamprimum

183 2226 380 2268 distribuat,
402 2228 502 2263 firmo
531 2228 740 2274 praescripto
766 2240 844 2264 can.
868 2227 957 2265 841:

183 2274 241 2309 sed
268 2278 405 2320 tempus
442 2275 635 2320 legitimum
678 2287 735 2320 pro
769 2277 958 2312 earundem

182 2321 413 2357 celebratione
440 2323 562 2368 incipit
588 2334 608 2358 a
633 2323 688 2357 die
711 2334 779 2369 quo
801 2323 960 2359 sacerdos

183 2368 418 2404 celebraturus
444 2371 584 2406 easdem
610 2370 788 2415 receperit.
831 2371 898 2405 nisi
924 2381 959 2406 au

184 2415 256 2450 liud
282 2421 427 2452 constet.

231 2462 315 2498 CAN.
345 2461 426 2497 838.
458 2484 473 2490 -
503 2463 569 2507 Qui
611 2464 739 2499 habent
775 2465 959 2501 Missarum

184 2520 369 2545 numerum
397 2511 439 2546 de
466 2512 592 2556 quibus
619 2511 683 2546 sibi
721 2512 819 2548 liceat
846 2512 961 2558 dispo-

185 2567 276 2597 nere,
306 2563 449 2603 possunt
467 2569 525 2593 eas
545 2559 695 2594 tribuere
725 2559 961 2595 sacerdotibus

184 2603 248 2639 sibi
275 2605 439 2651 acceptis,
469 2605 657 2641 dummodo
677 2607 781 2651 probe
799 2606 864 2642 sibi
883 2617 963 2642 con-

183 2656 248 2686 stet
272 2662 330 2686 eos
354 2662 428 2687 esse
454 2653 547 2688 omni
587 2654 787 2697 exceptione
814 2654 961 2690 maiores

184 2698 235 2734 vel
261 2699 461 2735 testimonio
490 2701 616 2746 proprii
656 2700 837 2737 Ordinarii
867 2712 960 2737 com-

185 2746 378 2781 mendatos.

231 2791 316 2828 CAN.
339 2793 419 2828 839.
449 2815 472 2819 -
499 2793 566 2838 Qui
595 2795 717 2830 missas
750 2806 769 2830 a
801 2795 961 2831 fidelibus

184 2845 337 2886 receptas
362 2846 421 2876 aut
448 2852 586 2886 quoquo
625 2843 726 2877 modo
765 2853 846 2877 suae
882 2842 959 2878 fidei

1037 246 1242 282 commissas
1260 247 1340 283 aliis
1354 248 1579 284 celebrandas
1597 249 1812 294 tradiderint,

1037 293 1247 338 obligatione
1272 299 1437 330 tenentur
1462 307 1571 341 usque
1599 296 1682 332 dum
1719 308 1813 333 acce-

1038 345 1152 386 ptatae
1177 340 1220 376 ab
1245 341 1375 377 eisdem
1403 342 1625 388 obligationis
1659 348 1690 379 et
1723 356 1813 380 rece-

1038 388 1084 434 pti
1111 388 1279 434 sti'pendii
1306 389 1546 425 testimonium
1582 390 1810 427 obtinuerint.

1082 433 1168 471 CAN.
1197 433 1277 470 840.
1306 457 1322 461 -
1351 440 1370 478 ξ
1398 437 1427 471 1.
1456 435 1522 480 Qui
1550 436 1736 473 Missarum
1754 439 1814 473 sti-

1037 493 1095 527 pes
1122 483 1303 519 manuales
1327 484 1370 518 ad
1397 484 1483 519 alios
1509 485 1728 527 transmittit,
1756 486 1814 522 de-

1035 529 1092 564 bet
1116 534 1275 575 acceptas
1301 530 1434 576 integre
1461 533 1709 571 transmittere,
1744 533 1813 568 nisi

1035 581 1094 611 aut
1119 577 1253 613 oblator
1277 588 1436 623 expresse
1464 579 1641 624 permittat
1678 580 1811 626 aliquid

1035 628 1197 667 renuere,
1237 629 1297 659 aut
1336 630 1427 660 certo
1465 630 1596 662 constet
1634 637 1812 663 excessum

1035 682 1140 717 supra
1166 676 1281 706 taxam
1307 671 1550 708 dioecesanam
1568 673 1687 708 datum
1710 674 1814 711 fuisse

1036 718 1165 753 intuitu
1194 729 1372 764 personae.

1083 768 1102 806 ξ
1127 766 1159 799 ἱ).
1190 766 1225 800 ln
1254 765 1368 800 Missis
1391 766 1434 801 ad
1454 766 1563 802 instar
1583 768 1813 810 manualium,

1036 812 1102 846 nisi
1129 812 1239 848 obstet
1280 823 1378 847 mens
1418 814 1623 855 fundatoris,
1661 815 1812 860 legitime

1035 863 1206 894 retinetur
1231 870 1390 895 excessus
1416 865 1449 895 et
1468 861 1552 895 satis
1569 865 1620 896 est
1638 862 1813 898 remittere

1034 907 1142 941 solam
1169 906 1427 954 eleemosynam
1456 908 1655 943 manualem
1682 908 1814 945 dioece-

1034 954 1082 987 sis
1109 954 1143 988 in
1172 965 1240 999 qua
1266 953 1371 989 Missa
1398 954 1603 996 celebratur,
1625 955 1652 989 si
1674 956 1813 1001 pinguis

985 1008 987 1011 '
1033 1001 1253 1047 eleemosyna
1274 1001 1384 1036 locum
1407 1012 1466 1047 pro
1486 1007 1581 1047 parte
1595 1007 1709 1038 teneat
1724 1004 1812 1039 dotis

1035 1047 1192 1084 beneficii
1219 1053 1280 1083 aut
1306 1059 1430 1084 causae
1463 1050 1550 1094 piae.

1081 1094 1166 1130 CAN.
1196 1093 1276 1130 841.
1306 1117 1321 1120 -
1351 1100 1369 1138 ξ
1398 1095 1428 1130 1.
1459 1096 1592 1132 Omnes
1614 1101 1646 1131 et
1681 1097 1809 1143 singuli

1033 1143 1336 1178 administratores
1366 1154 1550 1179 causarum
1591 1143 1726 1189 piarum
1752 1150 1811 1180 aut

1034 1201 1172 1235 quoquo
1200 1190 1302 1225 modo
1327 1191 1370 1225 ad
1403 1190 1587 1226 Missarum
1621 1201 1727 1227 onera
1753 1192 1814 1226 im-

1035 1237 1161 1283 plenda
1187 1237 1342 1282 obligati.
1380 1237 1451 1273 sive
1485 1238 1709 1274 ecclesiastici
1741 1239 1813 1275 sive

1034 1284 1126 1327 laici,
1154 1285 1219 1320 sub
1244 1285 1374 1320 exitum
1401 1284 1587 1321 cuiuslibet
1611 1285 1712 1329 anni,
1732 1286 1812 1321 Mis-

1033 1342 1151 1366 sarum
1178 1342 1281 1367 onera
1309 1332 1436 1377 quibus
1454 1333 1612 1368 nondum
1641 1332 1742 1368 fuerit
1760 1345 1812 1370 sa-

1033 1379 1225 1419 tisfactum,
1254 1379 1326 1414 suis
1360 1377 1559 1415 Ordinariis
1596 1380 1736 1415 tradant
1762 1392 1813 1416 se-

1033 1427 1188 1462 cundum
1217 1427 1358 1461 modum
1389 1427 1432 1462 ab
1472 1427 1525 1462 bis
1560 1427 1812 1463 definiendum.

1081 1477 1099 1515 ἓ
1125 1473 1153 1507 ⁶3.
1184 1472 1253 1508 Hoc
1280 1478 1397 1509 autem
1424 1479 1561 1520 tempus
1600 1475 1647 1509 ita
1681 1480 1731 1510 est
1757 1487 1812 1511 ac-

1033 1520 1234 1567 cipiendum
1264 1526 1300 1555 ut
1327 1521 1362 1554 in
1392 1520 1506 1556 Missis
1536 1522 1578 1557 ad
1606 1522 1717 1557 instar
1743 1534 1813 1558 ma-

1034 1567 1192 1603 nualium
1231 1567 1395 1612 obligatio
1432 1579 1490 1603 eas
1527 1569 1723 1615 deponendi
1760 1570 1815 1606 de-

1032 1620 1148 1650 currat
1173 1627 1192 1650 a
1220 1615 1288 1650 fine
1314 1614 1408 1650 illius
1425 1615 1508 1650 anni
1530 1618 1623 1652 intra
1648 1627 1750 1662 quem
1778 1628 1812 1652 0-

1033 1673 1117 1697 nera
1138 1662 1272 1708 impleri
1301 1662 1528 1705 debuissent3
1568 1664 1605 1698 in
1640 1664 1812 1699 manuali-

1033 1709 1097 1745 bus
1124 1720 1215 1749 vero,
1246 1714 1319 1755 post
1344 1721 1480 1744 annum
1514 1721 1534 1745 a
1571 1711 1627 1746 die
1660 1711 1810 1757 suscepti

1033 1756 1163 1798 oneris,
1192 1756 1287 1792 salva
1325 1756 1463 1792 diversa
1500 1757 1719 1793 offerentium
1759 1769 1813 1793 vo-

1034 1804 1180 1840 luntate.

1080 1849 1165 1886 CAN.
1195 1848 1275 1885 84-2.
1303 1871 1345 1875 —
1375 1851 1428 1886 lus
1454 1856 1486 1886 et
1511 1851 1662 1886 officium
1680 1852 1812 1897 advigi-

1033 1898 1128 1933 landi
1153 1902 1189 1933 ut
1207 1909 1313 1933 onera
1332 1897 1516 1933 Missarum
1536 1898 1808 1943 adimpleantur,

1034 1945 1070 1979 in
1096 1945 1250 1980 ecclesiis
1268 1945 1497 1980 saecularium
1520 1946 1668 1991 pertinet
1685 1946 1728 1981 ad
1748 1946 1810 1982 loci

1034 1990 1285 2036 Ordinarium;
1315 1992 1350 2026 in
1378 1992 1618 2037 religiosorum
1645 1994 1811 2032 ecclesiis,

1032 2039 1075 2074 ad
1102 2050 1220 2075 eorum
1248 2038 1462 2085 Superiores.

1081 2085 1165 2122 CAN.
1195 2085 1261 2121 843
1292 2107 1307 2111 -
1337 2091 1355 2128 ξ
1391 2087 1417 2120 1.
1458 2086 1617 2122 Rectores
1654 2087 1811 2122 ecclesia—

1033 2145 1110 2169 rum
1137 2134 1355 2179 aliorumque
1383 2134 1517 2179 piorum
1556 2134 1707 2169 locorum
1740 2134 1811 2170 sive

1033 2181 1261 2216 saecularium
1291 2181 1362 2217 sive
1395 2181 1634 2226 religiosorum
1673 2181 1709 2216 in
1735 2182 1811 2227 qui-

1034 2229 1097 2263 bus
1115 2229 1336 2275 elemosynae
1354 2228 1537 2264 Missarum
1564 2229 1669 2275 recipi
1685 2228 1808 2268 solent,

1035 2275 1244 2321 peculiarem
1288 2276 1440 2311 habeant
1482 2275 1610 2311 librum
1661 2276 1696 2310 in
1743 2287 1811 2321 quo

1032 2327 1192 2358 accurate
1220 2327 1340 2358 notent
1377 2322 1563 2358 Missarum
1594 2327 1810 2368 receptarum

1033 2381 1229 2410 numerum,
1258 2370 1503 2411 intentionem,
1541 2370 1810 2417 eleemosynam.

1033 2417 1316 2453 celebrationem.

1081 2468 1099 2506 ξ
1125 2464 1155 2499 ⁶2.
1185 2463 1363 2500 Ordinarii
1404 2468 1568 2499 tenentur
1601 2463 1811 2508 obligatione

1033 2511 1182 2556 singulis
1207 2512 1328 2547 saltem
1355 2511 1460 2546 annis
1488 2511 1684 2546 huiusmodi
1705 2511 1810 2546 libros

1033 2559 1105 2594 sive
1125 2569 1183 2604 per
1202 2569 1237 2594 se
1255 2559 1327 2594 sive
1347 2569 1406 2604 per
1422 2558 1508 2594 alios
1527 2558 1806 2603 recognoscendi.

1080 2605 1165 2641 CAN.
1194 2604 1275 2640 844.
1297 2627 1341 2631 —
1367 2610 1386 2648 ξ
1415 2605 1451 2640 1:
1475 2603 1654 2641 Ordinarii
1673 2616 1810 2651 quoque

1034 2652 1187 2688 locorum
1225 2658 1256 2688 et
1296 2652 1498 2699 Superiores
1540 2652 1705 2697 religiosi,
1749 2653 1806 2697 qui

1036 2700 1182 2746 propriis
1219 2700 1368 2735 subditis
1408 2699 1530 2735 aliisve
1567 2698 1690 2734 Missas
1723 2700 1808 2735 cele-

1033 2747 1186 2782 brandas
1224 2748 1460 2788 committunt,
1499 2758 1584 2792 quas
1612 2746 1808 2792 acceperint

1034 2793 1157 2830 Missas
1183 2805 1260 2829 cum
1280 2835 1282 2837 ,
1300 2794 1372 2829 suis
1407 2793 1638 2840 eleemosynis
1674 2794 1742 2828 cito
1770 2793 1807 2827 in

1034 2841 1160 2876 librum
1203 2852 1261 2887 per
1298 2841 1456 2876 ordinem
1491 2840 1641 2876 referant
1671 2845 1808 2875 curent-
