1971 3261
97 2881 105 2898 ¹

194 141 263 174 526
566 138 650 172 LlB.
680 138 751 172 ΙΙΙ.
784 158 793 163 -
823 137 932 172 PARS
960 138 991 172 Ι.
1021 157 1033 163 -
1059 137 1405 181 DerSacramentis
1502 137 1595 174 Gan.
1624 138 1827 173 1035-1036

196 258 350 293 nialibus
384 256 566 303 applicari.
598 256 764 301 Ratioque
796 256 979 291 dubitandi
1008 260 1072 298 est,
1101 255 1184 301 quia.
1210 255 1316 291 Cone.
1346 255 1441 290 Trid.
1459 257 1471 278 1
1498 256 1706 301 generaliter
1736 270 1750 288 (ι
1770 256 1827 292 de-

196 317 314 358 clarat,
330 316 420 351 hanc
449 320 649 361 potestatem
680 319 843 360 perpetuo
869 314 903 349 in
927 314 1077 350 Ecclesia
1105 315 1225 350 fuisse.
1251 314 1341 350 utin
1361 319 1659 350 sacramentorum
1687 315 1827 361 dispen-

195 376 341 410 satione.
363 374 457 409 salva
485 373 623 408 illorum
652 373 860 411 substantia,
883 373 1069 417 (subducta
1096 372 1241 418 proinde
1268 372 1447 408 validitate
1471 372 1626 408 eiusdem
1654 373 1828 419 potestati)

194 446 233 469 ea
259 437 424 469 statueret
451 433 503 468 vel
531 437 693 474 mutaret,
716 443 804 478 quae
822 432 1093 478 suscipientium
1113 431 1254 467 utilitati
1275 443 1334 467 seu
1354 426 1827 478 ipsorumsacramentorum

196 492 424 533 venerationi,
441 502 500 538 pro
519 503 635 527 rerum
654 496 850 537 temporum
870 496 903 527 et
922 491 1077 526 locorum
1096 491 1263 527 varietate
1282 491 1394 536 magis
1419 491 1580 537 expedire
1607 490 1775 526 iudicaret
1794 483 1825 525 »ζ

197 552 299 597 Atqui
329 550 595 587 matrimonium
634 550 899 596 baptizatorum,
928 550 1020 596 quod
1052 549 1162 585 «iure
1187 550 1357 585 canonico
1383 549 1549 595 regitur»
1582 553 1677 592 (can.
1708 549 1826 594 1016),

199 610 395 646 «Christus
421 609 464 645 ad
492 608 703 644 sacramenti
740 608 947 653 dignitatem
976 608 1124 644 evexit»
1155 610 1248 651 (can.
1277 606 1381 650 1012,
1413 609 1432 654 ξ
1457 607 1505 653 ⁵2).
1536 608 1623 653 Ergo
1649 609 1723 644 eius
1748 608 1828 643 sub-

194 669 325 705 stantia
351 680 410 704 seu
447 668 623 707 validitas,
653 668 743 702 sicut
768 668 811 703 de
836 668 915 703 aliis
950 667 1180 702 sacramentis
1215 667 1381 708 vidimus,
1409 678 1480 702 non
1515 667 1663 713 pendeat
1696 672 1829 713 oportet

193 729 237 764 ab
264 728 435 763 Ecclesiae
463 732 629 773 potestate
656 727 906 773 impedimenta
937 730 1112 762 statuente
1139 737 1199 772 per
1225 738 1270 762 ss,
1295 737 1458 762 canones
1477 747 1521 753 —-
1549 725 1725 762 Dubitatio
1750 737 1827 762 eva-

195 788 303 824 nescit
323 787 349 821 si
372 787 606 833 perpendatur
625 786 786 832 specialis
805 786 909 821 huius
928 785 1139 821 sacramenti
1160 785 1371 826 substantia,
1392 796 1497 831 quam
1517 785 1666 831 perfecte
1685 785 1830 831 sculpsit

196 846 259 883 Leo
277 846 350 881 Xlll
372 846 425 880 his
444 846 558 881 verbis
576 846 611 879 2:
646 859 660 877 «
682 845 768 880 Nam
796 845 959 880 Christus
980 844 1149 879 Dominus
1175 844 1346 889 dignitate
1373 843 1589 881 Sacramenti
1625 844 1721 879 auxit
1756 855 1829 879 ma-

192 905 398 941 trimonium
421 918 453 951 »3
483 916 523 940 ac
549 905 705 940 notanda
741 904 864 940 verba:
895 903 1198 953 «matrimonium
1224 908 1341 939 autem
1376 908 1427 939 est
1459 903 1532 950 ipse
1566 908 1774 945 contractus,
1801 903 1827 937 si

195 965 295 1000 modo
334 965 378 999 sit
418 965 528 1000 factus
560 964 635 999 iure
655 975 688 1008 »3
718 963 872 999 scilicet:
901 962 1129 1003 immutabili,
1159 963 1260 1009 prout
1297 967 1348 998 est
1386 962 1559 1004 divinum,
1588 973 1626 997 ac
1654 961 1827 998 mutabili.

195 1029 293 1071 prout
319 1029 370 1060 est
398 1024 611 1066 humanum,
633 1027 722 1068 quod
744 1022 779 1057 in
801 1022 1010 1058 sacramenti
1033 1021 1233 1057 substantia
1251 1027 1302 1057 est
1320 1021 1542 1057 canonicum.
1561 1020 1650 1056 Hinc
1670 1021 1830 1067 quamvis

193 1084 257 1119 hoc
283 1087 453 1126 mutetur,
483 1082 642 1118 manebit
669 1093 807 1128 semper
831 1082 952 1117 eadem
974 1081 1172 1116 substantia
1191 1081 1296 1116 huius
1314 1080 1537 1121 sacramenti,
1556 1091 1705 1126 nempe:
1726 1080 1830 1126 «ipse

193 1142 408 1178 matrimonii
436 1146 650 1182 contractus,
681 1141 783 1176 modo
810 1141 854 1176 sit
881 1141 992 1176 faetus
1021 1141 1141 1176 iure».

312 1226 384 1269 His
409 1228 562 1283 positis,
588 1227 743 1282 optime
769 1224 1025 1268 rationabilis
1048 1228 1219 1280 apparet
1243 1223 1635 1280 impedimentorum
1663 1223 1827 1277 divisio,

193 1310 317 1355 quam
355 1296 406 1340 ab
440 1299 610 1354 antiquo
653 1297 878 1339 admissam
923 1295 1121 1349 declarat,
1156 1307 1246 1338 eam
1281 1295 1535 1338 confirmans
1568 1308 1658 1337 caii.
1695 1296 1828 1337 1036.

192 1369 219 1425 ξ
254 1371 287 1411 1.
327 1367 672 1426 lmpeclimeiitum
705 1366 953 1422 impedietis,
988 1369 1152 1423 proprie
1190 1368 1249 1410 sic
1289 1366 1444 1410 dictum
1482 1365 1534 1409 ob
1569 1368 1735 1409 unicum
1771 1366 1830 1409 ef-

194 1441 363 1489 fectum,
402 1438 617 1482 videlicet:
653 1438 695 1494 a)
727 1437 925 1494 continet,
962 1442 1124 1493 praeter
1161 1439 1420 1494 suppositum
1458 1439 1496 1479 in
1533 1449 1705 1493 persona
1741 1449 1828 1479 mo-
1889 1443 1891 1445 '

195 1513 343 1565 tivum,
366 1524 537 1567 ararem
560 1523 632 1553 seu
658 1512 696 1552 in
722 1511 973 1553 conscientia
1000 1513 1215 1565 urgentem
1249 1507 1326 1552 sub
1359 1509 1479 1564 gravi
1501 1506 1830 1565 prolm'bitionem

196 1579 476 1623 contrahendi
509 1580 846 1633 matrimom'zmi,
867 1582 932 1623 cui
968 1579 1102 1623 obstat
1136 1579 1258 1626 illud:
1295 1578 1336 1636 b)
1361 1578 1470 1636 quod
1496 1584 1631 1621 {anteit
1656 1578 1830 1621 irritum

196 1666 278 1695 'non
313 1651 454 1695 reddit
488 1654 599 1694 iuxta
646 1653 893 1708 principium
935 1664 983 1693 ex
1025 1663 1114 1707 cap.
1156 1650 1202 1692 16
1243 1650 1294 1693 de
1339 1650 1643 1706 regularibus..
1677 1651 1745 1693 cit.
1779 1649 1829 1700 si,

195 1737 277 1766 non
312 1722 501 1766 obstante
533 1721 846 1780 impedimento,
880 1721 1098 1765 videlicet:
1144 1720 1221 1764 hoc
1260 1723 1297 1764 in
1339 1723 1456 1777 praxi
1496 1720 1729 1778 posthabito
1763 1719 1828 1763 vel

194 1808 286 1838 cum
325 1799 495 1850 peccato
535 1794 596 1838 vel
633 1793 685 1837 ob
721 1795 998 1849 ignorantiam
1032 1795 1120 1836 sine
1154 1794 1272 1849 gravi
1310 1797 1439 1847 reatu,
1474 1790 1770 1836 contrahatur.

313 1865 344 1908 E
378 1870 519 1909 contra
554 1865 581 1922 ξ
614 1868 657 1908 2.
696 1863 1041 1922 Impedimeiilum
1074 1863 1293 1920 dirimens,
1327 1866 1386 1907 sic
1421 1865 1586 1920 proprie
1620 1874 1830 1918 nuncupa-

193 1942 278 1980 tum
314 1936 365 1980 ob
400 1936 575 1979 alterum
610 1937 804 1979 ellectum
841 1935 1087 1992 sibimetipsi
1124 1937 1351 1991 proprium,
1387 1936 1582 1978 convenit
1626 1947 1719 1977 cum
1756 1935 1827 1976 im-

195 2008 387 2064 pediente
432 2008 729 2064 impedimento
775 2010 812 2049 in
858 2020 906 2050 eo
950 2006 1058 2064 quod
1095 2008 1133 2062 a)
1166 2011 1205 2048 et
1234 2005 1426 2063 praviter
1455 2004 1648 2063 prohibet
1680 2004 1824 2047 inatri-

195 2078 377 2122 mom'mn
411 2077 762 2132 contrahendmn,
793 2080 900 2121 sicut.
933 2076 1138 2133 explicata
1174 2082 1234 2120 est
1278 2089 1352 2133 par
1394 2075 1576 2120 clausula
1618 2078 1656 2118 in
1690 2074 1736 2133 ἕο
1772 2074 1827 2124 10,

196 2149 238 2206 b)
273 2154 311 2192 et
346 2149 535 2207 impedit,
570 2151 625 2192 uti
661 2162 782 2192 casus
817 2154 917 2205 rege.
953 2150 1057 2192 citae.
1094 2147 1196 2191 luris
1231 2150 1268 2190 in
1305 2149 1362 2199 6⁰,
1397 2147 1632 2205 quominus,
1667 2148 1826 2189 etiamsi

193 2221 244 2264 de
278 2222 383 2264 tacto
419 2223 727 2263 matrimonium
755 2219 990 2263 celebretur
1013 2232 1106 2262 cum
1133 2218 1202 2262 tali
1227 2219 1537 2275 impedimento,
1561 2216 1701 2260 valide
1733 2230 1826 2260 con-

195 2290 407 2347 trahatur,
443 2292 551 2348 quod
588 2293 885 2348 praesupponit
918 2289 1051 2346 legem
1088 2289 1165 2333 hoc
1201 2289 1543 2346 impedimentum
1578 2292 1824 2332 statuentem

192 2362 376 2406 clausula
403 2362 690 2406 inliabilitante
715 2363 865 2405 muniri
890 2374 1128 2417 «expresse
1154 2361 1218 2404 vel
1239 2360 1596 2417 aequivalenter»
1617 2363 1724 2413 (can.
1744 2359 1825 2411 tt).

195 2460 245 2464 —
282 2434 654 2477 Animadvertatur
691 2446 788 2476 vero
822 2445 915 2476 cum
943 2431 988 2474 D.
1014 2431 1122 2475 Th.³
1155 2433 1266 2476 circa
1304 2430 1475 2475 verbum
1508 2431 1752 2474 «dirimens
1777 2446 1823 2474 »ι

193 2505 350 2562 «quod
387 2504 682 2561 impedimenta
709 2504 917 2560 praedicta
952 2516 1032 2545 nou
1067 2503 1263 2546 dicuntur
1286 2503 1484 2545 dirimere
1516 2503 1823 2545 matrimonium

193 2580 469 2629 contractum,
492 2577 607 2632 quasi
642 2574 848 2618 solventia
886 2587 1030 2617 verum
1058 2575 1384 2627 matrimonium,
1409 2573 1519 2629 quod
1556 2575 1631 2615 rite
1663 2575 1824 2615 contra—

193 2651 304 2690 ctum
339 2651 457 2689 antea
491 2648 555 2700 sit,
590 2646 660 2689 sed
697 2648 793 2702 quia
826 2643 1164 2701 solvunt(idest:
1200 2645 1361 2686 irritum
1398 2642 1595 2698 reddunt)
1617 2643 1825 2685 matrimo-

193 2718 306 2759 nium
343 2717 452 2773 quod
488 2720 748 2760 contractum
783 2720 845 2758 est
877 2715 927 2758 de
962 2715 1067 2758 facto
1101 2718 1140 2757 et
1172 2727 1251 2757 non
1276 2713 1327 2756 de
1351 2715 1453 2756 iure.
1478 2712 1594 2757 Unde
1629 2714 1660 2755 si
1695 2714 1823 2767 impe-

311 2836 322 2856 1
350 2834 441 2880 Cap.
470 2836 492 2868 2
518 2845 612 2868 sess.
642 2833 752 2868 XXI.
776 2852 817 2859 -—-
844 2833 858 2855 ²
884 2832 998 2866 LittS.
1028 2831 1194 2877 encycls.
1222 2847 1235 2861 ‹
1257 2831 1452 2865 Arcanum
1471 2846 1484 2860 »
1519 2830 1562 2864 10
1587 2829 1677 2863 Feb.
1710 2828 1816 2863 1880.

194 2902 235 2906 -
264 2882 277 2902 ³³
306 2881 438 2927 Suppl.
466 2894 500 2927 q.
531 2882 562 2915 L
587 2890 660 2916 art.
687 2892 754 2914 un.
784 2879 831 2914 ad
858 2880 919 2914 7¹¹³.
