1971 3261
218 147 287 182 418
618 149 701 184 Lm.
732 150 798 184 [Π.
825 170 837 176 -
864 149 973 185 PARS
998 150 1027 186 I.
1053 171 1066 176 -
1091 150 1149 186 De
1173 151 1438 187 sacramentis
1653 153 1747 190 Can.
1772 155 1845 189 984

216 267 302 302 dens
329 267 496 311 ungulam
523 267 650 302 avulsit
675 268 719 303 ab
745 279 784 304 eo
803 282 843 304 »ε
870 279 911 304 30
936 268 1171 315 respondetS.
1195 269 1370 306 Pontifex:
1391 285 1409 304 «
1428 269 1598 315 Quocirca
1616 272 1838 313 mandamus,

215 331 387 371 quatenus
413 326 440 360 si
467 326 510 361 ad
539 327 768 372 frangendam
796 327 1050 364 Eucharistiam
1076 327 1120 363 sit
1146 328 1182 363 in
1210 328 1332 375 pollice
1358 329 1432 376 ipso
1460 335 1593 376 potens,
1621 336 1655 367 et
1668 331 1763 367 aliud
1781 342 1836 367 ca-

214 385 380 420 nonicum
410 395 478 420 non
505 385 658 427 obsistat,
686 391 825 432 propter
850 386 1106 423 deformitatem
1132 387 1331 424 huiusmodi
1359 399 1429 424 non
1455 389 1623 432 dimittas,
1650 390 1736 436 quin
1753 401 1834 426 eum

213 444 256 479 ad
273 443 433 479 ordinem
452 455 654 490 promoveas
673 444 869 480 Sacerdotis
888 459 918 479 ».

330 502 371 538 Et
396 503 451 538 hic
478 503 654 548 legislator
678 504 797 539 innuit
822 505 890 540 duo
925 505 1068 549 motiva,
1101 506 1346 552 impotentiam
1379 512 1413 543 et
1443 508 1712 551 deformitatem,
1749 521 1838 556 quae

212 567 329 598 tamen
357 562 394 596 in
420 572 501 597 casu
529 573 599 597 non
626 563 712 598 adeo
737 574 866 608 magna
892 568 992 599 erant
1017 569 1055 600 ut
1081 565 1278 601 sufficereut
1296 576 1357 612 pro
1374 566 1572 603 exclusione
1589 567 1633 603 ab
1653 568 1837 605 ordinibus

212 621 458 667 suscipiendis.
489 621 641 657 Positive
666 627 781 657 autem
810 624 1002 668 loquuntur
1027 623 1085 658 alii
1112 623 1181 659 duo
1207 635 1372 660 canones.

331 680 468 715 Primus
493 685 545 716 est
571 680 700 716 innoci.
725 681 765 716 111
794 681 828 715 111
858 682 892 716 11.
922 686 946 716 t.
980 696 995 715 «
1015 681 1210 729 Exposuisti
1238 683 1338 719 nobis
1364 685 1455 731 quod
1482 686 1723 732 praedecessor
1753 691 1835 722 tuus

211 739 253 776 H.
282 740 319 775 in
347 740 518 776 Abbatem
545 740 727 786 promovit,
753 741 914 776 nesciens
940 742 1031 787 quod
1059 742 1132 788 ipse
1157 747 1248 778 esset
1275 754 1382 779 manu
1406 745 1515 780 altera
1543 745 1736 781 mutilatus.
1765 745 1834 782 Nos

210 800 316 845 igitur
343 800 549 835 fraternitati
576 804 656 836 tuae
681 800 796 836 taliter
822 801 1085 847 respondemus,
1115 802 1205 847 quod
1232 813 1312 837 cum
1343 814 1403 849 pro
1433 808 1505 839 tam
1535 804 1668 839 enormi
1699 804 1834 841 defectu

208 858 251 894 ad
277 869 393 894 sacros
419 870 489 894 non
517 858 624 904 possit
654 859 793 895 ordines
813 860 1003 905 promoveri
1026 874 1090 894 »...
1111 860 1207 896 Alter
1227 871 1341 896 canon
1360 861 1503 907 Eugenii
1525 861 1639 908 Papae
1657 863 1836 899 invenitur

210 918 246 953 in
273 918 324 953 tit.
350 918 392 953 de
418 918 541 954 clerico
566 922 766 963 aegrotante
793 919 845 954 vel
871 918 1051 954 debilitato
1080 919 1147 963 (111,
1176 920 1224 963 6),
1250 920 1402 956 scilicet:
1435 934 1451 953 «
1472 921 1716 968 Presbyterum
1734 922 1834 958 cuius

207 977 293 1013 duos
318 977 444 1023 digitos
470 988 548 1013 cum
577 977 761 1013 medietate
788 978 922 1024 palmae
947 989 967 1013 a
986 978 1159 1024 praedone
1176 979 1347 1015 abscissos
1365 979 1583 1025 significasti,
1602 980 1742 1016 Missam
1761 992 1832 1017 non

207 1036 442 1083 permittimus
467 1036 640 1072 celebrare
660 1048 701 1070 ›>:
730 1036 926 1083 prohibitus
951 1048 1032 1082 ergo
1056 1042 1130 1073 erat
1156 1037 1235 1073 talis
1262 1038 1451 1085 presbyter,
1476 1044 1509 1074 et
1535 1039 1674 1085 quidem
1697 1044 1835 1086 propter

207 1095 393 1131 ministerii
419 1096 508 1131 sacri
537 1096 715 1137 decorem;
744 1107 827 1131 nam
854 1096 1078 1141 subiungitur
1104 1100 1141 1131 ut
1166 1097 1254 1133 ratio
1287 1111 1303 1130 «
1330 1098 1414 1143 quia
1447 1109 1511 1134 nec
1545 1109 1663 1134 secure
1697 1104 1834 1146 propter

206 1154 433 1200 debilitatem,
463 1165 527 1191 nec
552 1155 628 1190 sine
653 1155 819 1190 scandalo
845 1160 983 1201 propter
1008 1155 1264 1192 deformitatem
1280 1156 1441 1199 membri,
1463 1157 1526 1192 hoc
1547 1157 1618 1193 fieri
1640 1169 1738 1204 posse
1751 1169 1833 1194 con-

206 1214 347 1250 fidimus
365 1228 394 1248 n.
425 1213 561 1258 Quibus
589 1214 723 1250 duobus
751 1214 888 1250 motivis
913 1214 941 1249 si
967 1215 1117 1250 addatur
1141 1226 1181 1250 ex
1208 1215 1267 1250 cit.
1295 1226 1430 1252 canone
1464 1216 1657 1252 innocentii
1693 1216 1736 1252 ΙΙΙ
1767 1217 1831 1252 1111-

208 1274 418 1319 possibilitas
451 1274 642 1320 exequendi
679 1273 913 1309 ministerium
948 1274 991 1309 ob
1018 1274 1166 1310 membri
1193 1275 1406 1317 carentiam;
1436 1275 1606 1311 babemus
1631 1287 1672 1312 ea
1697 1287 1786 1322 quae
1811 1287 1831 1311 a

207 1331 245 1367 D.
275 1332 407 1368 Thoma
432 1337 637 1368 enumerata
664 1333 814 1368 fuerant.
845 1333 883 1368 Et
909 1344 979 1368 non
1006 1337 1144 1369 tantum
1171 1333 1261 1369 valet
1279 1333 1423 1379 Eugenii
1442 1345 1555 1370 canon
1570 1334 1612 1371 de
1630 1335 1831 1382 presbytero

204 1392 275 1428 iam
307 1392 479 1433 ordinato,
516 1392 575 1428 sed
613 1392 656 1428 ad
687 1393 939 1438 cuiuscumque
964 1392 1098 1428 ordinis
1125 1393 1380 1439 susceptionem
1408 1393 1596 1440 prohibitio
1621 1394 1830 1437 extenditur,

203 1462 283 1487 cum
310 1451 405 1487 enim
432 1451 468 1486 111
495 1451 664 1487 11οᾱ101113
688 1452 876 1498 disciplina
901 1452 972 1486 sint
996 1452 1125 1497 gradus
1149 1452 1193 1487 ad
1220 1450 1473 1495 Sacerdotium,
1501 1453 1599 1488 cuius
1625 1453 1831 1500 principalis

203 1515 301 1546 actus
326 1515 377 1546 est
402 1522 605 1547 consecrare
630 1522 755 1557 corpus
780 1516 813 1546 et
839 1510 1047 1556 sanguinem
1075 1509 1218 1553 Christi,
1239 1512 1396 1557 sequitur
1414 1511 1587 1558 prohiberi
1609 1517 1746 1559 propter
1765 1513 1830 1548 mi-

203 1569 339 1605 nisterii
373 1570 604 1606 reverentiam
638 1569 682 1605 ab
710 1570 932 1605 inferioribus
957 1569 1153 1612 ordinibus,
1179 1570 1238 1616 qui
1265 1571 1496 1607 removendus
1522 1576 1571 1606 est
1598 1582 1617 1607 a
1644 1571 1829 1618 principali

202 1633 281 1664 actu
308 1629 503 1665 sacerdotii.

320 1687 387 1724 Nec
417 1688 530 1724 obstat
560 1689 651 1734 quod
679 1688 915 1734 irregularitas
940 1692 992 1724 est
1017 1688 1146 1729 totalis,
1174 1693 1207 1724 et
1233 1692 1351 1723 tamen
1378 1688 1416 1723 in
1443 1688 1513 1724 fine
1539 1689 1656 1735 capitis
1683 1689 1703 1724 2
1730 1690 1825 1725 citati

202 1746 377 1792 Eugenius
402 1747 470 1789 ait:
505 1761 519 1780 <r
540 1747 656 1793 ipsum
682 1751 798 1783 autem
825 1747 947 1782 ceteris
973 1747 1093 1782 officiis
1119 1747 1391 1782 sacerdotalibus
1417 1747 1515 1792 fungi
1542 1748 1689 1783 minime
1714 1748 1827 1794 prohi-

201 1806 323 1842 bemus
344 1821 374 1841 ».
404 1806 496 1842 Haec
521 1807 616 1842 enim
642 1811 693 1842 est
720 1797 944 1850 indulgentia
963 1806 1050 1842 iuris
1076 1806 1188 1852 quoad
1207 1806 1398 1850 ordinatos,
1421 1806 1690 1842 fundamentum
1708 1807 1826 1853 aequi-

200 1865 281 1900 tatis
307 1865 439 1901 habens
467 1865 557 1900 idem
584 1866 675 1911 quod
702 1865 739 1900 111
766 1876 796 1900 0.
826 1863 846 1899 5
872 1865 1026 1901 eiusdem
1054 1865 1105 1900 tit.
1132 1864 1281 1900 traditur
1307 1865 1420 1911 quoad
1451 1878 1467 1897 α
1487 1864 1694 1911 Episcopum
1728 1865 1823 1911 gravi

199 1930 232 1961 et
257 1925 442 1961 incurabili
470 1926 590 1961 morbo
619 1926 687 1961 fere
714 1936 773 1971 per
799 1924 1072 1971 quadriennium
1100 1924 1329 1966 laborantem,
1356 1924 1404 1960 ita
1430 1925 1521 1970 quod
1549 1924 1720 1970 pastorale
1753 1924 1826 1960 offi—

199 1985 290 2022 cium
326 1996 396 2021 non
431 1990 547 2031 posset
581 1985 785 2020 nullatenus
811 1994 967 2019 exercere
986 1995 1027 2018 »ε
1056 1983 1114 2018 ubi
1141 1983 1244 2018 etiam
1273 1982 1391 2018 subdit
1416 1982 1537 2018 innoc.
1566 1983 1626 2018 lll:
1658 1997 1673 2016 «
1696 1982 1823 2019 Verum

198 2058 278 2082 cum
304 2046 418 2091 ipsum
445 2045 488 2080 ad
515 2044 707 2080 cessionem
733 2043 936 2090 compellere
960 2053 1032 2078 non
1060 2042 1181 2088 possis,
1208 2053 1272 2078 nec
1297 2041 1423 2077 debeas
1449 2042 1519 2078 ullo
1546 2042 1660 2085 modo,
1688 2044 1736 2088 (et
1767 2053 1826 2078 no-

197 2106 305 2142 tanda
330 2105 432 2146 ratio)
459 2115 523 2140 nec
548 2104 674 2139 afflicto
700 2103 842 2138 afflictio
869 2102 913 2137 sit
937 2102 1110 2143 addenda,
1140 2103 1210 2137 imo
1236 2101 1350 2148 potius
1385 2101 1494 2147 ipsius
1527 2101 1689 2137 miseriae
1720 2102 1824 2139 mise-

197 2165 360 2206 rendum,
388 2176 426 2200 eo
453 2164 543 2210 quod
563 2163 653 2199 idem
673 2163 724 2197 vir
742 2163 854 2198 bonus
867 2161 1029 2203 extiterit,
1049 2166 1081 2197 et
1100 2160 1288 2196 Ecclesiam
1307 2160 1493 2196 salubriter
1512 2160 1576 2196 sibi
1597 2161 1822 2197 commissam

197 2224 441 2269 gubernaverit
458 2238 471 2256 »

314 2331 429 2375 Hanc
463 2332 713 2388 aequitatem
746 2327 886 2372 Codex
919 2329 1105 2371 servavit
1137 2326 1294 2370 addens
1327 2328 1367 2368 in
1401 2338 1580 2369 canone:
1605 2324 1669 2368 Ad
1691 2325 1816 2383 impe·

194 2402 393 2447 diemlum
438 2407 573 2444 {dinen
607 2399 855 2442 eatercitium
887 2398 1051 2442 ordinis
1085 2396 1284 2454 leyihnm,
1316 2409 1409 2440 nam
1444 2409 1493 2440 ex
1529 2398 1717 2453 corporis
1749 2396 1820 2439 de·
1886 2426 1893 2434 ,

193 2475 301 2517 fectu
335 2471 619 2529 irregularitas
643 2484 721 2514 non
745 2470 980 2526 dispensata
1005 2473 1044 2512 et
1067 2471 1248 2511 existens
1270 2471 1364 2510 ante
1387 2467 1689 2510 ordinationem
1714 2465 1816 2509 rela-

194 2547 402 2589 xationem
437 2543 541 2586 hanc
575 2555 655 2585 11011
689 2544 1028 2598 consequeretur,
1066 2544 1247 2582 «tamen
1282 2538 1331 2582 ad
1372 2539 1617 2581 exercitium
1661 2537 1819 2580 ordinis

192 2615 377 2672 legitime
399 2630 421 2655 ))
448 2613 604 2671 recepti
626 2613 734 2670 quod
759 2609 917 2666 attinet,
941 2624 1012 2654 seu
1037 2609 1088 2653 ob
1106 2610 1471 2666 supervenientem
1491 2608 1701 2652 defectum
1720 2620 1816 2650 cum

197 2703 219 2728 «
242 2685 547 2742 irregularitate
580 2688 669 2740 post
702 2683 1002 2726 ordinationem
1037 2682 1161 2724 etiam
1184 2682 1271 2723 sine
1295 2681 1461 2736 propria
1485 2678 1605 2735 culpa
1629 2681 1813 2721 exorta»

193 2759 302 2816 (can.
338 2756 421 2799 968
453 2757 475 2811 ξ
508 2755 564 2811 ⁶2).
599 2753 639 2810 3)
670 2753 846 2810 qravior
877 2751 1115 2809 requiritur
1136 2749 1323 2808 desectus
1347 2749 1415 2793 illo
1439 2752 1509 2807 qui
1533 2749 1742 2792 sufficeret
1766 2747 1817 2791 ad

192 2826 499 2885 impediendam
534 2824 850 2878 ordinationem,
885 2822 928 2880 b)
962 2835 1093 2879 neque
1125 2820 1171 2864 ob
1206 2819 1313 2863 hunc
1345 2819 1548 2878 desectum
1587 2833 1623 2862 v.
1658 2832 1719 2875 gr.
1744 2820 1817 2860 im-

193 2899 363 2955 pediens
397 2899 544 2940 missae
577 2894 897 2938 celebrationem
931 2891 1209 2950 prohibentur
1240 2896 1372 2942 (ictus,
1399 2904 1436 2935 v.
1457 2904 1519 2946 gr.
1538 2889 1694 2933 auditio
1717 2900 1812 2931 con-
