1971 3261
170 115 241 148 610
575 112 660 146 L1ss.
688 112 761 146 III.
790 131 803 137 -
830 111 941 147 PAizs
967 112 997 146 I.
1028 131 1040 137 -
1065 111 1124 147 De
1148 111 1413 148 &loramentis
1587 113 1680 149 Gan.
1706 113 1800 149 1087

167 247 272 291 quae
305 235 443 276 omnia
477 232 727 290 quandoque
760 244 934 288 gravem
967 233 1135 287 faciunt,
1160 246 1239 276 non
1270 233 1558 277 tantummodo
1597 238 1799 277 «metum

167 307 280 362 qui...
313 303 506 347 debuerit
538 303 689 346 cadere
723 304 762 345 in
797 307 1053 346 constantem
1093 305 1291 358 virum»,
1323 309 1444 360 prout
1492 306 1690 360 exprimit
1737 303 1803 347 ln-

167 389 256 419 noc.
292 374 343 417 Ill
378 376 415 416 in
450 387 540 430 cap.
574 373 612 429 4,
649 373 773 430 (sicut
811 389 831 415 «
857 378 991 417 metus
1014 376 1158 417 mortis
1184 374 1246 417 vel
1272 374 1323 418 de
1346 377 1532 418 cruciatu
1557 377 1802 432 corporis»,

166 458 272 503 quae
307 446 388 489 duo
423 445 575 488 damna
608 447 721 488 iuxta
756 457 845 501 cap.
873 446 896 487 6
932 444 1047 488 illum
1082 450 1237 488 metum
1272 450 1458 500 causant,
1485 446 1556 489 sed
1592 459 1671 489 non
1705 451 1802 489 sunt

167 516 381 559 exclusiva
401 515 577 558 aliorum
602 529 637 557 v.
658 529 718 572 gr.
739 516 790 559 de
809 518 1031 559 amissione
1050 518 1285 572 patrimonii
1311 516 1387 560 sub
1430 529 1519 573 cap.
1556 517 1579 560 ἱ)
1614 517 1802 560 eiusdem

167 585 240 629 Tit.
277 586 367 641 (40,
403 585 432 639 l)
468 601 490 627 «
513 586 564 629 de
598 586 659 629 llis
691 599 798 643 quae
836 589 872 628 vi
910 591 1099 630 metusve
1131 599 1255 630 causa
1289 588 1391 630 liunt
1413 587 1470 643 ))),
1498 600 1641 630 verum
1676 589 1804 631 etiam

168 661 324 700 metum
357 656 694 710 reverentialem,
728 658 797 714 qui
831 658 971 699 existit
1003 657 1168 713 quando
1203 669 1377 712 persona
1411 657 1565 715 aliquid
1601 657 1697 701 facit
1733 657 1796 701 vel

167 729 332 782 omittit,
365 731 405 770 et
437 727 488 770 ad
524 740 611 770 rem
645 731 827 770 nostram
853 727 961 784 quod
996 729 1154 781 attinet,
1181 729 1489 771 matrimonium
1525 727 1806 772 contrahitob·

167 801 360 841 timorem
393 798 629 841 offendendi
663 811 898 854 personam,
929 801 994 842 cui
1031 801 1308 842 reverentiam
1346 804 1556 855 praestare
1599 799 1736 851 debet,
1769 802 1803 843 si

167 868 330 912 debitae
363 871 626 912 reverentiae
659 871 937 925 coniungatur
959 883 1008 913 ex
1034 874 1150 926 parte
1183 872 1412 925 superioris
1434 872 1629 913 continua
1662 869 1804 914 obiur-

167 942 291 996 gatio,
326 952 398 983 seu
437 942 615 995 vexatio,
651 942 787 983 minae
821 944 860 983 et
892 941 1087 983 diuturna
1122 940 1305 995 oflensio‚
1341 940 1406 984 vel
1443 941 1601 997 rigidae
1644 953 1692 985 ac
1724 943 1800 984 im-

169 1015 369 1067 portunae
394 1014 683 1067 persuasiones
714 1014 867 1054 austeri
904 1014 1085 1067 parentis
1110 1011 1173 1055 vel
1198 1014 1440 1068 superioris,
1464 1014 1529 1056 cui
1566 1015 1697 1056 resisti
1722 1026 1806 1056 non

167 1082 282 1125 solet.
317 1081 402 1125 Sub
436 1081 498 1125 his
531 1084 855 1125 circumstantiis
890 1087 1021 1138 potest
1055 1087 1188 1126 metus
1221 1085 1410 1137 excitari,
1437 1085 1506 1140 qui
1543 1085 1581 1126 in
1615 1085 1800 1126 animum

169 1153 238 1195 tilii
278 1153 341 1196 vel
376 1152 529 1197 sudeti
564 1153 668 1196 adeo
703 1154 859 1198 influat.
894 1158 937 1196 ut
970 1153 1079 1196 tilius
1116 1153 1178 1197 vel
1215 1153 1405 1197 subditus
1438 1167 1516 1197 non
1542 1154 1719 1211 amplius
1751 1157 1801 1198 sit

170 1224 329 1267 consilii
364 1226 425 1267 sui
459 1224 666 1280 dominus,
703 1237 818 1267 mens
850 1225 1042 1280 trepidet,
1076 1228 1116 1268 et
1150 1227 1281 1280 impos
1315 1225 1385 1268 liat
1420 1224 1631 1268 moraliter
1669 1225 1807 1269 alieno

173 1295 391 1338 resistendi
425 1297 611 1352 imperio.
663 1294 783 1339 Hunc
819 1309 918 1338 vero
968 1300 1122 1338 metum
1161 1295 1286 1339 veluti
1336 1308 1509 1352 gravem
1560 1301 1803 1352 reputarunt

169 1365 323 1414 Lesius‚
347 1366 530 1410 Sanchez
563 1370 603 1409 et
625 1367 661 1410 S.
689 1365 730 1410 C.
755 1365 797 1411 C.
834 1368 871 1409 iu
899 1366 1086 1423 pluribus
1120 1366 1440 1410 resolutionibus
1463 1371 1587 1424 atque
1620 1367 1659 1411 S2
1684 1367 1805 1411 Rom.

167 1437 270 1481 Rota
296 1442 588 1495 praeterquam
625 1440 663 1480 in
689 1437 779 1481 aliis
813 1440 962 1491 causis,
987 1440 1025 1480 in
1053 1450 1130 1481 una
1158 1437 1452 1495 Veszprimien.
1478 1451 1618 1482 coram
1653 1437 1760 1494 Lega
1785 1438 1798 1460 ¹

167 1513 206 1551 et
242 1507 386 1551 ultimo
421 1511 458 1551 in
493 1507 763 1564 Neopolitana
797 1521 938 1552 coram
974 1509 1089 1551 Prior
1113 1508 1140 1552 ².
1179 1508 1351 1552 Demum
1387 1509 1627 1566 qualitatem
1662 1508 1806 1552 huius—

169 1578 280 1622 modi
314 1583 448 1622 metus
483 1579 665 1635 prudens
697 1579 932 1623 aestimabit
966 1580 1106 1634 iudex,
1139 1579 1333 1624 omnibus
1375 1582 1700 1624 circumstantiis
1743 1582 1805 1623 in·

167 1652 331 1706 specus,
356 1655 442 1693 tum
467 1663 574 1708 quae
597 1663 641 1693 se
666 1651 849 1694 referunt
882 1651 933 1694 ad
968 1653 1096 1707 ipsius
1121 1656 1254 1694 metus
1284 1653 1438 1694 incursi
1462 1653 1690 1707 entitatem,
1715 1655 1804 1694 tum

167 1733 274 1778 quae
309 1721 496 1776 pandunt
530 1721 773 1764 relationem
822 1721 1128 1779 qualitatesque
1163 1734 1434 1778 personarum
1470 1723 1708 1765 incutientis
1754 1734 1806 1766 ac
1873 1744 1876 1747 ·
1939 1741 1956 1794 g!

167 1795 360 1848 patientis
395 1798 564 1838 metum.
598 1792 710 1837 Haec
743 1793 951 1837 sufficiant
973 1793 1024 1836 de
1047 1795 1254 1849 gravitate
1290 1798 1445 1848 metus3
1481 1793 1804 1850 explicationem¹

166 1868 304 1907 autem
338 1866 537 1920 optimam
572 1863 782 1907 clausulae
816 1866 916 1907 iuris
951 1864 1238 1920 praecedentis
1272 1867 1310 1907 in
1345 1864 1497 1908 Codice
1532 1865 1710 1908 omissae
1743 1865 1804 1907 of·

167 1935 245 1977 fert
279 1934 430 1991 legenti
465 1934 511 1977 D.
545 1934 724 1978 Thomas
748 1934 774 1977 ³.

285 2004 416 2050 Causa
452 2010 586 2049 metus
634 2010 767 2063 potest
814 2020 904 2050 esse
940 2006 1003 2050 vel
1036 2006 1380 2064 supernaturalis,
1414 2008 1446 2050 si
1491 2006 1645 2050 malum
1689 2006 1799 2064 quod

167 2077 249 2120 tide
281 2076 589 2133 apprehensum
623 2079 806 2129 timetur,
840 2081 901 2120 est
934 2076 1029 2121 boni
1063 2077 1392 2134 supernaturalis
1427 2079 1699 2134 privativum,
1734 2090 1800 2120 ex.

167 2161 227 2203 gr.
262 2147 466 2204 gehenna,
500 2152 577 2191 etc.
613 2147 691 2191 hoc
723 2150 833 2190 enim
867 2152 929 2191 est
963 2147 1117 2191 malum
1151 2149 1463 2205 gravissimum,
1487 2160 1535 2191 ac
1561 2147 1734 2204 proinde
1766 2149 1803 2191 si

167 2217 506 2274 apprehendatur
540 2220 596 2261 uti
631 2222 744 2261 certo
778 2220 1001 2262 imminens
1034 2220 1256 2262 constituet
1290 2223 1444 2262 metum
1479 2230 1683 2275 gravem3
1733 2217 1802 2261 vel·

166 2288 380 2344 naturalis,
414 2290 446 2331 si
482 2288 636 2332 malum
685 2293 746 2332 est
795 2288 982 2333 naturale
1018 2303 1055 2331 v.
1089 2303 1149 2346 gr.
1187 2302 1310 2343 mors,
1344 2291 1568 2342 cruciatuS,
1603 2293 1680 2334 etc.
1715 2288 1802 2333 lam

167 2372 267 2403 vero
301 2361 610 2403 matrimonium
645 2373 696 2403 ex
727 2365 837 2404 metu
870 2360 1191 2417 supernaturali,
1218 2367 1443 2418 utcumque
1475 2362 1610 2417 gravi,
1635 2362 1803 2415 initum,⁴

166 2443 205 2473 v.
229 2444 289 2486 gr.
327 2435 369 2473 ut
401 2432 493 2487 quis
525 2430 714 2474 consulat
747 2433 1026 2475 conscientiae
1049 2443 1161 2485 suae,
1195 2436 1257 2475 est
1283 2431 1482 2475 validum.
1516 2430 1805 2475 Laudabiliter

166 2503 276 2544 enim
311 2505 350 2544 et
382 2501 613 2544 secundum
647 2503 786 2545 omnia
821 2504 910 2545 iura
944 2503 1256 2545 matrimonium
1290 2501 1459 2558 eligitur
1504 2501 1555 2545 ad
1588 2514 1802 2545 summum-

166 2571 319 2614 malum
348 2571 578 2614 vitandum.
612 2571 787 2628 Insuper
811 2577 946 2616 metus
968 2574 1109 2628 gravis
1134 2571 1334 2616 naturalis
1358 2576 1418 2616 est
1441 2571 1505 2616 vel
1538 2571 1590 2616 ab
1614 2571 1797 2628 homine,

166 2641 229 2685 vel
264 2654 286 2685 a
320 2654 444 2686 causa
479 2644 724 2695 necessaria,
748 2644 838 2686 sive
871 2644 1094 2687 intrinseca
1128 2645 1217 2686 sive
1250 2645 1499 2697 extrinseca,
1532 2656 1597 2686 ex.
1623 2656 1684 2699 gr.
1721 2656 1806 2686 me»

163 2717 230 2756 tus
263 2714 406 2756 mortis
453 2725 503 2755 ex
554 2712 699 2756 morbo
746 2717 817 2757 aut
864 2726 915 2757 ex
947 2713 1178 2770 naufragio.
1213 2710 1371 2758 Omnes
1401 2713 1626 2757 admittunt
1660 2712 1804 2757 valere·

287 2819 299 2840 1
326 2818 348 2850 2
374 2817 463 2851 Iun.
494 2818 598 2861 1911,
627 2817 703 2852 CO.
733 2818 799 2860 IV,
829 2820 907 2854 113.
953 2839 995 2844 -—
1038 2818 1052 2840 2
1080 2818 1123 2852 15
1150 2818 1249 2854 Nov.
1280 2818 1385 2861 1918,
1414 2817 1489 2853 CO.
1527 2818 1599 2862 XI,
1627 2817 1710 2852 290.
1754 2837 1804 2842 -‚

171 2866 184 2888 3
209 2866 231 2899 4
259 2865 368 2899 Sent.
398 2864 501 2899 Dist.
531 2864 683 2908 XXIX,
712 2877 747 2910 q.
776 2877 845 2900 un.
873 2878 895 2900 a
920 2867 941 2899 2
967 2877 1070 2910 corp.
1099 2869 1139 2900 et
1164 2865 1212 2900 ad
1237 2867 1286 2899 2¹¹⁰
1313 2869 1352 2899 et
1379 2865 1442 2900 3¹1¹.
