1971 3261
236 133 307 168 374
641 132 724 166 [ΑΒ.
755 132 826 165 III.
857 152 869 157 -
899 132 1007 166 PARS
1033 132 1051 166 Ι
1095 152 1105 158 -
1134 133 1188 167 De
1213 133 1478 168 Sator-amentis
1674 134 1767 171 Gan.
1794 136 1865 170 964

355 251 485 295 Simili
520 253 643 293 etiam
679 251 801 294 modo
835 251 1065 294 secundum
1100 254 1311 308 antiquam
1346 253 1688 296 consuetudinem
1726 252 1866 298 «Cho-

240 325 475 379 repiscopos
511 323 800 377 praeceptione
835 327 996 377 oportet
1029 321 1219 379 Episcopi
1253 335 1501 379 promovere
1535 322 1708 367 lectores
1731 341 1769 366 ».
1816 324 1864 368 Hi

238 392 546 449 Chorepiscopi‚
579 394 772 449 quamvis
818 392 1048 449 presbyteri
1095 397 1251 436 tantum
1294 395 1388 447 sint,
1422 394 1615 437 fruuntur
1646 395 1782 439 adhuc
1825 397 1863 438 in

239 463 412 507 ecclesia
447 462 634 505 orientali
671 467 870 518 potestate
893 463 1112 506 ordinandi
1146 463 1320 507 clericos
1356 476 1484 521 usque
1509 464 1558 507 ad
1593 464 1865 509 subdiacona-

241 539 325 577 tum
362 533 577 577 inclusive.

357 604 398 646 ln
433 603 615 647 Ecclesia
655 618 754 648 vero
787 605 1047 659 occidentali,
1083 605 1218 649 innoc.
1252 605 1303 648 ΙΙΙ
1337 609 1374 648 in
1410 619 1500 662 cap.
1538 606 1585 648 11
1619 606 1708 649 «de
1732 610 1865 650 aetate

239 679 278 717 et
311 674 506 732 qualitate
535 680 573 718 et
611 675 756 719 ordine
790 676 1205 731 praeficiendorum»
1244 676 1292 734 (l,
1315 676 1387 734 14)
1421 676 1571 733 allegat
1606 677 1863 733 praedictum

239 758 438 788 canonem
474 744 701 789 Nicaenum
734 746 869 803 quoad
895 746 1089 802 Abbates,
1114 747 1387 790 concludens:
1429 763 1449 788 ((
1469 761 1540 803 per
1575 749 1749 804 primam
1779 752 1865 790 ton·

240 829 392 871 suram,
419 818 532 859 iuxta
556 817 730 859 formam
765 816 975 860 Ecclesiae
1008 817 1159 873 datam,
1184 830 1206 860 a
1231 817 1382 861 talibus
1405 817 1611 861 clericalis
1634 818 1735 861 ordo
1768 832 1863 862 con-

240 888 426 932 fertur».
452 887 570 941 Quod
607 887 873 943 privilegium
908 887 1103 944 paulatim
1129 901 1179 930 ex
1214 888 1512 931 consuetudine
1545 888 1595 931 ad
1629 902 1773 931 omnes
1803 902 1866 931 or·

240 959 358 1013 dines
390 958 573 1001 minores
605 958 881 1002 conferendos
913 963 1108 1002 extensus
1141 963 1214 1013 est,
1247 959 1384 1002 adbuc
1417 963 1510 1002 ante
1542 958 1664 1003 Cone.
1699 958 1868 1002 Triden-

241 1031 385 1072 tinum.
411 1028 498 1072 Hoc
533 1028 727 1072 limitavit
748 1029 893 1072 saltem
920 1043 1038 1072 usum
1073 1029 1194 1072 huius
1229 1033 1438 1085 potestatis
1461 1043 1605 1073 eorum
1629 1029 1836 1073 Abbatum
1853 1029 1866 1052 ¹

243 1113 314 1156 per
357 1099 457 1143 baec
494 1099 641 1144 verba:
683 1115 702 1140 (<
727 1099 970 1155 Abbatibus7
1005 1113 1053 1144 ac
1086 1100 1178 1143 aliis
1220 1100 1566 1157 quibuscumque,
1600 1102 1869 1158 quantumvis

240 1173 459 1227 exemptis,
484 1183 563 1213 non
599 1170 719 1214 liceat
753 1173 791 1213 in
828 1175 1051 1227 posterum,
1078 1173 1181 1213 intra
1217 1172 1319 1214 fines
1341 1170 1516 1214 alicuius
1549 1171 1751 1214 dioecesis
1773 1183 1868 1214 con-

240 1241 492 1296 sistentibus,
525 1243 684 1284 etiamsi
734 1241 887 1284 nullius
933 1241 1150 1295 dioecesis,
1188 1242 1248 1284 vel
1300 1244 1479 1298 exempti
1530 1254 1617 1288 esse
1665 1241 1868 1290 dicantur,

241 1314 449 1370 cuiquam,
474 1314 543 1369 qui
579 1311 781 1368 regularis
818 1312 1008 1355 subditus
1036 1311 1112 1356 sibi
1147 1325 1225 1355 non
1260 1315 1324 1365 sit,
1349 1318 1574 1366 tonsuram,
1601 1311 1664 1355 vel
1703 1312 1870 1355 ordines

243 1385 422 1426 minores
454 1384 713 1427 conferre:...
748 1396 826 1425 non
863 1382 1121 1426 obstantibus
1153 1383 1371 1440 quibusvis
1406 1382 1648 1439 privilegiis,
1673 1384 1870 1439 praescri-

242 1453 450 1511 ptionibus
473 1458 543 1497 aut
565 1454 941 1498 consuetudinibus
963 1456 1086 1498 etiam
1114 1453 1566 1497 immemorabilibus».
1587 1453 1636 1497 Et
1657 1454 1695 1497 S.
1719 1453 1869 1510 Congr.

241 1523 364 1569 Conc.
389 1525 403 1547 ²
440 1527 643 1581 reposuit:
689 1524 906 1581 Negative,
944 1541 966 1566 «
988 1528 1085 1582 quia
1120 1538 1198 1568 non
1244 1525 1387 1568 habuit
1420 1524 1601 1568 oblatum
1637 1524 1752 1568 illum
1797 1537 1870 1581 pro

241 1595 405 1639 subdito
440 1596 636 1652 regulari,
661 1609 755 1639 cum
791 1609 869 1638 non
905 1597 1114 1652 professus
1139 1597 1260 1639 fuerit
1293 1595 1424 1639 tribus
1451 1598 1555 1638 votis
1587 1594 1870 1650 sollemnibus,
1926 1600 1933 1607 '

241 1671 281 1710 et
311 1665 541 1710 Concilium
580 1670 871 1722 praeservavit
914 1666 1149 1710 facultatem
1183 1666 1400 1710 ordinandi
1435 1666 1485 1709 ad
1537 1665 1723 1709 subditos
1757 1679 1872 1722 regu-

241 1737 348 1780 lares
373 1755 410 1782 ».

358 1820 446 1856 Cum
473 1825 589 1856 autem
616 1821 772 1856 accidere
810 1826 933 1866 posset,
966 1825 1001 1856 ut
1038 1820 1224 1867 Episcopus
1262 1825 1422 1856 renueret
1448 1820 1619 1855 Abbatem
1655 1818 1871 1862 benedicere,

241 1879 337 1915 Alex.
363 1879 403 1915 ΙΙΙ
430 1878 721 1915 Cistercicnsibus
759 1880 918 1926 scripsit:
956 1892 985 1915 c.
1020 1880 1030 1914 1
1073 1880 1115 1915 de
1153 1879 1349 1926 supplenda.
1388 1878 1601 1924 negligentia
1639 1878 1873 1913 Praelatorum

241 1937 280 1981 (Ι,
312 1938 389 1982 lo):
421 1952 435 1971 «
456 1937 652 1974 Statuimus
680 1943 869 1984 praeterea,
899 1943 936 1974 ut
963 1939 991 1973 si
1022 1938 1212 1985 Episcopus
1238 1938 1337 1974 tertio
1363 1950 1441 1974 cum
1478 1938 1675 1973 humilitate
1700 1948 1740 1973 ac
1773 1937 1873 1973 devo—

240 1998 334 2033 tione
359 1998 462 2041 (sicut
488 1998 665 2041 convenit)
694 1998 882 2043 requisitus
909 1998 1118 2033 substitutos
1145 1998 1297 2033 Abbates
1324 2002 1453 2033 vestros
1484 1997 1686 2033 benedicere
1712 1997 1797 2032 forte
1821 2007 1872 2031 re-

243 2056 371 2099 nuerit,
399 2048 527 2092 eisdem
557 2057 753 2092 Abbatibus
780 2056 881 2092 liceat
908 2057 1065 2103 proprios
1092 2057 1283 2092 monachos
1321 2057 1536 2097 benedicere,
1566 2060 1599 2092 et
1624 2055 1692 2091 alia
1718 2066 1806 2101 quae
1830 2055 1873 2090 ad

242 2116 440 2151 huiusmodi
468 2116 618 2151 officium
655 2116 831 2162 pertinent
858 2127 1028 2160 exercere,
1068 2118 1170 2160 ginter
1196 2128 1286 2162 quae
1313 2115 1436 2152 Glossa
1460 2121 1493 2151 et
1521 2115 1589 2150 Du.
1625 2114 1891 2163 comprehendis
1914 2132 1918 2133 ⁷
1947 2143 1951 2151 Α,

243 2176 522 2221 interpretantur
547 2175 687 2210 ordines
713 2175 900 2220 conferre),
928 2175 1037 2211 donec
1071 2176 1135 2221 ipsi
1167 2175 1324 2221 Episcopi
1353 2186 1452 2210 suam
1479 2174 1643 2209 duritiam
1670 2173 1869 2218 recogitent,

241 2239 273 2270 et
300 2234 451 2269 Abbates
479 2234 682 2270 benedicere
709 2245 780 2269 non
809 2239 1023 2269 recusent».
1055 2256 1096 2259 —
1124 2233 1212 2269 Huic
1244 2234 1450 2279 legislationi
1488 2233 1733 2279 perfectionem
1760 2231 1874 2267 decla-

242 2293 389 2328 rativam
417 2293 543 2328 Bened.
574 2293 647 2328 Xlll
675 2293 835 2328 adiunxit
864 2305 923 2339 per
951 2299 1062 2329 const.
1096 2292 1316 2329 «Commissi
1340 2308 1353 2324 »
1383 2293 1409 2326 3.
1439 2292 1477 2327 ln
1503 2296 1521 2334 ξ
1552 2293 1581 2327 l.
1612 2291 1779 2338 praecipit
1805 2290 1873 2325 Ab·

243 2352 380 2387 batibus
420 2352 697 2397 regularibus...‚
728 2356 764 2387 ut
803 2352 895 2388 infra
931 2364 1067 2388 annum
1097 2364 1114 2387 a
1142 2352 1198 2387 die
1223 2363 1340 2387 eorum
1379 2351 1558 2387 electionis
1583 2350 1871 2396 computandum,

240 2412 431 2446 solemnem
460 2412 739 2447 benedictionem
767 2411 811 2446 ab
838 2411 1021 2458 episcopis.
1051 2411 1086 2446 in
1110 2422 1258 2457 quorum
1285 2411 1499 2446 dioecesibus
1526 2409 1736 2446 monasteria
1761 2407 1874 2444 consi-

216 2470 350 2514 stunt,
380 2471 474 2505 iuxta
500 2470 606 2505 ritum
633 2470 669 2504 in
701 2470 802 2505 Pont.
835 2470 934 2506 Rom.
967 2470 1233 2517 praescriptum,
1261 2470 1406 2505 omnino
1443 2469 1645 2515 suscipiant,
1672 2468 1724 2503 vel
1751 2467 1873 2502 saltem

239 2540 316 2564 eam
344 2535 395 2565 ter
420 2529 464 2564 ab
491 2529 619 2575 ipsis...
653 2529 887 2575 postulent‚...
916 2530 1028 2574 (iuxta
1058 2540 1133 2575 cap.
1152 2529 1240 2573 cit).
1272 2528 1428 2563 Declarat
1454 2528 1545 2573 quod
1573 2527 1712 2573 ipsimet
1733 2525 1876 2561 abbates

239 2587 351 2628 electi,
381 2587 529 2623 durante
557 2589 713 2634 praefato
740 2588 905 2631 termino,
933 2599 973 2623 ac
1001 2587 1155 2629 interim,
1183 2587 1302 2623 omnia
1340 2587 1461 2622 munia
1488 2585 1676 2621 abbatialia
1704 2584 1809 2619 libere
1834 2594 1874 2619 ac

240 2647 332 2682 licite
357 2657 514 2682 exercere
544 2647 678 2692 possint
703 2652 737 2683 et
763 2647 917 2691 valeant,
938 2647 1100 2692 quodque
1125 2646 1234 2682 abbas
1252 2646 1359 2682 semel
1386 2645 1591 2681 benedictus
1617 2644 1742 2679 iterum
1769 2642 1875 2678 bene-

239 2706 427 2741 dictionem
456 2710 569 2751 petere
598 2706 648 2741 vel
675 2706 834 2741 obtinere
870 2717 939 2741 non
976 2709 1149 2746 teneatur,
1177 2705 1313 2740 tametsi
1340 2705 1382 2740 ad
1422 2703 1634 2749 gubernium
1659 2702 1874 2737 diversorum
1940 2735 1943 2741 ,

243 2765 531 2800 monasteriorum
559 2765 709 2800 aliarum
736 2765 841 2801 etiam
867 2765 1077 2800 dioecesium
1106 2764 1296 2800 translatus
1322 2763 1522 2799 extiterit».
1553 2761 1650 2806 Quae
1676 2760 1800 2796 ultima
1825 2759 1875 2794 di-
1944 2807 1947 2815 Ι

362 2884 373 2905 1
401 2883 492 2927 Cap.
524 2882 579 2922 10,
609 2893 701 2917 sess.
729 2882 867 2916 XXIII
895 2882 940 2916 de
967 2881 1054 2916 Res.
1077 2901 1118 2907 —-
1138 2881 1215 2914 214
1241 2881 1336 2916 Maii
1364 2881 1467 2917 1689.
1495 2900 1536 2906 —
1563 2880 1577 2901 3
1597 2879 1619 2913 6
1646 2877 1745 2912 Maii
1776 2877 1878 2912 1725.

1958 684 1971 730 'm
1962 641 1971 672 .-:
1960 548 1971 632 nse-»-
1964 532 1967 533 =
