1971 3261
204 144 273 178 262
598 143 682 177 Ltss.
711 143 782 177 111.
812 163 823 168 —
851 143 961 178 PARS
986 143 1017 178 I.
1046 163 1058 168 —
1085 143 1141 178 De
1170 143 1434 179 Sam-amentis
1639 144 1732 180 Gan.
1758 145 1828 180 896

204 263 363 308 piente1,
396 266 589 297 «accurate
617 261 799 307 perpendit
817 265 850 296 et
873 261 987 307 reipsa
1017 261 1195 307 comperit,
1221 262 1358 308 quod...
1387 261 1454 296 nisi
1483 261 1684 309 Superiores
1709 263 1828 299 admo-

201 322 285 356 dum
312 321 499 367 prudenter
524 332 564 355 ac
585 321 759 356 moderate
791 320 1040 363 (reservatione
1066 320 1309 363 absolutionis)
1335 325 1492 363 utantur,
1523 322 1712 357 nonnullos
1732 322 1829 357 infir-

202 380 340 419 miores,
368 379 426 424 qui
452 379 638 414 ·interdum
678 377 854 424 Superiori
890 389 951 413 suo
977 378 1210 414 conscientiae
1243 379 1398 414 maculas
1434 380 1591 425 detegere
1625 380 1827 423 formidant,

201 439 371 474 adducere
400 442 511 482 posset
538 438 572 472 in
600 442 762 473 aeternae
788 437 1027 472 damnationis
1053 438 1246 484 perieulum
1273 443 1303 474 et
1331 438 1524 485 spiritualis
1542 439 1686 475 remedii
1713 439 1832 485 despe-

202 496 420 531 rationem».
451 494 539 530 Haec
568 495 632 530 fuit
656 495 742 530 ratio
768 495 871 530 huius
899 495 994 540 legis,
1021 506 1110 541 quae
1136 506 1215 530 cum
1241 496 1386 532 omnino
1414 496 1608 532 verificetur
1634 497 1746 542 quoad
1766 496 1829 533 Su-

206 554 354 600 periores
380 552 697 598 Congregationum
718 558 874 589 votorum
902 554 1130 600 simplicium,
1151 565 1220 589 non
1248 565 1382 595 omneS,
1401 555 1460 590 sed
1486 555 1543 601 qui
1571 555 1748 600 gaudeant
1768 555 1831 591 hoc

205 614 290 656 iure,
332 617 448 658 utpote
483 612 662 658 privilegio
700 613 930 658 exemptionis
970 613 1127 659 praediti,
1157 614 1314 659 sequitur
1340 614 1443 650 etiam
1473 614 1564 660 ipsos
1599 615 1689 650 hanc
1720 615 1830 660 legem

205 671 446 706 observaturos
474 671 591 712 fuisse,
620 676 723 716 atque
749 671 835 706 alias
869 671 961 716 leges
998 682 1077 706 cum
1109 672 1174 707 hac
1203 683 1389 709 connexas,
1428 671 1593 718 Sequitur
1631 673 1668 708 in
1709 671 1828 709 Const.

210 744 223 762 «
248 729 284 764 Et
311 729 397 774 ideo,
428 734 464 764 ut
490 729 571 764 huic
598 730 688 765 malo
715 729 891 765 Sanctitas
916 741 978 765 sua
1002 735 1196 776 opportune
1224 731 1445 777 prospiceret,
1481 731 1631 767 decrevit
1657 736 1695 767 ut
1728 743 1831 767 nemo

206 799 244 824 ex
274 788 495 833 Regularium
531 788 776 835 Superioribus
813 794 1030 835 peccatorum
1069 789 1305 825 absolutiones
1331 790 1395 825 sibi
1425 795 1586 833 reservet,
1613 791 1764 837 exceptis
1790 791 1832 826 iis

207 859 294 893 quae
320 852 526 893 sequuntur,
553 854 612 883 aut
638 848 814 891 omnibus,
839 853 900 884 aut
925 860 1044 884 eorum
1071 849 1200 895 aliquo,
1230 853 1330 895 prout
1356 849 1573 885 subditorum
1609 850 1750 885 utilitati
1776 861 1832 886 ex-

207 907 323 953 pedire
350 907 538 953 prudenter
564 909 600 941 in
629 907 777 943 Domino
803 908 1007 943 iudicaverit
1026 921 1056 943 ».
1090 908 1203 953 Atque
1240 908 1302 943 hac
1333 909 1466 944 ratione
1493 920 1562 944 non
1590 909 1668 944 aliis
1695 909 1832 945 motivis

206 966 284 1001 duci
312 966 438 1002 debent
465 966 500 1000 in
528 967 820 1002 reservationibus
847 967 1053 1014 statuendis,
1081 966 1284 1013 Sequuntur
1311 968 1346 1002 in
1374 966 1512 1003 Conste.
1542 968 1705 1003 undecim
1720 979 1831 1004 casus.

207 1025 245 1060 Et
274 1026 491 1072 prosequitur
518 1024 636 1061 Const.
654 1026 708 1060 liis
727 1026 866 1061 verbis:
902 1025 971 1062 «Si
1000 1027 1090 1072 quod
1117 1027 1212 1062 aliud
1242 1031 1418 1073 praeterea
1446 1032 1625 1073 peccatum
1651 1038 1754 1072 grave
1773 1038 1833 1074 pro

206 1084 395 1129 Religionis
420 1085 682 1121 conservatione
708 1091 767 1120 aut
795 1097 855 1132 pro
881 1086 1115 1122 conscientiae
1144 1086 1291 1132 puritate
1316 1087 1564 1122 reservandum
1593 1086 1778 1128 videbitur,
1799 1087 1833 1121 id

206 1155 276 1178 non
304 1143 404 1179 aliter
432 1144 489 1179 fiat
515 1155 621 1189 quam
648 1144 821 1189 generalis
848 1145 999 1191 Capituli
1028 1145 1063 1179 in
1091 1149 1161 1180 toto
1188 1143 1333 1187 Ordine,
1359 1149 1419 1180 aut
1447 1145 1674 1180 Provincialis
1704 1145 1740 1179 in
1760 1145 1835 1180 Pro-

207 1203 334 1238 vincia.
372 1208 506 1238 matura
542 1203 757 1239 discussione
783 1208 815 1239 ct
841 1215 1013 1239 consensu
1034 1219 1065 1237 ».
1106 1203 1248 1240 Demum
1277 1203 1310 1239 S.
1338 1204 1376 1239 C.
1407 1202 1474 1239 CC.
1504 1208 1537 1239 et
1562 1203 1631 1239 RR.
1653 1204 1690 1238 2:
1724 1218 1739 1236 «
1758 1214 1834 1239 cen-

206 1273 306 1296 suras
332 1261 367 1295 in
396 1262 593 1307 supradicto
620 1261 761 1297 Decreto
787 1263 1032 1308 comprehendi
1061 1262 1196 1298 censuit
1215 1262 1262 1297 ita
1281 1267 1317 1297 ut
1344 1262 1467 1297 iisdem
1486 1261 1742 1308 Superioribus,
1756 1262 1834 1297 abs-

208 1330 275 1366 que
301 1319 386 1366 Cap.
414 1321 586 1365 generalis
612 1325 671 1356 aut
699 1321 925 1357 Provincialis
951 1333 1137 1363 consensu,
1165 1321 1343 1367 aliquibus
1362 1322 1512 1368 peccatis
1540 1322 1575 1356 in
1603 1321 1696 1357 Dec⁰.
1716 1321 1835 1357 huius-

209 1380 299 1414 modi
324 1391 392 1415 nou
419 1380 592 1415 contentis
618 1387 717 1416 exem.
743 1385 941 1422 annectere,
967 1381 1192 1427 eiusdemque
1209 1381 1464 1416 absolutionem
1484 1380 1548 1416 sibi
1569 1391 1744 1416 reservare
1762 1391 1834 1416 non

210 1438 310 1474 liceat
330 1453 361 1472 >).

328 1533 441 1577 Haec
477 1539 594 1578 vetus
628 1535 829 1590 legislatio
862 1534 1056 1591 abrogata
1096 1540 1156 1578 est
1193 1535 1314 1578 simul
1348 1547 1395 1579 ae
1420 1536 1493 1578 fuit
1517 1535 1711 1592 ampliata
1744 1549 1837 1579 eon-

211 1607 356 1658 cessio,
391 1610 434 1648 ut
466 1608 646 1649 eontinet
681 1619 769 1648 mm.
796 1608 903 1649 896.
928 1605 1044 1649 Inler
1075 1605 1328 1663 Superiores
1364 1608 1540 1649 maiores
1572 1619 1620 1649 ac
1654 1609 1836 1650 minores

209 1675 249 1732 a)
283 1675 505 1733 reliqionis
538 1676 764 1730 clericaliS,
797 1677 982 1720 seilicet:
1022 1692 1041 1718 ((
1065 1679 1182 1720 cuius
1216 1676 1401 1733 plerique
1425 1676 1586 1720 sodales
1603 1677 1836 1720 sacerdotio

208 1752 451 1803 augentur»
489 1747 597 1804 (can.
634 1748 730 1799 488,
775 1747 853 1804 4⁰),
896 1752 1125 1805 exentptae,
1177 1747 1395 1790 videlicet:
1442 1746 1700 1803 «religionis
1746 1750 1836 1791 sive

214 1822 402 1861 totorum
436 1818 685 1861 solemnium
719 1816 871 1875 (Ordo)
905 1821 994 1862 sive
1027 1818 1278 1875 simplicium
1314 1817 1626 1875 (Congregatm)
1662 1830 1683 1861 a
1718 1821 1836 1861 iuris-

212 1889 389 1932 dictione
422 1886 633 1933 Oi·‹linarii
669 1889 745 1932 loci
779 1889 1052 1933 subductae»
1092 1888 1199 1946 (ean.
1237 1889 1334 1945 488,
1371 1888 1448 1945 ⁴20),
1473 1888 1513 1931 hi
1539 1891 1648 1932 enim
1673 1889 1746 1932 soli
1776 1902 1835 1932 re-

210 1973 379 2003 servare
412 1973 531 2004 casus
564 1965 721 2018 queunt
753 1961 803 2003 ad
831 1974 1015 2003 normam
1042 1973 1131 2005 ean.
1158 1960 1254 2015 893,
1279 1960 1307 2018 ξ
1332 1961 1369 2015 1,
1396 1974 1515 2015 unm,
1550 1973 1649 2016 ergo
1688 1962 1836 2004 ceteris

213 2031 438 2074 maioribus
471 2031 762 2088 Superioribus
805 2032 998 2085 exclusis,
1044 2031 1247 2089 Superior
1276 2030 1507 2087 ‚qemi-atis,
1540 2033 1615 2075 etsi
1653 2030 1839 2075 Vicai·ius

210 2104 445 2145 nominetur
478 2115 525 2145 ac
568 2105 632 2155 sit,
666 2102 885 2146 deficiente
925 2102 1133 2158 Magistro,
1158 2101 1355 2155 Ministro,
1381 2102 1616 2158 Praeposito
1639 2102 1840 2158 generali,

213 2177 251 2216 et
275 2173 489 2230 hucusque
528 2174 748 2230 religiones
773 2176 953 2230 respexit
975 2186 1121 2228 canon,
1145 2176 1218 2216 etsi
1248 2173 1324 2216 hae
1342 2173 1698 2229 comprehendant
1722 2173 1839 2230 plura

212 2243 503 2300 subsequentia
540 2248 787 2288 monasteria
821 2245 987 2301 quando
1031 2244 1132 2287 haec
1178 2244 1350 2287 limitata
1383 2258 1432 2287 ex
1472 2256 1629 2287 canone
1668 2244 1840 2288 facultas

220 2329 238 2354 c(
262 2315 515 2357 desumenda
536 2319 595 2357 est
618 2329 667 2357 ex
695 2317 870 2371 propriis
893 2314 1254 2358 constitutionibus
1278 2319 1315 2357 et
1339 2328 1388 2358 ex
1411 2313 1689 2370 peculiaribus
1707 2315 1744 2358 S.
1770 2313 1838 2358 Se-

213 2385 276 2427 dis
308 2385 529 2428 decretis»
569 2386 676 2440 (can.
714 2386 810 2437 501,
844 2388 868 2439 ἓ
903 2385 961 2442 3),
1004 2391 1041 2428 el
1086 2385 1130 2427 in
1173 2385 1444 2428 monasteriis
1477 2385 1545 2427 sui
1577 2385 1698 2440 iuris,
1733 2398 1840 2442 quae

216 2468 390 2511 nempe:
428 2461 628 2512 reguntur
660 2456 711 2499 ab
744 2455 905 2499 Abbate
938 2455 1098 2499 Nullius
1126 2455 1187 2498 vel
1212 2455 1344 2498 solum
1375 2455 1425 2498 de
1451 2457 1667 2512 regimine,
1691 2455 1840 2507 Abbas,

217 2539 293 2568 non
329 2531 464 2569 autem
498 2539 578 2583 qua
612 2527 808 2583 Superior
851 2531 1008 2570 tantum
1053 2526 1269 2582 Congreg⁸.
1314 2528 1564 2569 monasticae
1601 2526 1662 2569 vel
1698 2525 1837 2569 Abbas

217 2597 373 2640 l'rimas
406 2597 469 2644 ad
491 2610 677 2640 norinam
712 2611 801 2640 can.
838 2597 933 2651 501,
969 2601 996 2652 ,ξ
1029 2597 1066 2652 3,
1102 2602 1141 2640 et
1173 2610 1221 2640 ex
1257 2596 1446 2652 analogia
1490 2597 1624 2653 quoad
1671 2597 1836 2640 modum

216 2672 432 2711 contextus
463 2681 557 2711 cum
591 2681 665 2711 ean
693 2669 789 2722 655,
826 2669 953 2721 1594,
977 2671 1001 2721 g
1024 2668 1047 2710 4
1072 2660 1251 2725 quorum
1272 2670 1575 2724 praescriptum
1602 2667 1700 2724 (non
1727 2679 1841 2723 prae-

211 2741 337 2781 sentis
369 2739 494 2794 cair.)
526 2738 688 2781 salvum
723 2739 874 2782 dicitur
907 2741 945 2781 in
969 2751 1045 2782 can
1071 2739 1168 2793 501,
1192 2737 1220 2796 ξ
1246 2741 1286 2789 3,
1320 2741 1361 2788 c)
1387 2751 1478 2780 cum
1499 2737 1674 2795 proprio
1698 2737 1840 2781 cuius-

332 2892 342 2913 1
370 2891 415 2924 26
441 2891 535 2925 Maii
564 2891 664 2926 1593.
693 2912 735 2916 —
761 2892 774 2913 ‘³
801 2892 821 2926 7
848 2890 922 2925 Iul.
955 2891 1058 2926 1617.
