1971 3261
170 139 239 174 692
570 137 656 171 Lm.
684 137 756 171 ΙΙΙ.
786 157 797 162 —
826 137 936 172 PARS
960 137 992 171 Ι.
1022 157 1037 164 -
1065 138 1122 173 De
1147 137 1416 174 &aeramentis
1481 139 1574 176 Can.
1602 139 1801 177 1131-1132

171 260 401 301 innocentis
433 259 622 313 coniugis
654 256 925 311 auctoritate,
946 269 1019 300 seu
1043 259 1211 314 proprio
1245 263 1375 302 marte
1407 271 1456 303 ac
1490 262 1700 316 privatim,
1722 260 1801 306 sub

170 329 408 373 conditione
431 327 586 384 duplici
619 328 660 383 a)
686 327 724 370 si
745 326 796 371 de
818 327 879 370 eis
901 328 1077 384 singulis
1105 331 1241 372 causis
1263 335 1376 373 certo
1400 330 1612 374 moraliter
1643 336 1802 375 constet

169 414 217 444 ex
252 399 553 443 sufficientibus
585 398 635 442 ad
671 398 752 442 hoc
787 397 1101 455 probationibus
1122 402 1311 457 privatis,
1344 399 1387 454 b)
1410 405 1450 444 et
1477 401 1714 460 periculum
1746 402 1803 447 sit

170 473 390 514 imminens
424 470 469 512 in
501 483 622 513 mora
660 470 922 526 perferenda,
956 472 1075 514 cuius
1112 484 1215 527 opus
1252 475 1361 515 esset
1402 471 1454 515 ad
1491 473 1801 530 expectandum

170 542 249 586 loci
281 539 494 586 Ordinarii
529 543 825 585 interventum.

289 613 364 656 Pro
388 612 555 656 diversa
581 612 821 656 discedendi
846 614 1092 657 auctoritate
1115 613 1309 657 diversus
1341 614 1693 659 reconciliationis
1715 629 1800 659 mo-

168 685 247 729 dus
279 684 457 727 traditur
490 686 528 726 in
561 682 589 741 ἓ
623 684 660 727 ⁶2.
697 682 744 726 In
778 682 968 727 omnibus
1001 683 1068 727 his
1100 684 1275 742 singulis
1307 684 1473 729 casibus
1509 686 1717 731 discessus
1749 686 1802 732 ob

170 756 375 813 praefatas
407 767 566 809 causas,
599 754 744 798 saltem
779 755 1031 812 generaliter
1068 758 1306 811 recensitas,
1341 770 1472 799 causa
1513 758 1801 816 separationis

168 831 370 881 cessante,
404 825 609 870 subintrat
658 825 723 869 lex
773 827 917 870 divina
964 826 1042 871 sub
1091 839 1183 870 can.
1219 826 1333 871 1128
1381 830 1583 883 exposita,
1628 831 1801 886 proinde

168 898 281 942 vitae
303 896 557 941 consuetudo
591 897 881 941 restauranda
904 902 967 941 est
998 898 1051 942 ob
1078 898 1230 943 vinculi
1255 899 1486 956 coniugalis
1507 898 1800 944 subsistentem

169 974 389 1014 naturam:
424 982 554 1012 canon
590 974 728 1012 autem
766 981 955 1012 normam
991 970 1118 1013 tradit
1149 975 1391 1028 sequentem
1425 973 1632 1028 aequitate
1665 972 1803 1016 mode-

169 1047 317 1096 ratam,
339 1041 410 1084 sed
446 1041 496 1084 ad
532 1053 677 1084 omnes
699 1052 821 1084 casus
853 1045 1084 1094 extensam,
1117 1053 1241 1099 quam
1279 1044 1318 1085 in
1352 1054 1442 1099 cap.
1467 1044 1491 1085 6
1526 1044 1586 1086 tit.
1612 1043 1664 1086 19
1703 1042 1801 1087 «De

167 1111 361 1155 divortiis
383 1127 403 1153 1>
441 1111 557 1156 dedit
590 1110 782 1156 Urbanus
816 1111 866 1154 lll
902 1107 1139 1155 Florentino
1171 1111 1405 1170 Episcopo:
1445 1128 1466 1154 ι(
1491 1112 1548 1157 De
1580 1113 1662 1168 illa,
1695 1127 1802 1172 quae

168 1185 259 1226 viro
291 1196 365 1226 suo
399 1181 562 1226 labente
596 1184 635 1226 in
669 1181 893 1237 haeresim,
918 1185 1047 1240 ipsius
1078 1186 1331 1227 consortium
1355 1187 1444 1228 sine
1477 1185 1630 1229 iudicio
1664 1185 1801 1230 Eccle-

166 1256 253 1298 siae
286 1254 529 1308 declinavit,
556 1254 721 1298 videtur
744 1253 875 1309 nobis,
899 1255 1010 1313 quod
1041 1255 1191 1298 mulier
1222 1254 1426 1313 (maxime
1447 1258 1480 1299 si
1503 1269 1550 1300 ea
1575 1259 1801 1301 intentione

167 1325 370 1380 discessit,
395 1331 439 1369 ut
463 1326 600 1382 lapsus
624 1327 662 1368 in
687 1325 894 1369 haeresim
928 1325 1064 1369 taedio
1099 1328 1253 1383 pariter
1275 1330 1316 1370 et
1347 1327 1587 1371 confusione
1614 1328 1802 1382 affectus,

167 1410 212 1441 se
245 1396 297 1441 ab
320 1411 463 1441 errore
485 1411 559 1441 suo
593 1402 875 1452 converteret)
908 1399 945 1441 ei
967 1410 1063 1441 cum
1089 1411 1286 1441 reversus
1318 1399 1443 1442 fuerit
1474 1403 1536 1442 est
1559 1399 1800 1443 reddenda:

167 1481 275 1527 quae
308 1471 430 1513 etiam
465 1471 497 1512 si
533 1471 687 1512 reverti
722 1468 913 1524 noluerit,
948 1468 1237 1526 compellatur.
1271 1470 1310 1513 Si
1339 1483 1438 1513 vero
1472 1470 1626 1514 iudicio
1658 1469 1799 1514 Eccle-

165 1542 252 1584 siae
284 1539 336 1584 ab
369 1554 417 1584 eo
451 1542 633 1593 recessit,
667 1540 718 1583 ad
754 1540 1040 1597 recipiendum
1074 1553 1169 1584 eum
1205 1540 1441 1584 nullatenus
1478 1541 1656 1585 dicimus
1688 1555 1799 1585 com-

168 1611 402 1668 pellendam
426 1627 466 1653 ».
499 1611 699 1655 Similiter
721 1624 853 1655 canon
880 1611 990 1654 illam
1015 1611 1245 1668 urgendam
1281 1611 1575 1669 obligationem
1602 1612 1800 1669 implicite

167 1684 365 1737 continet,
398 1683 557 1726 addens
589 1683 885 1726 adversative:
919 1681 992 1725 sed
1023 1682 1062 1725 si
1108 1682 1323 1740 separatio
1358 1682 1408 1726 ab
1444 1681 1678 1726 Ordinario
1707 1696 1802 1740 pro-

166 1754 367 1797 nuntiata
398 1753 545 1812 faerit,
570 1754 739 1798 decreto
771 1753 1078 1797 extraiudiciali
1102 1759 1173 1797 aut
1194 1756 1412 1808 sententia,
1445 1753 1501 1797 ad
1523 1760 1694 1811 certum,
1727 1768 1800 1798 seu

168 1825 489 1869 determinatum
514 1826 639 1879 diem,
665 1825 921 1868 incertumve
945 1829 1114 1881 propter
1138 1825 1572 1869 indeterminationem
1596 1826 1677 1869 diei
1703 1830 1801 1869 tem—

165 1910 259 1955 pus,
294 1901 463 1953 propter
496 1896 607 1940 illam
642 1899 901 1940 auctoritatis
935 1899 1289 1953 interpositionem
1325 1896 1478 1940 conium
1510 1896 1709 1940 innocens
1741 1910 1800 1940 re-

163 1972 308 2024 spectu
341 1980 490 2011 causae
521 1970 795 2024 separationis
841 1967 897 2011 ad
929 1966 974 2010 id
1021 1980 1197 2024 nempe:
1251 1969 1359 2011 vitae
1391 1968 1704 2011 consuetudinis
1737 1982 1800 2013 re-

167 2041 465 2082 staurationem
498 2052 581 2082 non
614 2037 842 2096 obliqatur,
875 2046 918 2082 ut
961 2052 1085 2096 supra
1123 2038 1333 2082 declarata
1372 2044 1434 2083 est
1471 2038 1682 2096 obligatio,
1714 2039 1801 2082 nisi

167 2109 209 2166 a)
242 2123 294 2152 esc
325 2109 489 2153 decreto
524 2109 635 2153 illam
675 2110 1018 2154 consuetudinem
1059 2113 1300 2153 restituente
1336 2108 1576 2167 Ordinarii,
1609 2112 1675 2154 cui
1711 2114 1800 2162 post

166 2183 471 2237 separationem
497 2179 744 2224 subiiciatur
768 2181 1027 2239 proindeque
1059 2181 1281 2235 servando,
1306 2181 1666 2239 qualitercumque
1692 2197 1716 2224 ε(
1737 2194 1798 2225 se-

171 2254 328 2309 paratio
354 2254 616 2309 pronuntiata
641 2253 763 2295 suerit
785 2268 823 2308 ³),
851 2251 893 2310 b)
916 2252 979 2295 vel
1001 2257 1148 2296 eoeaeto
1172 2258 1356 2311 tempore
1377 2257 1490 2296 certo
1511 2254 1799 2309 separationis,

167 2335 215 2367 ac
247 2327 344 2366 tunc
382 2322 507 2365 veluti
552 2336 601 2366 ex
648 2326 777 2379 posita
823 2324 1062 2367 conditione
1106 2328 1150 2366 ut
1184 2322 1370 2380 legitima
1413 2328 1548 2367 cesset
1578 2325 1799 2380 separatio,

169 2393 282 2438 nullo
316 2398 535 2450 expectato
568 2407 677 2437 novo
710 2397 969 2438 auctoritatis
1000 2394 1307 2438 ecclesiasticae
1340 2397 1594 2441 interventu.

288 2464 384 2507 544.
423 2466 495 2511 De
516 2466 729 2511 filiorum
765 2467 1060 2512 educatione
1083 2469 1199 2523 post
1221 2467 1606 2523 separationem.
1626 2491 1684 2496 -
1704 2464 1797 2510 Cui-

167 2548 347 2593 cumque
381 2536 574 2592 prudenti
608 2550 655 2580 ac
690 2539 896 2592 reputanti
931 2536 1039 2593 apud
1075 2549 1118 2580 se
1151 2548 1297 2580 causas
1332 2536 1564 2592 praedictas
1610 2537 1649 2579 in
1684 2549 1797 2588 men-

166 2611 248 2650 tem
299 2609 432 2663 surgit
479 2610 702 2650 necessitas
753 2609 993 2664 praescripti
1043 2609 1225 2650 contenti
1268 2606 1345 2651 sub
1388 2621 1480 2656 can,
1520 2607 1635 2651 1132
1675 2606 1798 2650 buius

167 2679 314 2733 capitis
347 2677 505 2720 ultimo.
550 2676 753 2720 Instituta
796 2677 1069 2736 separatione
1111 2677 1312 2720 alterutro
1352 2677 1475 2721 modo
1513 2677 1563 2721 ad
1607 2690 1796 2720 normam

166 2747 208 2806 §¹
245 2747 283 2790 li
316 2752 424 2791 can·
458 2753 623 2804 praec.⁸,
657 2747 753 2803 filii,
787 2748 954 2806 quando
986 2749 1196 2791 adfuerint
1222 2748 1367 2792 saltem
1393 2750 1549 2805 proprii
1582 2750 1798 2805 utriusque

168 2821 357 2875 coniugis
390 2821 583 2874 separati,
618 2818 827 2862 educandi
873 2824 971 2862 sunt
1018 2821 1057 2862 in
1107 2818 1300 2862 omnibus
1351 2819 1392 2875 a)
1423 2832 1550 2876 penes
1582 2818 1798 2876 coniaqem

167 2890 428 2933 innocentem
461 2889 511 2932 de
543 2893 816 2946 separationis
858 2903 996 2946 causa,
1029 2890 1215 2934 scilicet:
1264 2889 1340 2933 sub
1379 2890 1565 2933 eiusdem
1608 2890 1795 2933 custodia
