1971 3261
1669 165 1740 200 389

113 169 206 206 Gan.
232 167 302 203 972
686 165 771 199 Tl'r.
801 166 866 201 VI.
895 186 907 192 -
934 166 989 200 De
1027 167 1172 201 Ordine

116 286 463 342 transgressionis,
498 285 528 326 si
564 283 683 326 aliter
715 282 1037 341 dispensaverit,
1075 285 1209 327 forsan
1250 299 1269 323 ((
1295 297 1388 327 eum
1425 286 1527 327 iusta
1553 289 1592 326 et
1618 287 1740 327 ratio-

115 356 237 401 nabili
272 366 394 399 causa
420 369 439 395 ))
479 353 585 410 (can.
621 353 694 410 84)
732 356 769 396 iu
804 357 937 410 seipsa
972 355 1102 397 solunt
1149 355 1422 398 considerata.

231 425 291 469 Ad
327 423 619 480 complendum
662 424 702 481 §³
739 430 891 480 praee.3
935 427 1134 467 intentum
1170 425 1351 467 deservit
1386 428 1410 477 ἓ
1446 425 1482 467 2.
1520 424 1603 479 Qui
1626 431 1662 478 a)
1686 425 1742 469 ad

112 496 282 542 ordines
314 494 554 552 adspirant,
587 495 694 551 quod
731 495 1058 550 deprehenditur
1099 498 1338 552 praesertim
1375 509 1422 539 ex
1458 497 1594 540 studio
1632 497 1738 553 apud

112 568 329 612 Seminarii
363 565 539 617 scholas,
571 571 610 608 et
645 564 686 621 b)
722 571 845 608 (κείνα
881 566 1163 608 Seminarium
1213 566 1400 622 lesst‘le'me
1432 568 1481 610 ad
1517 568 1555 621 ξι
1595 570 1606 609 l
1650 581 1743 611 nor-

115 650 222 681 mam
256 637 325 680 diu
361 640 567 693 noctuque
603 641 838 692 morantur,
882 636 1062 680 scilieet:
1107 641 1200 679 ante
1240 650 1407 680 (rursum
1446 637 1740 693 theologicum,

112 713 151 752 et
183 708 280 751 dum
316 706 382 750 hie
417 708 675 762 percurritur
710 721 760 749 ex
796 706 977 763 legitima
998 704 1208 750 Ordinarii
1230 708 1512 762 dispositione,
1538 714 1742 764 utsupra,

113 778 451 823 commendentur
500 776 551 820 ab
599 775 827 821 Ordinario
878 777 940 821 vel
994 792 1065 834 per
1111 779 1328 821 Semiuarii
1365 784 1565 822 rectorem
1599 779 1670 835 pio
1704 784 1742 821 et

115 850 261 894 idoneo
289 848 515 901 sacerdoti,
547 862 692 891 omnes
725 851 860 902 unieo,
898 848 959 892 vel
998 848 1144 892 melius
1180 849 1316 904 plures
1349 849 1534 905 singulis,
1572 850 1632 893 rol
1669 852 1743 892 l'or-

113 924 216 966 sitan
250 920 400 977 singuli
435 919 623 976 singulis,
669 922 787 963 euius
824 920 1052 963 sacerdotis
1096 920 1297 963 idoneitas
1335 926 1392 962 est
1428 934 1475 962 ex
1512 920 1620 963 illius
1655 934 1741 964 11111-

114 1005 211 1035 nere
246 990 561 1048 perpendenda:
595 990 667 1048 qm?
700 1004 872 1034 numero
921 990 1121 1047 singulari
1170 990 1230 1033 eis
1273 990 1464 1034 munibus
1502 991 1562 1033 vel
1597 992 1741 1034 saltem

115 1062 302 1120 pluribus
333 1061 375 1119 a)
409 1061 600 1118 inrt'qe'le!
633 1062 827 1119 equidem
863 1062 997 1119 ‹pioad
1034 1075 1170 1105 mores
1209 1061 1251 1117 1))
1286 1075 1434 1118 eosque
1467 1061 1522 1103 ad
1542 1062 1740 1118 pietatem

117 1131 325 1191 informet,
361 1145 440 1190 qua
477 1132 558 1185 ille,
593 1137 633 1175 ut
669 1144 809 1188 supra,
847 1131 1057 1188 praeditus
1089 1136 1162 1174 est.

232 1275 327 1317 Aur.
365 1274 391 1316 l.
412 1299 482 1337 7-
520 1273 576 1317 De
609 1273 824 1331 requisitis
860 1274 901 1316 in
935 1273 1117 1317 subtecto
1150 1287 1300 1316 sacrae
1325 1273 1624 1317 ordinationis.

159 1403 244 1440 (Im.
274 1402 353 1438 973
380 1423 401 1430 -
428 1407 447 1446 ξ
478 1403 506 1437 l.
539 1403 653 1438 Prima
684 1407 827 1438 tonsura
860 1407 893 1439 et
1014 1402 1097 1438 ΟΑΝ.
1125 1401 1203 1438 975.
1238 1423 1253 1429 -
1282 1402 1561 1438 Subdiaconatus
1590 1415 1631 1439 ne
1664 1415 1744 1438 con-

112 1453 251 1505 ordines
290 1451 358 1485 illis
383 1455 520 1486 tantum
558 1450 759 1486 conferendi
799 1455 892 1489 sunt.
968 1451 1096 1487 seratur
1113 1455 1195 1486 ante
1214 1462 1348 1485 annum
1370 1451 1570 1486 vicesimum
1594 1451 1743 1496 primum

112 1499 169 1546 qui
200 1499 411 1546 propositum
439 1498 592 1534 habeant
616 1498 830 1534 ascendendi
849 1498 891 1533 ad

114 1547 391 1594 presbyteratum
409 1550 442 1582 et
468 1556 553 1598 quos
581 1545 704 1581 merito
721 1546 893 1581 coniicere

112 1595 213 1630 liceat
249 1593 439 1639 aliquando
476 1593 601 1638 dignos
645 1593 778 1628 futuros
818 1604 893 1629 esse

115 1642 343 1689 presbyteros

159 1694 178 1732 ξ
204 1689 237 1724 2.
267 1687 461 1724 Ordinatus
479 1692 596 1723 tamen
618 1688 675 1734 qui
697 1687 893 1734 superiores

111 1737 251 1772 ordines
278 1736 429 1782 recipere
455 1741 600 1777 recuset,
631 1747 695 1771 nee
723 1740 831 1781 potest
848 1735 893 1770 ab

114 1784 280 1830 Episcopo
303 1784 346 1818 ad
373 1794 431 1818 eos
465 1782 682 1829 recipiendos
715 1783 801 1828 cogi,
828 1794 893 1819 nec

114 1831 285 1878 prohiberi
312 1842 334 1866 a
359 1834 573 1876 receptorum
607 1831 770 1866 ordinum
801 1841 894 1866 exer-

111 1879 204 1922 citio,
234 1879 301 1914 nisi
330 1878 580 1924 impedimento
610 1878 780 1914 canonico
810 1878 893 1914 deti-

113 1932 236 1962 neatur
261 1925 372 1961 aliave
406 1925 533 1971 gravis,
565 1925 693 1961 iudicio
720 1925 892 1972 Episcopi,

112 1974 202 2009 obsit
228 1984 345 2009 causa.

159 2025 179 2064 ξ
205 2020 238 2056 3.
270 2020 456 2066 Episcopus
470 2030 588 2055 sacros
601 2020 742 2055 ordines
757 2020 892 2056 nemini

112 2069 267 2104 conferat
293 2067 377 2113 quin
417 2079 456 2103 ex
497 2067 652 2113 positivis
676 2069 893 2113 argumentis

113 2116 290 2151 moraliter
327 2120 439 2150 certus
478 2116 522 2149 sit
556 2115 598 2151 de
622 2115 697 2150 eius
724 2116 894 2151 canonica

113 2163 318 2200 idoneitate:
348 2173 446 2198 secus
466 2174 535 2197 nou
557 2163 670 2198 solum
688 2163 893 2208 gravissime

114 2215 240 2256 peccat,
278 2211 336 2245 sed
374 2210 477 2245 etiam
521 2210 672 2256 periculo
702 2221 775 2246 sese
800 2221 892 2247 com-

112 2258 219 2293 mittit
243 2257 369 2293 alienis
395 2258 678 2293 communicandi
709 2258 872 2304 peccatis.

158 2305 241 2341 CAN.
270 2303 350 2339 974
383 2326 399 2330 -
429 2309 447 2347 ξ
480 2306 506 2340 l.
537 2305 575 2341 Ut
617 2306 695 2351 quis
723 2306 815 2341 licite
840 2317 894 2340 nr-

111 2352 224 2388 dinari
254 2352 372 2398 possit,
399 2352 646 2398 requii·:untur

211 2400 260 2434 l.0
288 2399 433 2445 Recepta
462 2411 560 2435 saera
590 2399 828 2440 confirmati0;

207 2446 256 2481 2⁰
282 2446 392 2482 Mores
429 2447 543 2482 ordini
584 2448 783 2494 recipiendo
814 2459 894 2483 oon·

111 2498 296 2540 gruentes;

207 2540 257 2576 3.⁰
283 2542 386 2576 Aetas
413 2542 606 2578 canoniea:

207 2588 261 2623 40
289 2588 407 2624 Debita
440 2590 608 2624 seientia:

208 2634 240 2670 5.
247 2636 261 2659 ⁰
287 2634 461 2672 Ordinum
479 2636 682 2672 inferiorum
703 2638 895 2683 susceptio,

208 2682 241 2717 6
247 2683 262 2705 0
288 2683 540 2718 lntersitiorum
569 2684 783 2726 observatum

209 2729 258 2764 7.0
284 2730 422 2765 Titulus
447 2731 650 2771 canonicus.
665 2731 692 2765 si
713 2736 836 2777 agatur
854 2732 895 2767 de

113 2777 297 2812 ordinibus
326 2778 528 2813 maioribus.

162 2824 233 2868 ΞΖ
264 2824 362 2868 Quod
405 2825 553 2871 pertinet
592 2826 634 2861 ad
666 2826 894 2861 consecratio

116 2882 194 2907 nem
209 2872 454 2954 fflioepalem'
471 2878 625 2909 servetur
642 2873 893 2919 praescriptum

114 2929 190 2954 can.

965 1498 1175 1544 completum
1191 1510 1198 1539 ;
1219 1498 1423 1533 diaconatus
1439 1503 1522 1534 ante
1542 1499 1743 1533 vicesimum

965 1547 1157 1581 secundum
1208 1546 1438 1591 completum3
1490 1546 1746 1592 presbyteratus

965 1598 1047 1628 ante
1074 1593 1276 1628 vicesimum
1305 1599 1466 1639 quartum
1495 1595 1718 1639 completum.

1014 1639 1097 1676 CAN.
1128 1640 1207 1675 976.
1239 1662 1249 1665 -
1277 1645 1296 1683 g
1330 1642 1356 1674 Ι.
1391 1640 1496 1676 Nemo
1531 1642 1601 1676 sive
1628 1652 1745 1676 saecu-

967 1688 1049 1723 laris
1076 1688 1147 1723 sive
1174 1688 1356 1733 religiosus
1384 1689 1425 1723 ad
1457 1688 1602 1734 primam
1632 1694 1748 1723 tonsu-

967 1747 1040 1770 ram
1071 1741 1312 1781 promoveatur
1345 1741 1426 1771 ante
1464 1736 1639 1781 inceptum
1671 1748 1745 1771 eur-

966 1795 1044 1818 sum
1072 1783 1319 1828 theologicum.

1014 1834 1034 1873 §
1060 1829 1092 1865 2.
1137 1830 1251 1865 Firmo
1291 1830 1501 1876 praescripto
1543 1842 1620 1866 can.
1663 1829 1744 1871 975,

966 1878 1237 1913 subdiaconatus
1274 1889 1318 1913 ne
1355 1878 1564 1918 conferatur,
1599 1878 1665 1912 nisi
1692 1888 1748 1913 ex-

945 1931 1070 1961 ·eunte
1110 1926 1208 1960 tertio
1247 1937 1368 1959 cursus
1411 1925 1590 1970 theologici
1630 1937 1744 1967 anno,

966 1973 1184 2011 diaconatus
1220 1973 1285 2007 nisi
1323 1973 1460 2018 incepto
1486 1977 1609 2018 quarto
1634 1984 1745 2013 anno;

968 2020 1239 2067 presbyteratus
1290 2020 1356 2054 nisi
1406 2025 1480 2065 post
1527 2020 1746 2056 medietatem

966 2068 1075 2103 eiusd
1067 2080 1121 2101 *m
1150 2068 1262 2113 quarti
1290 2067 1389 2101 anni

1015 2119 1033 2157 ξ
1060 2114 1093 2149 3.
1123 2114 1253 2150 Cursus
1272 2114 1482 2159 theologicus
1500 2119 1659 2160 peractus
1673 2126 1748 2150 esse

966 2162 1068 2197 debet
1095 2174 1163 2197 non
1194 2162 1369 2208 0111011111,
1402 2162 1460 2197 sed
1489 2162 1524 2196 in
1552 2162 1678 2197 scholis
1703 2163 1746 2198 ad

969 2210 999 2244 id
1030 2210 1199 2244 institutis
1237 2209 1429 2244 secundum
1469 2209 1663 2244 studiorum
1698 2222 1748 2245 ra-

968 2258 1095 2292 tionem
1124 2268 1199 2291 can.
1234 2255 1320 2290 1365
1347 2257 1629 2291 determinatam.

1016 2305 1098 2339 CAN.
1128 2304 1208 2338 977.
1241 2324 1256 2330 -
1286 2302 1436 2339 Ordines
1466 2304 1637 2347 gradatim
1665 2315 1747 2340 eon-

970 2351 1099 2386 l‘erendi
1128 2356 1210 2386 sunt
1230 2352 1277 2386 ita
1295 2356 1332 2386 ut
1346 2351 1584 2386 ordinationes
1604 2362 1662 2397 per
1681 2352 1747 2387 sal-

968 2404 1040 2433 tum
1068 2399 1213 2433 omnino
1247 2398 1506 2444 prohibeantur.

1016 2447 1099 2481 CAN.
1131 2445 1210 2480 978.
1243 2467 1259 2471 -
1288 2450 1307 2488 ξ
1339 2446 1366 2479 l.
1396 2445 1432 2479 ln
1465 2446 1748 2482 ordinationibus

969 2499 1149 2529 serventur
1176 2498 1371 2539 temporum
1408 2493 1594 2528 interstitia
1621 2494 1748 2539 quibus

971 2541 1111 2586 promoti
1131 2541 1163 2574 in
1181 2541 1327 2585 receptis
1341 2540 1537 2579 ordinibus,
1554 2542 1747 2576 secundum

971 2588 1125 2634 Episcopi
1144 2588 1407 2633 praescriptum,
1433 2599 1507 2623 sese
1532 2594 1713 2623 exerceant

1016 2640 1035 2678 ς
1062 2636 1093 2669 22.
1125 2635 1311 2670 lutei-stitia
1333 2635 1480 2680 primam
1500 2638 1680 2671 tonsuram
1701 2636 1749 2670 in-

970 2688 1020 2718 ter
1046 2688 1074 2717 et
1103 2682 1318 2717 ostiariatum
1340 2682 1392 2717 vel
1412 2682 1503 2717 inter
1521 2682 1678 2726 singulos
1695 2694 1746 2717 or-

969 2731 1070 2765 dines
1090 2730 1242 2764 minores
1263 2729 1422 2774 prudenti
1444 2729 1600 2775 Episcopi
1622 2731 1749 2765 iudicio

969 2777 1256 2818 1011111111111111111·;
1286 2777 1468 2823 ac0l3thus
1496 2787 1573 2812 vero
1598 2778 1641 2812 ad
1668 2778 1748 2813 sub-

969 2825 1204 2859 diarmitium
1245 2824 1480 2859 subdiatonus
1518 2824 1559 2859 ad
1587 2824 1747 2860 diacona-

968 2877 1055 2913 tum,
1096 2861 1264 2906 diaconus
1304 2871 1346 2906 ad
1392 2871 1668 2917 presbyteratum
1705 2883 1748 2908 ne

970 2923 1075 2954 antea
1103 2923 1383 2964 promoveantur.
1423 2929 1528 2964 quam
1567 2919 1748 2966 acolythus
