1971 3261
144 172 237 207 Can.
265 169 469 206 1045-1046
661 169 746 203 Tl'r.
779 169 842 203 VI.
879 189 892 194 -
916 170 973 204 De
1000 170 1261 204 Matrimonia
1706 167 1775 201 539

257 289 342 333 lmo
389 291 447 332 sic
492 288 744 345 ampliantur
789 288 826 331 111
872 289 954 332 duo
995 288 1065 346 ἐξ
1110 302 1182 345 per
1222 289 1250 347 g
1281 290 1325 331 3.
1363 287 1405 330 Ιη
1441 286 1587 330 iisdem
1632 300 1773 330 rerum

141 361 371 412 admittetis,
408 372 584 416 nempe:
623 359 685 402 rel
718 359 758 417 ξ’
793 359 831 402 11
864 359 941 403 sub
978 361 1195 415 postremis
1230 359 1376 402 litteris
1408 358 1463 415 a),
1501 358 1557 415 b),
1586 358 1625 414 c)
1660 363 1698 401 et
1732 358 1775 414 d)

142 432 206 476 vel
238 432 279 490 ξι
305 431 342 474 2³
366 430 442 474 sub
476 430 624 474 litteris
658 432 746 473 eius
779 431 820 487 3)
855 436 893 474 01
929 430 985 486 1)),
1021 430 1164 473 eadem
1197 430 1332 487 quoad
1369 431 1517 472 sorum.
1551 429 1776 481 obiectum,

140 509 179 547 et
215 515 411 560 personas
458 503 690 557 respectiva
724 500 933 558 facultate
968 515 1039 556 pro
1072 500 1117 559 ἕο
1156 500 1197 543 10
1231 501 1512 557 dispensandi,
1549 514 1620 557 pro
1653 499 1699 557 ἑο
1735 500 1777 542 ⁶2⁰

141 573 450 626 convalidandi,
484 571 672 628 pandent
708 585 756 615 ex
793 571 916 615 huius
948 572 988 629 §i
1025 575 1128 615 tacta
1166 574 1298 628 primo
1340 574 1607 615 concessione
1640 585 1780 614 omnes

139 644 190 688 de
222 644 370 702 quibus
405 644 444 686 in
480 657 572 686 ean.
603 645 735 695 1044,
773 642 994 686 videlicet:
1032 643 1072 700 a)
1104 648 1234 686 «tum
1271 642 1488 699 parochus,
1524 644 1563 693 b]
1597 648 1681 685 tum
1715 655 1776 685 sa—

139 716 287 760 cerdos
321 717 390 772 331
427 716 690 757 matrimonio
724 714 774 757 ad
810 727 999 757 normam
1037 726 1128 757 can.
1157 714 1284 767 1098,
1308 728 1346 756 11.
1374 714 1412 767 ⁶2,
1436 716 1601 765 assistit,
1626 712 1665 770 c)
1691 718 1775 756 tum

140 787 478 839 confessarius»,
512 784 618 841 3330
670 784 795 828 verba
846 784 998 828 ibidem
1050 785 1260 828 declarata
1308 789 1489 838 manent,
1523 783 1596 827 sed
1629 783 1775 839 solam,

138 871 258 901 secus
291 869 338 900 ac
375 870 446 912 pro
490 855 653 899 duobus
699 855 907 912 prioribus
943 859 980 899 in
1018 856 1085 898 illo
1120 868 1294 909 03110110,
1327 868 1470 898 omnes
1514 860 1596 898 tres
1628 855 1669 912 3)
1700 869 1778 912 pro

141 928 306 971 casibus
351 926 502 984 publici
556 929 691 970 forsan
744 927 1029 983 impedimenti
1075 927 1123 970 ad
1170 939 1357 969 normam
1409 938 1500 969 can.
1536 926 1663 980 1037,
1706 926 1776 969 sed

139 999 329 1052 occultis,
364 999 401 1042 id
436 1003 519 1042 est:
556 1012 633 1041 uon
670 1000 776 1041 notis
810 1000 923 1041 iuxta
968 997 1123 1055 stylum
1159 999 1249 1043 Sac.
1286 997 1645 1049 Poenitentiariae,
1684 1012 1703 1037 «
1728 1010 1776 1040 ex

139 1084 316 1128 3301313
354 1073 438 1126 ipsa
474 1074 618 1112 natura
646 1082 718 1126 pro
743 1070 830 1112 foro
855 1071 1016 1112 interno
1042 1074 1221 1125 potestas
1257 1068 1501 1125 intelligitur
1534 1080 1728 1111 concessa
1754 1084 1773 1109 »

142 1140 557 1199 (031130233111)
591 1141 635 1183 iii
669 1140 816 1198 quibas
852 1143 1020 1196 iusuper
1053 1140 1305 1183 disiunctive
1339 1138 1380 1196 a)
1415 1153 1465 1181 ize
1499 1138 1579 1181 loci
1613 1137 1777 1196 quidem

146 1212 406 1255 Ordinarius
441 1211 570 1254 multo
616 1214 750 1254 minus
783 1211 821 1254 S.
856 1211 983 1255 Sedes
1017 1209 1134 1254 adiri
1163 1210 1314 1268 possit,
1350 1210 1393 1267 b)
1429 1209 1502 1266 vel,
1535 1212 1608 1253 etsi
1656 1212 1779 1265 possit

143 1296 248 1326 unus
285 1282 346 1326 vet
381 1283 525 1335 altera,
559 1283 731 1326 immisi
764 1296 854 1325 eum
885 1281 1077 1340 periculo
1110 1281 1358 1325 violationis
1391 1281 1543 1324 secreti
1576 1282 1781 1324 concomi-

142 1356 265 1397 tantis
297 1365 438 1397 casum
474 1352 698 1407 occultum,
733 1355 928 1411 quamvis
963 1366 1040 1395 non
1077 1354 1129 1396 sit
1162 1352 1344 1409 sigillum
1380 1351 1696 1396 sacramentale.

261 1424 359 1467 438.
397 1425 646 1470 Ordinarii
689 1425 782 1470 loci
821 1425 1108 1470 certioratio
1142 1426 1204 1469 de
1243 1437 1484 1470 concessa
1526 1425 1782 1479 dispensa-

144 1497 274 1542 tione
307 1497 548 1552 huiusque
581 1497 856 1541 adnotatio.
877 1520 928 1526 —
949 1494 998 1539 Ut
1023 1495 1346 1551 dispensationis
1370 1493 1557 1551 probatio
1583 1494 1784 1537 habeatur

144 1569 182 1609 in
220 1580 261 1610 re
296 1567 370 1609 sori
421 1568 581 1609 externi
632 1568 880 1619 necessaria,
919 1565 1242 1609 sollicitudiuem
1294 1564 1440 1608 babuit
1490 1564 1700 1622 legislator
1744 1567 1782 1607 in

143 1651 236 1680 caii.
261 1639 394 1680 1046.
424 1635 636 1680 Par-ochus
668 1642 743 1680 aut
776 1636 988 1688 sacerdos,
1025 1650 1102 1679 non
1138 1641 1276 1680 autem
1313 1637 1602 1685 confessarius,
1623 1634 1673 1678 de
1706 1649 1784 1692 qao

145 1713 320 1766 utroque
364 1708 407 1751 in
441 1722 532 1751 caii.
568 1710 687 1751 1044
729 1707 914 1752 scilicet:
960 1712 1081 1764 prout
1126 1707 1178 1751 ibi
1225 1709 1391 1750 fuerunt
1442 1707 1644 1764 designati
1690 1719 1783 1750 cum

144 1780 284 1823 addita
319 1781 672 1836 interpretatione,
697 1780 736 1835 3)
769 1778 820 1822 (ie
853 1792 1047 1822 concessa
1085 1781 1122 1821 vi
1159 1778 1268 1821 illius
1302 1778 1384 1823 citi.
1421 1780 1591 1822 canonis
1623 1791 1696 1834 per
1729 1777 1786 1820 al·

145 1856 349 1894 terutrum
386 1850 704 1908 dispensatione
745 1864 872 1907 super
915 1850 1216 1906 impedimento
1262 1848 1442 1906 publico,
1475 1862 1523 1892 eo
1556 1848 1664 1907 quod
1706 1861 1786 1906 pro

144 1921 240 1979 foro
274 1927 461 1977 esterno,
500 1937 522 1962 α
544 1934 651 1979 3330
694 1921 801 1966 valet
840 1934 1006 1979 330330
1042 1934 1114 1977 pro
1149 1923 1357 1964 interno»
1397 1924 1503 1974 (033.
1539 1919 1636 1973 20⁶2,
1671 1921 1696 1970 ἓ
1731 1919 1784 1973 1).

147 1998 189 2037 31
223 1992 377 2037 ibidem
429 1995 745 2049 interpretatum
779 1998 853 2049 est,
905 1993 999 2036 lunc
1033 1993 1344 2046 confirmatum,
1397 1990 1676 2035 Ordtnartum
1705 1989 1786 2033 loci

147 2063 256 2115 (cau.
294 2064 390 2118 198,
425 2066 449 2117 ἓ
484 2063 526 2120 2)
560 2064 705 2106 statim
738 2077 809 2107 seu
845 2062 957 2107 nulla
997 2062 1229 2106 voluntaria
1266 2075 1379 2106 mora
1422 2064 1664 2118 interposita
1699 2075 1785 2104 cer-

148 2135 296 2178 tiorem
329 2134 465 2192 faeiat
497 2135 718 2178 sufficienti
754 2135 876 2178 modo
922 2148 994 2191 per
1036 2147 1078 2177 se
1127 2133 1191 2178 vel
1237 2147 1309 2190 per
1352 2133 1493 2181 alium,
1527 2137 1597 2176 aut
1636 2134 1787 2189 episto-

148 2206 251 2251 lam:
287 2206 389 2250 haec
422 2210 483 2250 est
516 2205 713 2263 obligatio
750 2206 937 2260 illorum3
972 2205 1043 2249 sed
1073 2205 1149 2248 loci
1175 2207 1213 2247 in
1240 2217 1322 2262 330
1347 2206 1658 2247 matrimonium
1686 2203 1784 2246 illud

147 2276 403 2321 celebratum
438 2282 499 2320 est
539 2276 764 2334 paroclium
811 2281 932 2334 urget.
975 2289 1153 2333 sequens
1199 2277 1525 2332 praescriptum:
1561 2288 1692 2332 eaque
1724 2274 1785 2317 di-

145 2337 354 2405 spensatio
389 2347 452 2392 vet
489 2361 561 2404 per
593 2345 866 2393 Ordinarium
901 2360 1068 2405 330330
1105 2349 1142 2388 vi
1177 2346 1474 2390 cit¹.can”.aut
1504 2346 1627 2397 1045,
1646 2345 1785 2400 &12

147 2432 342 2463 concessa
377 2433 470 2463 cum
505 2425 681 2476 sequuto
732 2420 996 2462 matrimonio
1044 2417 1275 2461 secundum
1309 2430 1399 2460 0311.
1437 2417 1565 2471 1103,
1599 2419 1624 2471 ἓ
1658 2418 1673 2459 1
1714 2419 1787 2460 311-

149 2490 327 2534 notando
361 2492 485 2534 etiam
523 2506 545 2532 «
570 2493 607 2533 iu
644 2490 748 2534 libro
785 2490 1130 2546 baptizatorum»
1168 2491 1278 2545 (can.
1313 2491 1381 2533 011.
1416 2490 1441 2542 ᾖ
1476 2487 1518 2545 ’2)
1554 2487 1783 2531 adnotetur

148 2560 329 2604 scilicet:
358 2561 612 2617 adiungatur
636 2563 886 2604 matrimonii
911 2561 1179 2616 descriptioni
1203 2559 1248 2602 in
1272 2558 1379 2603 libro
1402 2559 1787 2614 matrimom'oritm‚

152 2630 407 2686 proindeque
442 2629 641 2686 implicite
676 2629 973 2686 praescribitur
1006 2630 1211 2673 sacerdoti
1251 2629 1313 2672 vel
1344 2629 1493 2673 melius
1516 2643 1565 2672 ex
1590 2634 1785 2672 contextu

149 2698 362 2745 Ordiuarii
387 2701 551 2755 Curiae,
577 2706 618 2745 111
644 2702 699 2744 1111
725 2701 907 2758 parocho
940 2702 1130 2744 eamdem
1168 2702 1364 2745 uotiticet.
1393 2726 1436 2732 —
1460 2699 1788 2757 Dispensatiouis

154 2785 252 2815 vero
286 2784 307 2816 a
341 2773 592 2815 confessario
627 2775 665 2815 iu
701 2774 786 2816 1010
820 2771 1111 2816 sacramentali
1146 2772 1267 2816 datae
1302 2777 1442 2829 utpote
1477 2771 1575 2814 nihil
1614 2772 1788 2814 valentis

153 2856 225 2899 pro
261 2844 347 2886 foro
382 2848 567 2896 externo,
594 2856 667 2886 nec
694 2845 923 2899 iniungitur
956 2844 1196 2897 notificatio,
1224 2857 1298 2887 uec
1334 2845 1534 2900 permissa
1569 2848 1627 2886 est
1652 2842 1703 2885 ob
1730 2845 1785 2885 rei

1580 2913 1662 2924 -υ-

153 2918 358 2965 naturam,
383 2915 505 2956 etiam
531 2914 884 2957 consentientibus
919 2914 1118 2970 partibus,
1137 2914 1186 2957 ad
1215 2926 1403 2958 normam
1439 2926 1529 2958 can.
1552 2913 1678 2962 1131,
1699 2914 1723 2966 ,ξ
1743 2914 1780 2965 3,
