1971 3261
22 2919 45 2931 0

146 140 240 176 Can.
271 138 338 173 530
742 136 826 169 Lm,
855 134 926 168 III.
957 154 968 159 —
996 134 1051 168 De
1078 135 1190 167 rebus
1741 131 1782 163 11

143 261 327 304 decernit
363 272 455 300 ean.
480 260 585 299 730.
610 255 699 301 Non
727 254 904 297 habetur
926 253 1108 297 simonia
1135 256 1171 295 in
1199 266 1290 296 can.
1316 252 1398 294 727
1425 251 1610 305 delinita,
1631 250 1670 307 a)
1693 265 1780 292 eam

145 328 376 387 temporale
408 327 538 371 (latur
569 341 649 370 non
691 340 770 384 pro
814 339 860 367 re
892 323 1130 382 spirituali,
1164 322 1237 365 secl
1270 323 1360 364 eius
1393 321 1625 372 occasione,
1660 326 1783 378 atquc

145 402 330 443 fortassis
364 398 415 442 ab
441 398 519 441 illis
542 399 613 455 qni
637 396 895 453 spiritualem
924 408 1007 438 rem
1037 396 1355 451 1)01·cipinnt,e.r
1381 392 1490 434 iusto
1516 391 1638 434 tilulo
1662 406 1698 435 v.
1722 406 1782 447 gr.

142 472 453 515 sustentationis
498 471 795 520 ministrorum,
833 467 1088 510 necessitatis
1121 464 1336 515 ecclesiae,
1377 463 1438 506 vel
1474 463 1553 506 alio
1588 477 1611 504 a
1650 464 1785 504 saeris

146 542 374 586 canonibus
409 540 530 583 liuius
563 539 727 583 Codicis
763 537 823 579 rel
846 552 869 580 a
895 536 1085 594 leyilinm
1120 533 1439 584 consuetudine,
1467 534 1569 576 idest
1596 546 1672 576 una
1698 548 1786 576 sen-

146 615 296 657 tentia:
334 624 405 668 per
439 622 627 654 normam
652 609 801 666 agendi
828 608 1048 652 iuridicam
1074 605 1314 663 recoym'to:
1349 604 1395 660 b)
1421 604 1517 647 ilem
1544 618 1631 646 eum
1658 603 1787 646 datm·

144 697 212 727 res
247 681 494 740 temporalis
528 683 654 724 etiam
690 685 900 737 tamquam
938 680 1131 735 pretium,
1156 676 1309 720 dicitur
1343 677 1479 718 enim:
1513 688 1591 732 pro
1618 687 1663 716 re
1688 679 1786 716 {em-

142 753 298 812 porali,
335 766 413 796 non
448 754 529 795 iam
563 763 844 808 quacumque,
880 751 976 807 quia
1013 748 1089 791 lioc
1125 747 1242 803 plene
1279 746 1386 797 licet,
1412 745 1461 788 ad
1501 757 1687 787 normam
1725 749 1782 787 ta-

150 838 241 869 men
276 836 365 869 can.
401 824 501 877 7⁶27,
532 822 560 880 ἓ
595 822 632 876 2,
665 821 735 865 sed
772 834 878 879 quoe
911 825 1111 877 tanquam
1146 817 1373 860 subiet-tecm
1412 819 1495 873 ipsa
1532 814 1681 858 habeat
1716 815 1787 858 asl-

147 909 299 939 neoenm
342 892 509 951 aliquid
551 891 796 950 spirituale,
830 905 894 933 ω’.
927 904 1011 946 5112,
1044 888 1160 931 colim
1202 892 1471 931 consecratus
1511 888 1788 929 consecratio-

148 980 255 1021 nem,
290 964 561 1022 sepulchrum
596 965 805 1020 propriam
842 961 1191 1007 benedictionem,
1219 958 1336 1002 theca
1365 960 1542 1015 pretiosa
1568 958 1789 999 continens

151 1037 382 1094 reliquiam,
409 1033 631 1078 durtzmodo
662 1033 845 1091 pretium
884 1034 939 1075 rei
976 1030 1216 1088 temporalis
1250 1043 1331 1072 non
1367 1033 1580 1084 aeqseatm·
1613 1032 1790 1086 propter

148 1107 356 1151 adiverant
392 1119 475 1148 rem
511 1103 781 1163 spiritualem
795 1118 809 1147 .·
842 1103 1025 1147 conditio
1059 1103 1296 1145 necessario
1331 1099 1470 1142 addita
1499 1104 1538 1141 ut
1564 1098 1630 1141 hic
1652 1110 1786 1141 canon

151 1178 253 1222 bene
277 1177 499 1222 cohaereat
518 1189 611 1219 cum
632 1188 722 1219 can.
742 1175 842 1228 7⁴27,
860 1175 887 1209 ἢ
912 1175 923 1216 1
956 1173 1041 1227 ubi,
1062 1177 1229 1229 propter
1255 1172 1415 1227 praxim
1442 1169 1537 1213 huic
1556 1170 1785 1212 conditioni

150 1251 417 1302 contrariam,
441 1253 558 1291 actus
583 1246 820 1303 praedictus
842 1250 901 1288 est
926 1245 977 1288 de
1000 1245 1177 1287 simonia
1203 1244 1304 1285 iuris
1327 1241 1458 1284 divini
1494 1240 1727 1283 damnatus.

271 1322 309 1362 8.
345 1321 475 1364 Libri
509 1319 703 1363 divisio.
735 1341 763 1347 -
795 1316 875 1360 Res
909 1315 960 1359 de
994 1313 1147 1372 quibus
1180 1317 1330 1357 tractat
1355 1312 1421 1355 ille
1445 1316 1538 1354 sunt
1577 1311 1787 1354 «totidem

158 1391 292 1434 media
344 1389 393 1432 ad
429 1387 643 1432 Ecclesiae
688 1388 812 1430 finem
854 1384 1241 1443 consequendum»
1280 1382 1396 1439 (Can.
1432 1381 1550 1439 Ἶὲὅ).
1591 1381 1667 1425 Hic
1703 1383 1795 1423 tinis

152 1461 289 1517 colligi
327 1464 456 1517 potest
491 1472 540 1502 ex
579 1458 718 1502 verbis
751 1459 789 1502 S.
828 1457 940 1500 Pauli
968 1457 1004 1499 ¹:
1046 1472 1067 1496 «
1091 1455 1201 1499 Deus
1233 1454 1465 1498 secundum
1501 1465 1617 1496 suam
1670 1454 1790 1495 mise-

154 1532 376 1576 ricordiam
410 1530 549 1574 salvos
584 1543 657 1573 nos
692 1531 788 1573 fecit
823 1542 895 1585 per
921 1528 1136 1571 lavacrum
1172 1527 1501 1582 regenerationis
1527 1540 1563 1573 »,
1594 1537 1675 1581 quo
1705 1539 1725 1563 α
1752 1525 1788 1565 in

155 1602 382 1647 Ecclesiam
436 1601 506 1645 Dei
556 1602 894 1645 constituimur»
942 1598 1053 1655 (can.
1094 1597 1228 1654 87)...,
1272 1614 1292 1635 «
1320 1602 1358 1639 ut
1406 1596 1613 1639 institicati
1659 1597 1790 1650 gratia

155 1677 294 1731 ipsius,
320 1672 495 1716 heredes
527 1674 658 1716 simus
691 1671 921 1715 secundum
956 1682 1072 1726 spem
1112 1671 1220 1711 vitae
1253 1672 1448 1711 aeternae
1484 1684 1522 1708 ».
1557 1666 1674 1720 Quae
1712 1668 1792 1708 vita

153 1751 320 1789 aeterna
355 1757 406 1787 ex
443 1743 606 1786 Domini
640 1744 843 1786 sententia
883 1746 1002 1790 «est,
1040 1744 1081 1783 ut
1115 1743 1366 1796 cognoscant
1401 1737 1626 1794 (homines)
1660 1736 1792 1780 solum

160 1829 305 1859 verum
338 1814 469 1859 Deum
505 1819 542 1857 et
577 1827 702 1871 quem
727 1812 885 1869 (Pater)
912 1814 1018 1855 misit
1047 1810 1179 1854 lesum
1205 1809 1414 1853 Christum
1441 1826 1460 1848 υ
1486 1807 1513 1848 ².
1551 1807 1607 1851 Ex
1645 1807 1796 1864 quibus

157 1886 341 1943 Apostoli
378 1885 520 1930 verbis
553 1891 593 1929 et
626 1885 718 1928 aliis
751 1887 789 1928 5.
825 1885 1065 1939 Scripturae
1112 1881 1212 1925 locis
1256 1885 1381 1937 patet,
1418 1882 1540 1923 tinem
1585 1878 1796 1922 Ecclesiae

159 1960 394 2015 proximum
430 1957 506 2000 hoc
542 1959 579 1999 in
618 1955 772 1999 mundo
817 1968 905 1998 esse
950 1955 1186 1997 animarum
1232 1952 1569 1995 iustiticationem
1618 1963 1689 2006 per
1724 1949 1795 1992 Dei

157 2031 348 2086 gratiam,
387 2028 448 2071 vel
484 2027 867 2083 scutelifieationem
906 2042 927 2065 (ι
950 2027 1039 2068 sine
1074 2036 1151 2080 qua
1199 2036 1320 2066 nemo
1369 2021 1523 2066 videbit
1562 2021 1738 2064 Deum»
1768 2023 1797 2073 ²³,

157 2112 263 2158 quae
299 2102 402 2143 visio
435 2112 507 2143 seu
545 2103 626 2142 vita
660 2102 830 2142 aeterna
866 2110 975 2140 nunc
1008 2099 1172 2151 sperata
1197 2095 1410 2138 constituit
1435 2095 1558 2136 tinem
1587 2092 1797 2136 Ecclesiae

161 2176 364 2214 remotum
400 2184 470 2214 seu
508 2172 546 2213 in
580 2170 717 2213 futuro
751 2166 1108 2225 consequendum.
1146 2191 1197 2195 —
1234 2165 1344 2208 Finis
1377 2178 1477 2221 ergo
1513 2164 1577 2207 liic
1602 2176 1798 2219 superna·

160 2242 305 2286 turalis
339 2242 476 2285 media
509 2240 679 2297 ‹piidem
713 2235 899 2284 eiusdem
936 2237 1096 2281 ordinis
1131 2238 1317 2293 requirit,
1350 2248 1456 2292 quae
1492 2239 1631 2291 utpote
1664 2233 1796 2277 solnm

161 2328 181 2356 a
220 2313 301 2356 Deo
336 2312 501 2366 tradita,
535 2315 657 2355 erunt
691 2315 909 2368 propterea
944 2307 1191 2352 deducenda
1216 2320 1267 2351 ex
1294 2306 1435 2350 xerbis
1461 2306 1547 2349 lesu
1572 2304 1721 2349 Christi
1748 2305 1796 2347 ad

162 2383 404 2440 Apostolos:
445 2399 467 2423 «
493 2381 645 2426 Euntes
686 2382 833 2425 docete
876 2392 1020 2422 omnes
1058 2383 1267 2435 gentes»,
1300 2382 1425 2435 atque
1460 2376 1521 2419 liis
1555 2376 1797 2432 designatur

163 2455 351 2498 (lirinum
394 2453 611 2497 Ecclesiae
652 2452 960 2510 mayisterium,
996 2449 1296 2506 «baptizantes
1336 2462 1406 2492 eos
1430 2464 1469 2502 »,
1505 2448 1543 2490 in
1588 2460 1670 2504 quo
1715 2460 1794 2489 uno

165 2529 300 2583 priorc
337 2526 641 2582 (sacramento)
675 2525 853 2568 indicata
888 2526 1112 2566 censentur
1144 2525 1308 2564 caetera
1345 2519 1684 2564 Sacramenta...
1715 2534 1735 2557 «
1760 2523 1797 2560 et

164 2597 360 2640 docentes
393 2609 464 2639 eos
496 2608 667 2639 servare
700 2597 838 2638 omnia
873 2605 1164 2651 quaecumque
1202 2591 1397 2635 mandavi
1436 2589 1552 2634 vobis
1574 2606 1613 2639 »,
1640 2588 1706 2632 ubi
1734 2602 1800 2631 ne-

165 2671 334 2711 cessitas
367 2668 674 2724 cooperationis
707 2679 801 2710 cum
837 2666 995 2721 gratiae
1039 2662 1206 2706 auxiliis
1242 2663 1504 2718 exprimitur,
1542 2665 1584 2703 ut
1616 2661 1797 2703 sanctiti-

166 2741 370 2782 cationem
406 2738 594 2781 homines
626 2741 950 2794 consequantur.
975 2760 1033 2764 —
1057 2733 1171 2776 iuxta
1195 2733 1233 2776 S.
1258 2732 1459 2775 Thomam
1485 2733 1522 2774 ⁴:
1552 2748 1573 2772 «
1597 2732 1801 2774 Sanctitas

286 2847 295 2866 ¹
326 2843 384 2878 Ad
412 2843 560 2883 Titum,
589 2843 662 2884 ΙΙΙ,
683 2844 716 2883 5,
740 2843 772 2878 7.
801 2861 846 2866 -
877 2842 890 2863 2
918 2841 1043 2882 Ioan.,
1065 2839 1247 2881 XV11‚3.
1274 2860 1317 2863 —
1352 2839 1366 2859 ³
1393 2838 1452 2872 Ad
1473 2835 1724 2878 Heb1·.,X11‚
1750 2837 1800 2869 11.

172 2913 210 2916 ——
239 2896 250 2913 ⁴
278 2894 310 2925 2.
341 2894 375 2925 12.
406 2903 441 2936 q.
472 2891 657 2934 LXXXI,
686 2903 720 2924 a.
749 2890 771 2924 8
798 2901 830 2923 c.
