1971 3261
168 150 261 186 Can.
291 149 444 184 750-751
733 147 817 181 Trr.
846 146 877 180 Ι.
907 165 916 172 -
942 146 999 180 De
1024 146 1232 189 Baptz‘smo
1757 143 1797 175 ⁴tl

169 268 377 313 Ecclesiae
410 267 682 321 consuetude,
715 265 824 324 quod
852 264 923 307 lilii
949 263 1177 307 infidelium
1215 264 1356 306 invitis
1396 260 1636 319 parentibus
1671 259 1799 316 bapti-

166 345 308 383 zentur
332 355 371 383 ».
405 339 649 394 Scimusque
683 335 1025 381 consuetudinem
1062 333 1273 378 Ecclesiae
1311 335 1392 375 vim
1434 335 1556 376 etiam
1598 334 1698 375 iuris
1735 346 1799 373 ec-

165 410 382 454 clesiastici
419 408 586 452 babere.
618 434 645 439 -
676 406 924 450 Huiusmodi
962 419 1060 448 vero
1095 406 1210 461 pueri
1244 407 1440 461 quamvis
1474 405 1636 456 iniuste,
1666 401 1801 445 valide

166 481 485 538 baptizarentur,
531 479 655 537 idque
700 477 932 522 laciendum
969 481 1029 519 est
1062 489 1112 518 ex
1147 477 1337 526 caritate,
1372 476 1614 517 imminente
1660 474 1802 515 mortis

167 550 364 608 periente,
400 553 438 593 in
472 563 554 607 quo
588 548 655 593 illa
690 550 888 591 iniustitia
924 560 1001 589 non
1027 548 1273 602 concipitur.
1310 543 1418 588 Huic
1443 544 1657 587 doctrinae
1682 542 1801 599 plene

164 621 390 666 concordat
423 623 486 664 ins
517 622 719 677 scriptum
753 621 790 661 in
826 632 916 660 can.
953 619 1059 660 750.
1094 616 1122 675 g
1155 617 1194 659 1.
1231 615 1380 673 Infans
1416 613 1649 671 infidelium
1679 612 1799 660 lilius,

169 708 189 733 «
213 695 282 750 qui
318 691 500 735 nondum
528 692 697 734 rationis
723 703 840 733 usum
875 689 1052 745 adeptus
1075 692 1134 731 est
1159 705 1177 726 »
1218 686 1326 744 (can.
1348 686 1448 740 745,
1465 685 1494 743 g
1512 686 1551 738 ἐξ,
1573 684 1647 741 10),
1673 683 1799 725 etiam

163 763 310 806 invitis
340 761 600 821 parentibus,
635 761 752 805 licite
784 760 1039 818 baptizatur,
1074 773 1163 802 cam
1198 758 1241 801 in
1276 772 1321 801 eo
1358 762 1552 800 versatur
1594 756 1705 798 vitae
1737 754 1799 797 ‹lt-

163 834 361 877 scrimine
392 833 578 891 qualibet
609 833 661 876 de
689 845 814 876 causa
852 846 888 874 v.
921 845 983 888 gr.
1020 830 1164 874 morbo
1199 828 1434 883 incurabili,
1469 827 1510 885 a)
1536 833 1580 870 ut
1614 825 1798 885 pruden-

166 911 240 959 ter,
273 905 405 949 solido
440 917 588 961 nempe
624 902 855 947 rationabili
890 902 1158 946 fundamento
1175 899 1483 958 praevideatur
1509 898 1549 954 b)
1566 898 1800 941 morituras·

162 982 388 1035 antequam
425 989 541 1018 usum
576 974 761 1018 rationis
794 974 993 1031 attinqat.
1029 972 1170 1017 Cessat
1193 974 1301 1015 enim
1338 970 1520 1015 secunda
1556 971 1659 1013 ratio
1693 970 1800 1025 peri-

161 1047 243 1091 culi
277 1051 421 1091 contra
455 1046 714 1103 religionem,
746 1059 820 1089 nec
855 1046 1052 1088 iniustitia
1086 1044 1156 1087 sed
1192 1045 1343 1087 caritas
1377 1045 1599 1085 exercetur
1633 1054 1705 1097 pro
1746 1039 1800 1082 ul·

163 1121 262 1161 timo
299 1120 406 1161 vitae
442 1122 665 1160 momento.
700 1116 783 1160 lam
820 1117 1085 1172 praeiverant
1118 1115 1224 1157 duae
1257 1113 1423 1169 Congr⁸.
1457 1114 1495 1157 S.
1530 1109 1666 1156 Officii
1692 1111 1798 1154 deci-

162 1192 299 1232 siones
323 1189 367 1231 ¹:
408 1187 552 1232 «Cum
589 1187 698 1230 lilius
732 1186 1006 1230 hebraeorum
1042 1187 1310 1241 consignatus
1344 1185 1488 1227 fuisset
1512 1184 1661 1226 nutrici
1696 1181 1801 1225 cbri-

162 1262 318 1303 stianae
352 1261 391 1301 in
424 1259 660 1302 deficientia
704 1260 912 1301 nutricum
958 1256 1252 1308 hebraeorum,
1294 1255 1393 1298 dnm
1439 1259 1545 1298 esset
1586 1255 1800 1309 proximus

164 1331 298 1385 morti,
333 1330 407 1372 fuit
441 1328 680 1385 baptizatus,
706 1333 745 1371 et
769 1328 807 1372 S.
832 1326 873 1372 C.
909 1327 1141 1370 declaravit
1175 1327 1434 1382 praedictum
1461 1338 1636 1382 puerum
1675 1326 1799 1367 l'uisse

162 1400 272 1444 licite
306 1400 619 1457 baptizatum».
655 1399 792 1456 Atque
816 1399 830 1421 ²
865 1399 914 1442 ad
940 1400 1203 1455 quaesitum:
1245 1412 1264 1438 ((
1288 1397 1351 1440 An
1394 1396 1466 1439 lilii
1509 1397 1684 1439 infantes
1708 1397 1797 1438 inli-

158 1471 315 1515 delium
350 1473 505 1528 possint
549 1470 744 1527 baptizari
789 1472 930 1513 invitis
965 1468 1242 1526 parentibus?
1276 1495 1303 1498 —
1337 1468 1485 1511 Emmi.
1521 1467 1662 1511 andito
1685 1471 1793 1509 -voto

163 1542 245 1587 DD.
279 1541 586 1597 Consultornm,
621 1542 818 1586 dixerunt
851 1555 931 1585 non
968 1541 1108 1593 licere,
1143 1542 1219 1583 nisi
1253 1543 1291 1582 in
1317 1539 1492 1583 articulo
1518 1540 1660 1582 mortis
1684 1554 1722 1582 ³».

280 1613 357 1657 Sed
394 1613 645 1671 quandoque
680 1615 860 1656 rationes
892 1611 1158 1669 supradictae
1190 1610 1311 1654 aliter
1343 1615 1521 1664 cessant,
1554 1623 1657 1666 qnos
1679 1621 1800 1652 casus

161 1684 480 1742 comprehendit
511 1697 690 1742 sequens
721 1684 748 1742 ξ
784 1683 822 1726 2.
856 1681 996 1726 Eoetra
1029 1682 1179 1726 mortis
1213 1681 1466 1740 periculam,
1500 1680 1541 1737 a)
1575 1678 1797 1723 dummodo

160 1754 396 1799 catholicae
427 1755 517 1798 eius
551 1754 793 1799 educationi
841 1760 1010 1797 cautum
1042 1754 1110 1809 sit,
1146 1754 1329 1797 conditio
1364 1752 1534 1796 fundata
1579 1753 1617 1794 in
1651 1763 1798 1795 secura

161 1829 434 1884 promissione
482 1826 604 1880 illius,
652 1828 722 1884 qni
774 1830 985 1883 praestare
1035 1825 1073 1868 id
1125 1827 1264 1881 possit,
1301 1823 1365 1867 vel
1400 1826 1439 1866 in
1473 1823 1799 1867 circumstantiis

163 1898 336 1954 provide
369 1899 604 1942 constitutis
635 1911 682 1941 ac
718 1897 1006 1954 perduraturis
1050 1898 1164 1939 iuxta
1199 1895 1479 1952 prudentiam,
1514 1893 1630 1937 licite
1662 1892 1795 1950 bapti-

159 1974 297 2023 zatur,
331 1969 499 2027 qnando
533 1982 626 2012 cum
654 1968 722 2012 illa
745 1968 982 2012 conditione
1015 1968 1220 2011 adversus
1244 1966 1476 2023 periculum
1502 1966 1796 2022 perversionis,

159 2045 381 2084 concurrat
415 2052 496 2083 una
529 2053 579 2083 ex
613 2038 886 2098 sequentibus
917 2040 1112 2082 auferens
1145 2043 1262 2082 actus
1297 2039 1562 2080 iniustitiam:
1598 2061 1623 2067 -
1658 2036 1716 2080 1⁰.
1751 2035 1797 2079 Si

155 2116 356 2168 parentes
391 2113 666 2168 proximiores
698 2110 761 2154 ‘cel
795 2116 966 2162 tutores,
1001 2110 1154 2168 quibus
1187 2111 1318 2166 patria
1343 2113 1523 2166 potestas
1547 2110 1636 2151 iure
1659 2106 1794 2151 delata

159 2185 223 2235 sit,
256 2187 331 2225 aut
362 2181 513 2225 saltem
558 2196 665 2225 unas
709 2196 867 2234 eoram,
909 2184 975 2226 cui
1022 2185 1162 2237 utpote
1195 2194 1269 2224 suo
1303 2183 1392 2224 iure
1427 2184 1539 2223 recte
1574 2181 1700 2222 utenti
1735 2183 1797 2221 est

159 2254 446 2309 deserendum,
480 2253 716 2297 consentiat
748 2256 861 2297 circa
895 2254 1064 2296 infantis
1106 2254 1167 2296 sui
1193 2251 1472 2308 baptismum;
1509 2277 1535 2281 -
1569 2251 1627 2295 2⁰.
1653 2249 1794 2307 Sipa-

158 2330 313 2381 rentes,
345 2325 396 2369 ad
431 2338 535 2383 quos
578 2330 725 2369 natura
769 2327 947 2382 pertinet
992 2329 1171 2381 potestas
1206 2326 1244 2366 in
1279 2336 1442 2380 pueros,
1489 2321 1627 2365 idest:
1654 2327 1794 2379 pater,

159 2401 306 2447 mater,
340 2409 456 2447 avus,
489 2395 587 2439 avia
619 2409 668 2439 ex
706 2400 821 2452 parte
854 2395 1096 2439 alterutrius
1127 2393 1307 2449 illorum,
1342 2393 1404 2436 cet
1438 2398 1610 2443 tutores,
1644 2391 1796 2450 quibus

157 2466 223 2510 illa
259 2471 437 2523 potestas
470 2467 652 2524 legitime
686 2467 919 2521 derivatur,
952 2467 993 2523 a)
1019 2465 1173 2520 desint,
1209 2465 1250 2522 b)
1275 2471 1349 2508 aut
1383 2465 1449 2508 ias
1481 2464 1524 2507 in
1564 2477 1655 2506 eum
1689 2463 1793 2506 ami-

155 2537 303 2594 serint,
337 2542 458 2594 prout
490 2540 529 2581 in
565 2537 628 2582 his
661 2537 826 2581 duobus
858 2536 1023 2581 casibus
1067 2539 1170 2580 ratio
1216 2541 1340 2593 patet,
1374 2536 1414 2592 c)
1439 2535 1501 2578 vel
1534 2534 1645 2578 ictuc!
1677 2547 1796 2577 emer-

155 2622 248 2652 cere
278 2608 396 2652 nullo
426 2615 550 2667 pacto
584 2615 752 2668 queant,
787 2622 834 2653 eo
853 2609 964 2667 quod
991 2611 1140 2652 iniuria
1167 2607 1277 2651 nulla
1302 2610 1361 2651 eis
1385 2612 1483 2651 tunc
1508 2608 1592 2650 liat.

274 2681 342 2723 35.
382 2683 565 2727 Eadem
597 2683 825 2739 quaestio
848 2683 911 2727 de
933 2681 1205 2726 infantibus
1237 2681 1643 2726 acatholicorum.
1667 2703 1693 2707 —
1718 2676 1794 2719 Ra-

153 2753 284 2795 tiones
318 2757 465 2808 nrgent
496 2757 536 2795 et
571 2751 742 2808 periculi
795 2753 897 2794 ratio
949 2762 1246 2808 nonnunquam
1299 2752 1457 2804 fortior,
1505 2748 1672 2806 quando
1727 2760 1792 2803 pa-

275 2906 284 2927 1
315 2907 332 2939 l
361 2905 460 2941 Nov.
489 2905 593 2947 1678,
622 2904 695 2939 III.
726 2925 769 2930 —
798 2905 811 2926 ‘2
839 2904 883 2938 18
909 2904 1001 2938 Feb.
1033 2904 1137 2941 1705,
1167 2904 1217 2938 Π.
