1971 3261
115 114 188 148 314
521 113 605 147 Lm.
634 112 705 146 III.
736 132 748 137 -
775 112 885 146 PARS
911 111 942 145 I.
973 131 984 137 -
1010 112 1068 146 De
1093 111 1358 147 Suc-ramentis
1470 110 1564 146 Can.
1589 111 1746 146 eal-922

120 247 236 277 cessa
269 231 534 289 iizdulqentia
565 230 765 288 plenaria
797 229 860 273 vel
889 229 1095 288 partialis
1128 230 1250 287 (sicut
1275 232 1313 272 111
1336 229 1421 273 Dec
1440 228 1475 281 ⁰)
1504 242 1582 287 pro
1623 228 1746 287 festis

121 302 433 362 Apostolorum,
467 300 727 358 inleliiqitur
759 303 878 344 sicuti
914 314 963 344 ex
1000 303 1088 344 iure
1123 301 1273 357 praec.i
1308 313 1501 345 concessa
1523 298 1748 342 dumtaoeat

117 388 196 432 pro
220 386 362 416 eorum
384 372 642 428 singulorum
671 371 732 414 vel
758 372 935 415 duorum
960 370 1069 429 festo
1087 371 1239 416 natali.
1263 369 1485 414 Videlicet:
1511 385 1531 411 1(
1553 371 1748 426 negative

121 444 255 501 quoad
293 444 388 486 16513
423 442 713 485 secundaria»
754 455 792 483 v.
828 455 888 497 gr.
934 458 956 483 1(
975 440 1206 486 Cathedrae
1249 441 1286 485 S.
1323 441 1443 492 Petri,
1481 440 1532 484 de
1565 439 1747 484 Conver-

121 518 235 558 sione
268 514 307 557 S.
343 513 498 556 Pauli»
537 518 575 556 et
608 518 914 570 consequenter
946 515 1057 556 circa
1096 528 1114 553 (1
1140 525 1202 567 63,
1235 524 1342 570 quae
1364 511 1589 567 singularia
1629 523 1751 568 quae-

120 586 216 628 dam
253 585 340 628 loca
377 586 616 640 respiciunt,
650 589 691 626 111
716 582 1026 627 translationem
1052 585 1198 639 capitis
1221 582 1258 626 S.
1286 583 1477 626 Andreae
1500 581 1684 638 Apostoli
1709 596 1747 624 )›.

244 654 607 708 Quemadmodum
632 653 699 711 §gi
725 654 1020 710 praecedentes
1045 657 1212 710 propter
1247 654 1459 697 inductam
1480 654 1748 695 mutationem

120 727 262 771 (jodici
298 727 463 769 fuerunt
497 730 729 781 opportune
763 727 920 773 inserti,
965 727 1087 768 etiam
1127 726 1185 778 §¹³⁵
1218 736 1397 781 sequens
1445 723 1495 766 ad
1550 725 1748 780 aequivo-

122 800 327 842 cationem
366 796 576 839 vitandam
622 797 747 839 refert
787 798 947 851 integre
991 795 1118 840 Dec,m
1167 795 1204 838 S.
1239 793 1387 850 Congr.
1433 794 1697 850 supradictae
1722 793 1747 835 ¹.

121 871 147 923 g
182 868 218 912 3.
254 866 525 924 liidulqemia
554 865 754 923 plenaria
788 879 981 909 concessa
1015 870 1109 908 31116
1146 865 1209 908 vel
1245 869 1334 921 post
1364 862 1559 908 Codicem
1587 868 1630 906 ut
1652 877 1749 921 quo-

126 938 291 981 tidiano
325 937 363 992 3)
394 942 601 994 perpetua
637 936 678 993 b)
711 936 771 980 vel
805 936 860 979 ad
895 941 1054 994 tempus
1088 935 1158 978 sed
1194 937 1320 977 mixta
1365 933 1752 991 realis-personalis,

125 1010 201 1052 lioc
235 1014 313 1051 est:
350 1007 618 1050 visitantibus
662 1006 850 1064 aliquam
895 1007 1212 1050 determinatam
1262 1005 1323 1048 vel
1359 1007 1396 1047 in
1432 1018 1583 1061 genere
1616 1004 1657 1062 a)
1691 1018 1751 1046 ec-

124 1080 294 1122 elesiam
329 1078 372 1135 b)
406 1078 468 1121 vel
497 1078 710 1136 publicum
742 1077 994 1132 oralorium,
1013 1091 1060 1121 eo
1094 1077 1203 1135 quod
1242 1078 1464 1119 «oratoria
1503 1075 1667 1132 publica
1691 1089 1753 1119 eo-

124 1152 219 1194 dem
256 1153 342 1193 iure
376 1164 457 1207 quo
491 1150 692 1193 ecclesiae
726 1153 974 1205 reguntur»
1013 1148 1122 1205 (ean.
1151 1147 1275 1201 1191,
1299 1147 1327 1205 ξ
1352 1145 1410 1203 1),
1433 1146 1630 1190 3116111113
1655 1159 1753 1203 ergo

126 1222 382 1278 indulgentia
419 1221 599 1276 praefata
622 1220 683 1262 ita
707 1218 987 1276 intelliqenda
1010 1224 1071 1261 est
1095 1223 1139 1261 u!
1163 1218 1202 1275 a)
1227 1231 1484 1275 quacumque
1514 1217 1593 1273 die,
1630 1219 1755 1273 igitur

126 1292 237 1336 nulla
271 1298 460 1346 excepta,
494 1292 602 1348 quod
636 1291 778 1334 deerat
813 1293 850 1333 in
886 1293 953 1334 cit.
989 1289 1120 1344 Dec.⁰‚
1154 1295 1192 1333 et
1226 1289 1405 1345 explicat
1438 1288 1546 1332 illius
1582 1288 1753 1332 verbum

131 1380 154 1404 (1
176 1363 414 1421 quotidiana
442 1378 481 1412 )),
516 1362 555 1418 b)
587 1361 660 1404 secl
693 1361 820 1404 semel
855 1367 1017 1403 tantum
1051 1360 1092 1403 iii
1128 1374 1238 1403 1111110
1273 1361 1410 1402 futuro
1434 1372 1700 1417 quocumque
1723 1361 1754 1401 si

127 1439 188 1478 est
225 1438 532 1490 «perpetua»,
580 1432 643 1475 vel
687 1435 719 1475 si
764 1433 898 1475 fuerat
947 1447 965 1472 (1
991 1432 1040 1475 311
1086 1436 1292 1487 tempus»
1343 1432 1380 1472 in
1415 1429 1600 1487 quolibet
1633 1429 1756 1472 huius

130 1508 328 1561 temporis
361 1517 480 1559 anno,
525 1503 564 1560 c)
601 1504 650 1546 ab
689 1517 936 1561 unoquoque
977 1501 1105 1559 fideli,
1151 1503 1314 1545 nemine
1357 1514 1522 1558 quoque
1565 1505 1755 1556 excepto,

130 1575 296 1633 acquiri
327 1575 472 1632 possit.
508 1575 581 1618 Ast
614 1576 802 1631 sequitur
846 1573 1053 1630 generalis
1094 1573 1306 1627 exceptio:
1343 1571 1426 1613 nisi
1458 1570 1579 1613 abiud
1613 1570 1655 1612 111
1688 1569 1755 1613 de-

130 1653 241 1689 creto
274 1648 565 1696 concessionis,
609 1648 698 1688 sive
743 1644 1004 1700 Rescriptum
1049 1646 1112 1697 511,
1147 1649 1217 1686 aut
1250 1642 1394 1690 Breve,
1438 1647 1530 1698 etc.‚
1563 1655 1759 1699 eirpresse

129 1717 312 1760 dicatur.
364 1716 492 1760 ldest:
544 1717 678 1771 (utin
713 1715 853 1772 Dec.⁰)
911 1715 1065 1758 «clare
1109 1719 1148 1757 et
1191 1713 1384 1770 explicite
1431 1725 1673 1768 expressum
1707 1714 1758 1755 sit

131 1788 282 1845 tquoad
317 1794 520 1840 sensum),
556 1786 855 1842 indulgentiam
903 1785 1129 1841 plenariam
1176 1796 1319 1840 reapse
1356 1783 1541 1840 quotidie
1574 1782 1625 1826 ab
1659 1796 1757 1825 uno-

131 1872 297 1917 quoque
330 1857 597 1901 Cliristitideli
633 1859 708 1900 rite
740 1857 939 1912 disposito
972 1857 1130 1912 acquiri
1168 1868 1283 1911 posse
1306 1870 1345 1899 ›).

250 1928 347 1971 257.
375 1929 447 1973 De
469 1929 803 1974 translatione
824 1928 1239 1983 indulgentiarum
1263 1939 1370 1971 cum
1393 1926 1536 1970 festis
1558 1926 1635 1970 vel
1658 1938 1760 1981 pre-

133 2003 273 2046 cibus
296 2014 425 2057 quae
448 2002 665 2045 donatae
687 2002 800 2045 sunt
822 1999 933 2044 illis.
957 2023 1010 2027 -
1035 1996 1151 2051 Quae
1180 2011 1199 2036 «
1225 1996 1318 2038 Pius
1338 1994 1433 2039 lX...
1454 1994 1632 2051 benigne
1651 2007 1762 2037 man-

134 2070 288 2112 davit»
318 2083 389 2125 per
415 2069 540 2112 Dec.¹³²
563 2069 601 2112 S.
627 2068 777 2125 Congr.
803 2067 1160 2124 Indulgentiarum
1187 2065 1215 2120 ²,
1253 2067 1486 2125 «quamvis
1518 2065 1660 2109 alias...
1697 2064 1761 2108 vel

134 2143 328 2197 negativa
363 2142 643 2183 intercesserit
677 2141 903 2195 responsio,
925 2137 987 2181 vel
1013 2140 1053 2180 in
1076 2136 1250 2193 singulis
1273 2136 1437 2180 casibus
1462 2135 1758 2179 recurrendum

133 2223 282 2265 6556,...
317 2223 391 2253 nec
426 2222 607 2266 unquam
643 2208 827 2265 generali
862 2208 1030 2251 decreto
1075 2206 1241 2264 publice
1289 2205 1485 2262 evulgato
1528 2205 1759 2263 usquedum

135 2281 229 2324 liuic
265 2280 521 2323 translationi
571 2279 926 2335 indulgentiarum
979 2280 1190 2334 provisum
1240 2278 1425 2328 fuerit»,
1474 2275 1576 2319 haec
1609 2289 1658 2318 ex
1694 2275 1762 2318 illo

135 2350 250 2395 Dec.O
285 2355 448 2394 servata
483 2354 577 2393 sunt
612 2353 649 2392 in
685 2363 776 2394 caii.
810 2351 905 2392 922
938 2362 1010 2405 per
1043 2347 1142 2391 illud
1177 2346 1499 2403 interpretanda.
1540 2344 1762 2403 Iizdulyen-

135 2422 221 2464 tiae
259 2437 279 2462 «
306 2434 448 2464 omnes
473 2436 510 2474 )),
546 2420 758 2476 plenariae
802 2422 928 2476 igitur
960 2427 1000 2462 et
1035 2418 1228 2474 partiales
1271 2416 1462 2460 adiieoeae
1504 2432 1526 2457 (1
1548 2416 1762 2474 hucusque

134 2505 182 2535 ac
216 2494 254 2534 in
291 2496 544 2548 posterum»
583 2490 623 2547 3)
656 2490 781 2549 festis
821 2505 840 2531 (1
864 2489 1112 2548 quibusdam
1156 2488 1218 2531 vei
1255 2502 1327 2544 pro
1372 2487 1517 2530 iisdem
1552 2488 1662 2530 festis
1695 2486 1764 2529 ali-

135 2562 286 2621 quibus
334 2562 520 2605 ecclesiis
553 2567 591 2604 61
625 2561 802 2618 publicis
850 2562 1104 2614 oratoriis»,
1143 2563 1269 2616 atque
1316 2570 1536 2615 suppressa
1586 2558 1764 2614 indeque

135 2633 334 2690 abrogata
369 2632 553 2676 clausula
593 2648 612 2673 ‹(
641 2632 703 2675 vel
736 2635 859 2675 etiam
895 2634 927 2675 si
961 2631 1141 2684 libuerit,
1177 2631 1227 2673 de
1261 2642 1462 2673 consensu
1502 2626 1713 2672 Ordinarii
1737 2642 1758 2668 »

135 2704 271 2763 quoad
307 2716 353 2747 ea
385 2716 491 2761 quae
524 2708 767 2760 sequuntur,
804 2703 843 2758 b)
875 2701 938 2745 vel
960 2701 1095 2744 saeris
1121 2699 1515 2759 supplicationibus,
1539 2700 1611 2742 etsi
1635 2698 1762 2742 semel

205 2812 274 2893 ὅδὲ)
300 2811 338 2844 15
362 2809 498 2843 Martii
525 2809 626 2849 1852,
654 2809 744 2845 Dec.
776 2808 884 2842 auth.
913 2819 951 2842 n.
980 2808 1061 2842 356.
1092 2827 1134 2833 —
1161 2807 1174 2829 2
1201 2808 1222 2841 9
1250 2807 1353 2851 Aug.
1397 2805 1499 2847 1852,
1527 2804 1618 2838 Dec.
1647 2804 1760 2838 auth„

137 2871 176 2893 n.
279 2884 286 2891 .
1177 2879 1189 2890 .
