1971 3261
178 149 272 185 Can.
298 147 455 183 898-899
710 148 795 181 Τιτ,
824 147 891 181 IV.
913 168 924 172 -
944 147 1000 182 De
1028 149 1271 182 Poenitentz'a
1740 144 1813 178 265

177 266 261 311 bris
295 266 421 321 1602,
457 278 563 323 quae
597 268 651 308 ita
674 279 717 308 se
743 265 863 308 habet
888 265 1053 322 (canoni
1078 264 1322 321 conformis)
1345 281 1352 307 :
1393 279 1413 304 «
1439 264 1682 307 Praesertim
1712 277 1809 306 xero

177 337 279 381 haec
314 337 518 380 monenda
553 341 693 379 censet
726 337 764 379 S.
798 335 1090 392 Congregatio,
1125 341 1163 379 ut
1207 335 1373 379 rideant
1412 337 1486 391 ipsi
1513 332 1724 379 Ordinarii
1761 348 1810 377 ne

179 408 268 451 illos
300 420 421 451 casus
456 409 691 463 promiscue
728 406 816 463 (seu
853 411 895 449 ut
928 409 965 449 in
1001 419 1158 449 canone
1197 424 1218 447 «
1243 406 1489 463 regulariter
1513 405 1557 462 »)
1580 411 1808 458 reserrent,

178 478 328 536 quibus
360 479 520 522 adnexa
555 483 615 521 est
657 479 1034 521 excommunicatio
1080 480 1209 520 maior
1248 477 1305 532 (in
1341 490 1498 520 canone
1539 490 1801 520 «censura»

179 549 355 593 verbum
389 548 639 606 generalius,
671 550 766 606 quia
791 561 839 591 ex
866 560 956 591 can.
982 547 1107 597 2255,
1126 548 1154 606 ς’
1178 548 1189 590 l
1236 563 1255 588 ‹(
1280 560 1480 591 censurae
1512 552 1605 590 sunt
1627 565 1633 587 :
1664 548 1703 589 1Ο
1728 546 1808 590 Ex-

177 610 524 673 conm'ianicatio3
569 619 612 662 ⁵20
647 618 945 671 Interdictum,
993 618 1035 661 3⁰
1070 619 1360 674 Suspensio»)
1404 632 1425 662 a
1471 621 1558 661 iure
1603 621 1810 674 imposita,

176 693 295 734 cuius
327 690 530 734 absolutio
564 692 718 733 nemini
753 694 963 732 reservata
997 692 1060 738 sit,
1102 691 1175 732 nisi
1203 691 1305 732 forte
1340 689 1482 746 (atque
1508 689 1602 732 liinc
1628 689 1804 745 pruden-

176 767 238 805 ter
270 763 528 818 accipiantur
560 759 844 817 exceptiones)
880 765 1047 816 propter
1081 761 1274 816 frequens
1297 759 1538 802 scandalum
1579 764 1649 803 aut
1682 759 1804 802 aliam

176 834 452 876 necessariam
485 844 652 876 causam
687 831 813 888 aliqui
849 830 1084 874 huiusmodi
1120 843 1239 873 casus
1285 833 1525 873 nominatim
1562 830 1804 873 reservandi

180 903 465 946 viderentur»
503 902 619 960 (Dec.
655 905 723 946 cit.
763 915 800 947 n.
826 901 884 959 4).

296 974 392 1018 226.
429 975 501 1020 De
523 975 839 1020 notificandis
863 975 1286 1020 reservationibus
1310 978 1358 1019 et
1381 976 1442 1020 de
1466 975 1702 1021 facultate
1725 976 1810 1019 ab·

174 1047 398 1091 solvendi
432 1059 577 1092 casus
610 1048 675 1091 ab
711 1047 906 1091 homine
938 1048 1239 1090 reservatos.
1274 1071 1325 1075 —
1361 1044 1419 1087 Ex
1458 1044 1595 1088 verbis
1628 1058 1674 1088 ac
1709 1059 1802 1087 con—

176 1121 290 1160 textu
325 1130 414 1159 ean.
451 1118 546 1160 899
580 1115 893 1172 restringendus
926 1120 986 1158 est
1018 1115 1068 1159 ad
1103 1128 1222 1159 casus
1256 1121 1371 1158 extra
1412 1115 1631 1172 religiones
1675 1129 1805 1159 reser-

177 1191 305 1230 vatos.
338 1186 365 1244 ἓ
401 1187 435 1229 1.
472 1186 655 1229 Statoris
688 1185 814 1229 semel
847 1185 1216 1238 reservationibus,
1252 1186 1383 1228 idest:
1419 1186 1494 1229 lioc
1531 1188 1674 1242 posito,
1700 1200 1804 1243 quas

174 1271 268 1300 rere
299 1257 562 1300 necessarias
597 1262 670 1300 aut
704 1256 829 1300 utiles
864 1256 1158 1310 iuclieacere'nt,
1194 1260 1251 1300 uti
1286 1257 1519 1300 faciendum
1554 1257 1685 1300 estad
1712 1270 1805 1300 nor-

177 1341 284 1372 mam
320 1342 412 1372 can.
446 1329 529 1371 895
563 1328 832 1383 declaratam,
866 1334 1012 1371 curent
1036 1328 1218 1371 locorum
1248 1327 1475 1371 ()rdinar1'i
1497 1329 1688 1386 equidem
1717 1329 1808 1371 illas

173 1404 413 1450 statuentes,
451 1399 513 1442 vel
550 1402 673 1442 etiam
729 1398 915 1443 vicarius
963 1399 1168 1456 generalis
1215 1402 1302 1443 sine
1338 1400 1531 1443 mandato
1565 1399 1731 1456 speciali
1758 1414 1805 1443 ac

177 1469 364 1514 vicarius
397 1469 662 1527 Capitularis,
696 1476 739 1513 ut
763 1470 819 1513 ad
849 1469 1113 1514 subditorum
1144 1472 1492 1514 confessariorum
1528 1484 1575 1514 ac
1620 1471 1803 1514 fidelium

172 1541 384 1593 notitiam,
418 1542 647 1585 secundum
700 1544 910 1598 proprium
946 1541 1164 1586 arbitrium
1200 1542 1335 1600 quoad
1373 1542 1603 1586 mediorum
1639 1542 1804 1585 electio-

173 1626 283 1667 nem,
316 1613 387 1656 sed
423 1627 501 1671 quo
534 1613 708 1656 meliore
739 1613 799 1656 eis
831 1612 1029 1656 rideatur
1073 1613 1189 1656 modo
1234 1616 1347 1656 iuxta
1383 1614 1644 1670 prudentiam
1680 1619 1716 1656 et
1751 1614 1803 1656 ad

172 1683 442 1728 obtinendum
479 1697 666 1741 scopum,
715 1684 881 1728 eaedem
930 1684 1207 1740 deducantur,
1249 1701 1267 1725 «
1293 1698 1385 1727 nam
1421 1697 1625 1742 quaenam
1660 1697 1801 1728 earum

175 1757 238 1798 vis
270 1757 302 1798 si
338 1755 529 1799 lateant?
554 1772 573 1797 ))
615 1755 741 1800 verba
775 1761 871 1800 sunt
901 1756 1016 1813 (Dec.
1053 1770 1090 1800 n.
1127 1758 1165 1812 ti)
1190 1758 1228 1799 in
1253 1769 1411 1799 canone
1445 1758 1610 1805 omissa,
1635 1760 1672 1799 et
1697 1768 1803 1813 quae

172 1825 224 1870 ab
257 1828 438 1884 antiquis
461 1826 712 1871 Auctoribus
737 1832 925 1884 poterant
958 1830 1064 1871 sumi
1099 1828 1149 1871 de
1176 1830 1327 1870 virtute
1353 1829 1647 1870 reservationis
1666 1827 1799 1884 quoad

172 1899 410 1954 ignorantes
442 1911 521 1941 non
556 1901 754 1948 exercita,
787 1911 893 1957 quae
926 1901 1142 1952 sententia,
1179 1904 1221 1942 ut
1244 1898 1345 1941 alias
1368 1899 1564 1952 diximus,
1600 1898 1804 1954 displicet,

171 1980 218 2011 ac
253 1968 401 2012 melius
433 1971 692 2026 accipiantur
711 1970 761 2013 de
785 1970 1019 2025 inutilitate,
1039 1972 1128 2013 six-e
1154 1971 1337 2013 fraenum
1375 1970 1585 2013 iniiciendi
1611 1969 1805 2012 fidelibus

172 2052 244 2095 per
276 2041 467 2083 timorem
493 2053 544 2084 ne
567 2040 838 2084 absolutionis
871 2041 1120 2085 obtinendae
1143 2041 1429 2084 difficultatem
1457 2043 1681 2095 incurrant,
1712 2042 1801 2083 sive

169 2111 446 2154 convincendi
480 2125 550 2155 eos
583 2111 634 2155 de
666 2111 834 2169 speciali
869 2114 1074 2168 gravitate
1100 2117 1363 2168 peccatorum
1390 2116 1711 2155 reservatorum.
1749 2137 1802 2140 —

170 2184 438 2238 Prosequitur
481 2182 703 2227 Decretum
747 2183 841 2241 (loc.
884 2183 971 2240 cit.)
1011 2196 1206 2240 «easque
1242 2185 1563 2235 reservationes,
1598 2182 1797 2240 quamdiu

168 2254 390 2296 necessitas
422 2258 493 2296 aut
526 2253 679 2297 utilitas
728 2254 1032 2311 perduraverit,
1069 2255 1209 2297 firmas
1243 2259 1455 2298 teneant»
1504 2253 1802 2311 (congruenter

167 2322 271 2367 cani.
307 2323 406 2378 897,
440 2324 511 2368 sed
547 2324 625 2368 hoc
658 2324 821 2369 Decreti
855 2325 998 2382 sensu)
1036 2328 1074 2368 in
1108 2331 1228 2369 caum.
1263 2325 1372 2368 hunc
1397 2325 1455 2368 sic
1480 2325 1700 2368 translato:
1729 2338 1801 2366 nee

167 2392 415 2450 facultatem
449 2409 475 2437 α
506 2396 736 2439 reservatis
769 2395 1010 2439 absolvendi
1043 2396 1407 2454 em'evisetpassim
1440 2395 1794 2454 1'mperticmt,sed

169 2476 263 2507 cum
307 2467 656 2510 confessariorum
697 2467 859 2511 delectu
903 2473 941 2510 et
975 2467 1165 2523 prudenti
1201 2468 1709 2524 dispensationefortassis
1742 2466 1794 2509 ob

169 2548 453 2592 personarum,
488 2542 722 2595 temporum
758 2551 805 2582 ac
840 2538 1024 2582 locorum
1059 2541 1404 2582 circumstantias.

286 2605 427 2650 Altera
462 2620 556 2664 pars
590 2609 716 2652 num³.
753 2609 804 2652 6¹.
840 2609 920 2654 citi.
958 2608 1120 2653 Decreti
1156 2611 1240 2653 fere
1274 2614 1355 2653 tota
1390 2610 1441 2653 de
1477 2609 1604 2653 serbo
1637 2609 1686 2652 ad
1711 2622 1798 2651 rer-

169 2675 266 2719 bum
303 2679 497 2722 inseritur
531 2681 569 2721 in
602 2679 630 2737 ξ
664 2680 701 2722 2.
734 2681 787 2722 At
822 2678 1063 2723 lieciusmocli
1109 2679 1351 2723 absolvendi
1382 2680 1583 2738 locellos,
1615 2679 1795 2723 scilicet:

167 2748 274 2790 sicut
306 2749 345 2791 in
378 2749 421 2803 ἕο
456 2750 607 2806 praec¹.
642 2750 695 2794 ab
733 2753 940 2793 «statutis
965 2751 1361 2795 reservationibus»
1399 2751 1604 2799 omnibus,
1639 2750 1680 2807 a)
1706 2750 1794 2807 ipso

167 2816 273 2873 iure,
291 2831 411 2862 secus
434 2832 481 2864 ac
500 2822 538 2863 in
559 2819 734 2864 Decreto
758 2821 860 2875 cit⁰.,
880 2822 1073 2879 competit
1095 2823 1294 2865 canonico
1311 2822 1640 2879 poenitentiario
1670 2838 1690 2862 «
1710 2827 1794 2863 tum

167 2887 367 2933 ecclesiae
385 2890 638 2934 cathedralis
662 2896 746 2934 tum
772 2892 973 2936 ecclesiae
997 2893 1224 2949 collegialis
1242 2909 1263 2933 υ
1292 2893 1347 2936 acl
1366 2907 1552 2937 normam
1578 2908 1667 2936 υαη.
1694 2895 1794 2935 401.
