1971 3261
234 180 303 215 550
636 177 720 211 LiB.
747 176 817 210 III.
843 195 855 202 ·
883 176 992 209 PARS
1020 177 1047 210 I.
1073 195 1085 200 -
1111 175 1168 210 De
1192 175 1459 210 Sacramentis
1535 174 1629 210 Can.
1658 173 1861 209 1502-1503

238 299 307 341 PP.
336 297 369 340 X
396 296 466 354 (ob
491 296 529 340 id
555 296 665 353 quod
691 309 770 338 non
796 308 889 338 raro
912 294 1147 352 accidebat)
1174 307 1223 338 ne
1249 296 1511 338 matrimonia
1537 294 1720 350 periculo
1744 294 1863 338 nulli-

235 371 328 412 tatis
352 371 629 424 exponantur,
654 368 796 410 statuit
821 370 863 409 ut
888 367 926 408 iu
952 370 1162 422 posterum
1198 365 1452 422 dispensatio
1484 364 1536 408 ab
1569 365 1866 421 impedimento

235 441 506 495 proveniente
539 451 589 481 cx
624 437 829 481 adulterio
862 450 956 480 cum
991 438 1259 480 attentatione
1282 437 1534 479 matrimonii
1558 449 1754 480 concessa
1777 449 1868 480 ccu-

230 515 371 553 seatur
405 522 477 566 per
510 509 648 552 datam
683 522 705 551 a
739 508 776 551 S.
812 507 918 551 Sede
951 507 1302 564 dispensationem
1337 520 1462 563 super
1495 509 1760 550 matrimonio
1779 512 1867 551 rato

230 585 270 624 et
305 594 383 623 non
419 584 722 634 consummato,
757 580 846 622 sive
882 580 1196 634 permissionem
1243 579 1438 621 transitus
1470 577 1519 621 ad
1554 577 1655 621 alias
1689 580 1865 634 nuptias.

349 649 493 703 Quoad
532 652 802 706 praeteritum
830 662 929 692 vero
954 649 1100 692 eadem
1125 648 1329 692 Sanctitas
1352 661 1426 692 sua
1450 650 1726 704 matrimonia,
1758 661 1864 706 quae

230 723 335 765 forte
368 735 418 765 ex
453 721 530 764 hoc
563 723 698 776 capite
734 719 917 763 invalide
952 721 1049 762 inita
1087 720 1253 773 fuerint,
1289 718 1524 762 revalidare
1557 724 1598 762 et
1629 732 1776 763 sanare
1809 719 1866 762 di·

230 796 355 849 gnata
390 796 513 836 est».
550 817 602 821 —
637 790 771 834 Huius
819 790 982 833 Deci-eti
1031 794 1229 832 statutum
1265 789 1315 832 ad
1350 802 1538 833 normam
1572 788 1736 834 Codicis
1768 802 1863 833 exa-

227 868 341 907 ctum
379 864 503 906 refert
536 876 628 904 ean.
664 862 797 905 1053.
837 860 946 904 Data
980 874 1004 903 a
1039 860 1195 903 Sancto
1231 859 1349 915 Sede,
1373 864 1514 917 utpote
1548 863 1668 904 unica
1702 861 1751 904 ad
1787 860 1863 904 hoc

228 936 363 990 ipsum
399 937 675 989 competente,
709 932 750 989 a)
786 931 1049 989 dispensatio
1097 944 1223 989 snper
1271 931 1543 974 matrimonio
1581 936 1676 974 rato
1710 937 1748 974 e!
1781 945 1860 974 non

228 1008 514 1047 consummato
565 1017 638 1060 per
686 1004 724 1047 S.
758 1002 908 1059 Congr.
953 1003 1003 1045 de
1051 1001 1269 1058 disciplina
1317 1002 1681 1046 Sacramentorum
1716 1015 1865 1059 cogno·

225 1080 412 1119 scentem
450 1075 546 1118 «de
581 1076 687 1117 t'acto
734 1075 1148 1117 inconsummationis
1193 1075 1443 1116 matrimonii
1484 1078 1520 1116 ct
1556 1073 1606 1116 de
1640 1075 1856 1117 existentia

228 1159 450 1190 causarum
485 1146 535 1189 ad
571 1146 920 1202 dispensationem
956 1144 1306 1188 concedendam»
1345 1144 1395 1188 ad
1430 1157 1617 1188 normam
1653 1157 1742 1188 can.
1765 1144 1861 1198 ⁶249,

226 1216 256 1275 (δ’
288 1217 326 1272 3,
365 1217 405 1273 b)
441 1216 502 1260 ivel
534 1216 650 1274 faeta
682 1215 907 1274 permissio
942 1216 1151 1258 transilias
1183 1215 1239 1258 od
1271 1215 1383 1258 alius
1426 1216 1612 1273 nuptias,
1647 1215 1864 1259 declarans

229 1289 268 1332 id
304 1290 439 1344 ipsum
476 1288 600 1331 licere
634 1286 680 1331 ob
711 1292 1028 1344 praesnniploin
1061 1286 1252 1343 eoniuqis
1277 1292 1447 1330 mortem
1472 1289 1748 1330 necessariam
1775 1289 1863 1330 iure

225 1358 370 1401 divino
404 1363 448 1401 ut
480 1358 584 1401 aliae
620 1360 789 1414 nuptiae
836 1359 1148 1413 superviventis
1196 1357 1371 1411 valcant,
1416 1357 1614 1400 alterutra
1648 1359 1863 1401 concessio

231 1429 263 1471 l⁰
296 1428 521 1486 seenmferl
571 1429 769 1485 implicite
817 1430 855 1470 ri
906 1428 1027 1471 liuius
1075 1430 1245 1472 canonis
1277 1441 1298 1472 a
1341 1427 1450 1473 Dec.i
1499 1431 1610 1472 citati
1662 1433 1861 1485 tempore,

227 1513 392 1558 semper
426 1500 551 1543 idest:
578 1502 616 1542 in
642 1499 979 1557 quibuscumque
1002 1511 1122 1542 casus
1145 1501 1481 1553 circumstantiis,
1507 1499 1860 1557 dispensationem

230 1573 317 1627 ipso
352 1573 500 1627 prioris
534 1571 853 1627 dispensationis
885 1575 956 1613 aut
990 1572 1273 1626 permissionis
1305 1573 1426 1623 tacto,
1459 1583 1566 1628 quae
1590 1570 1737 1614 liberat
1772 1584 1861 1627 per-
1926 1610 1935 1618 ,

228 1654 370 1685 sonam
406 1641 455 1684 ab
490 1640 785 1698 impedimento
821 1643 926 1683 inter
961 1643 1090 1697 ipsam
1111 1646 1148 1684 et
1173 1641 1294 1685 aliam
1317 1642 1588 1699 proveniente
1611 1641 1651 1698 a)
1677 1656 1728 1684 etr
1746 1641 1862 1685 adnl-

232 1712 337 1756 {erio
370 1712 490 1755 simul
528 1714 639 1755 iuxta
676 1714 1058 1768 interpretationem
1110 1718 1217 1755 can.³
1265 1713 1418 1756 citandi
1464 1714 1642 1756 suturam
1685 1712 1728 1770 h)
1773 1727 1861 1756 enni

226 1783 508 1841 promissione
540 1782 602 1825 rel
635 1783 917 1826 attentatione
949 1783 1226 1829 matrimonii,
1266 1783 1342 1827 hac
1380 1799 1399 1825 c(
1424 1786 1547 1827 etiam
1588 1797 1660 1840 per
1692 1783 1860 1827 civilem

228 1858 367 1897 actum
404 1858 561 1896 tantum
586 1869 626 1908 ›>,
664 1866 743 1896 uno
781 1853 907 1897 verbo
936 1853 1327 1909 «dispensationem
1353 1854 1404 1898 ab
1430 1854 1764 1910 impedimento»
1788 1857 1862 1898 cri-

230 1926 350 1967 minis
383 1929 530 1967 neutro
565 1929 753 1981 patrante
788 1925 1129 1981 coniugicidium,
1173 1938 1244 1967 scu
1279 1926 1329 1969 ad
1365 1938 1553 1969 normam
1597 1938 1685 1969 can.
1736 1925 1860 1979 1075,

228 2009 266 2038 n.
291 1997 326 2039 1.
346 1995 463 2050 Quod
485 1997 642 2039 crimen
663 2008 756 2038 cum
780 2009 856 2038 non
877 2009 1043 2051 semper
1066 1998 1227 2051 existat,
1250 2002 1465 2052 propterea
1492 1997 1542 2039 de
1562 1996 1637 2040 liac
1662 1996 1860 2053 implicita

227 2067 535 2123 dispensatione
568 2071 687 2109 caret
721 2080 875 2110 canon:
912 2066 949 2109 si
980 2081 1061 2124 qna
1095 2080 1198 2124 opus
1230 2067 1310 2115 sil,-
1342 2072 1521 2110 attamen
1568 2067 1667 2110 liaec
1692 2068 1860 2123 impedi·

229 2139 354 2179 menti
391 2136 590 2181 relaxatio
627 2139 714 2179 iure
748 2139 989 2191 sustinetur,
1023 2139 1217 2194 quamvis
1252 2151 1451 2194 personae
1487 2137 1580 2181 illae
1614 2151 1693 2181 non
1728 2140 1858 2181 inten-

228 2208 327 2251 dant
361 2207 607 2250 contrahere
643 2210 748 2250 inter
780 2221 836 2250 se.
872 2208 1052 2251 Additur
1084 2222 1281 2265 expresse
1303 2209 1414 2266 quod
1440 2208 1660 2252 Decretum
1686 2212 1753 2253 cit.
1780 2223 1858 2252 uon

228 2279 379 2321 edixit:
421 2278 471 2320 ll⁰
497 2278 669 2321 minime
692 2292 786 2321 vero
820 2279 1016 2322 alterutra
1054 2280 1264 2335 praedicta
1298 2283 1510 2323 concessio
1550 2295 1570 2321 ((
1593 2281 1854 2324 secumfert»

228 2348 584 2406 dispensationem
620 2349 669 2391 ab
703 2349 998 2407 impedimenlo
1044 2352 1150 2393 iuter
1189 2364 1405 2406 personam
1441 2352 1630 2394 eamdem
1665 2356 1704 2395 et
1735 2351 1857 2395 aliam

228 2432 552 2477 ‹piamcumque,
586 2419 636 2463 de
669 2435 748 2478 qno
782 2421 823 2463 in
860 2435 950 2463 edii.
986 2423 1120 2474 1075,
1156 2436 1222 2466 nn.
1248 2424 1292 2476 ⁴3,
1316 2423 1347 2464 3
1378 2422 1558 2465 scilicet:
1594 2424 1780 2466 criminis
1802 2422 1859 2465 al·
1922 2439 1932 2449 ‘
1964 2480 1965 2488 ἵ

230 2494 385 2532 terutro
419 2490 608 2534 adultero
645 2491 706 2534 vel
744 2496 919 2549 utroque
954 2497 1140 2548 patrante
1173 2493 1512 2549 coniugicidium.

347 2560 443 2603 448-
482 2563 846 2619 Rescriptorum
871 2564 918 2609 S.
942 2564 1084 2609 Sedis
1108 2565 1339 2610 validitas
1373 2578 1469 2610 non
1504 2567 1737 2610 obstante
1759 2567 1857 2612 illo·
1921 2562 1947 2641 ζ

228 2645 332 2676 rum
357 2633 492 2676 vitio.
510 2657 566 2662 —
587 2632 625 2674 ln
648 2635 802 2675 normis
828 2633 1108 2688 peculiaribus
1129 2635 1138 2655 ¹
1167 2633 1275 2690 (cap.
1313 2633 1378 2677 Vll
1404 2634 1489 2677 Art.
1513 2634 1560 2677 ΙΙΙ
1586 2636 1643 2677 u.O
1666 2634 1757 2691 210)
1794 2636 1847 2678 le-

228 2703 359 2756 gitur:
400 2716 419 2741 ((
447 2701 779 2758 Dispensationes
803 2716 824 2746 a
860 2704 1089 2747 minoribus
1124 2705 1429 2760 impedimentis
1462 2705 1743 2748 concedentur
1776 2719 1858 2748 om-

227 2771 300 2814 ¹nes
330 2785 382 2813 eoe
414 2772 740 2815 ralionabililms
775 2774 914 2816 causis
948 2788 971 2816 α
1007 2774 1046 2817 S.
1073 2774 1177 2817 Sede
1196 2774 1400 2832 probatis.
1426 2776 1491 2819 Sic
1511 2788 1610 2831 ergo
1634 2789 1855 2819 concessae

346 2926 357 2946 1
386 2924 487 2958 Ordo
514 2925 731 2959 servandus
759 2927 799 2960 in
827 2927 1002 2961 Romana
1029 2927 1158 2961 Curia.
1189 2927 1264 2962 CO.
1288 2928 1318 2969 1,
1348 2929 1403 2962 91.
