1971 3261
183 78 252 112 344
576 75 661 109 Lm.
689 75 761 109 111.
791 95 803 100 -
832 75 940 109 PARS
965 75 996 110 Ι.
1026 95 1037 100 -
1065 75 1122 110 De
1146 75 1411 111 sacramentis
1616 77 1710 113 Can.
1734 78 1808 113 940

183 196 261 240 alia
296 196 477 252 pericula
511 194 721 249 subituris,
756 199 825 237 aut
861 196 940 237 reis
973 194 1118 237 ultimo
1149 194 1353 251 supplicio
1388 208 1481 238 mox
1519 196 1747 240 alliciendis
1767 213 1805 240 u.

182 267 259 310 Sed
296 272 336 309 ut
369 266 522 309 dicitur
555 264 707 308 ibidem
743 279 779 308 n.
816 265 852 319 5,
887 269 982 308 sunt
1019 267 1126 322 «qui
1165 277 1262 321 prae
1293 268 1408 308 senio
1442 266 1653 321 deficiunt,
1687 272 1727 311 et
1765 269 1803 310 in

181 338 290 381 diem
329 336 521 379 videntur
552 337 804 389 morituri»,
839 340 1005 391 propter
1038 335 1146 392 quod
1195 335 1310 379 addit
1356 348 1510 379 canon:
1562 336 1602 383 bl
1648 337 1711 380 vel
1758 337 1805 381 ob

180 407 356 460 senium,
389 406 428 463 c)
463 406 506 448 in
536 405 725 462 periculo
758 405 906 448 mortis
942 411 1143 461 versetur,
1185 419 1279 449 nam
1331 422 1354 448 α
1372 406 1449 450 hoc
1496 413 1802 451 sacramentum

181 483 239 522 est
275 477 463 520 ultimum
498 476 728 519 remedium
764 476 804 533 (a
836 475 997 520 Christo
1032 476 1297 534 institutum),
1331 477 1441 534 quod
1466 477 1648 521 Ecclesia
1674 483 1805 527 potest

181 549 383 601 conferre,
416 549 531 605 quasi
568 547 806 590 immediate
839 547 1061 603 disponens
1094 547 1142 590 ad
1178 547 1366 604 gloriam.
1400 548 1449 591 Et
1482 549 1574 592 ideo
1613 549 1692 593 illis
1715 555 1801 593 tan-

182 625 267 663 tum
303 617 609 662 infirmantibus
641 617 765 661 debet
797 617 1001 671 exhiberi,
1047 620 1115 675 qui
1165 626 1260 661 sunt
1308 620 1345 660 in
1394 623 1501 662 statu
1548 622 1804 673 exeuntium,

185 694 351 747 propter
383 689 461 732 hoc
494 689 601 746 quod
637 689 853 745 aegritudo
886 693 977 732 nata
1013 694 1073 731 est
1107 689 1303 732 inducere
1338 694 1527 744 mortem,
1561 695 1600 733 et
1641 691 1692 734 de
1738 705 1803 747 pe-

183 760 314 804 riculo
348 762 577 814 timetur›);
612 773 659 802 eo
694 761 826 815 magis
857 759 967 816 quod
1008 759 1170 803 «habet
1203 773 1274 815 pro
1310 760 1524 816 principali
1568 761 1716 805 effectu
1762 763 1804 805 il-

142 856 144 858 ·
184 831 263 874 lam
295 833 532 887 sospitatem
569 843 675 886 quae
708 829 969 885 exeuntibus,
1003 834 1042 873 et
1075 831 1152 873 iter
1185 829 1235 873 ad
1270 829 1445 886 gloriam
1478 831 1697 887 agentibus
1744 839 1805 876 est

183 903 415 945 necessaria
434 917 454 942 »
485 901 512 941 ¹.

301 971 402 1007 Porro
432 972 599 1007 «nullum
627 976 899 1015 sacramentum,
928 971 976 1007 ait
1004 971 1041 1006 D.
1063 971 1125 1006 Th.
1140 972 1166 1009 ².
1188 972 1279 1017 quod
1299 971 1401 1007 habet
1419 972 1578 1007 effectum
1599 978 1803 1019 perpetuum

181 1030 282 1066 debet
308 1031 437 1073 iterari,
464 1031 546 1076 quia
571 1031 811 1066 ostenderetur
836 1035 1097 1065 sacramentum
1125 1041 1195 1065 non
1224 1030 1330 1070 fuisse
1367 1030 1484 1066 efficax
1522 1031 1567 1065 ad
1608 1031 1806 1067 faciendum

182 1090 281 1125 illum
308 1090 488 1132 effectum;
514 1094 546 1125 et
572 1089 621 1125 sic
638 1089 732 1125 fieret
759 1089 888 1125 iniuria
914 1089 962 1124 illi
991 1094 1222 1125 sacramento.
1253 1088 1519 1125 Sacramentum
1558 1095 1675 1126 autem
1715 1092 1806 1137 quod

183 1149 286 1184 habet
310 1148 468 1184 effectum
497 1159 564 1184 non
595 1153 811 1195 perpetuum,
845 1153 954 1194 potest
979 1147 1094 1183 iterari
1122 1148 1198 1184 sine
1224 1148 1364 1189 iniuria,
1383 1153 1420 1183 ut
1445 1148 1586 1184 effectus
1604 1149 1804 1195 deperditus

181 1208 303 1243 iterato
328 1213 561 1254 recuperetur.
595 1207 631 1242 itt
657 1207 739 1253 quia
765 1208 896 1243 sanitas
921 1207 1075 1253 corporis
1100 1212 1133 1242 et
1160 1207 1301 1247 mentis,
1330 1218 1419 1253 quae
1444 1213 1496 1242 est
1521 1208 1661 1243 effectus
1691 1208 1806 1244 huius-

183 1267 273 1302 modi
301 1267 523 1309 sacramenti,
554 1272 664 1313 potest
688 1267 817 1311 amitti,
847 1271 1028 1312 postquam
1057 1266 1159 1301 fuerit
1187 1277 1245 1312 per
1270 1271 1529 1301 sacramentum
1556 1267 1697 1313 effecta3
1727 1267 1804 1303 ideo

183 1327 247 1362 hoc
272 1331 530 1361 sacramentum
557 1326 630 1362 sine
655 1326 706 1361 sui
735 1326 866 1361 iniuria
894 1330 1003 1372 potest
1029 1325 1194 1362 iterari».

301 1387 463 1420 Attamen
495 1386 590 1420 «hoc
615 1390 874 1421 sacramentum
902 1396 972 1420 non
999 1384 1140 1430 respicit
1165 1389 1304 1419 tantum
1330 1383 1585 1427 infirmitatem,
1616 1386 1674 1421 sed
1701 1385 1805 1421 etiam

183 1444 398 1480 infirmitatis
424 1449 573 1480 statum:
600 1445 682 1490 quia
708 1456 777 1479 non
805 1445 907 1480 debet
932 1444 1005 1479 dari
1034 1444 1102 1478 nisi
1131 1444 1284 1478 infirmis
1310 1443 1369 1489 qui
1399 1444 1593 1479 secundum
1613 1444 1805 1480 humanam

181 1504 459 1539 aestimationem
487 1504 649 1539 videntur
675 1504 775 1539 morti
803 1503 1097 1550 appropinquare.
1124 1501 1305 1546 Quaedam
1330 1507 1447 1538 autem
1474 1503 1697 1539 infirmitates
1734 1515 1804 1539 non

182 1567 264 1598 sunt
281 1563 488 1598 diuturnae:
518 1564 611 1599 unde
636 1563 663 1597 si
692 1563 728 1597 in
766 1563 815 1598 eis
853 1563 956 1598 datur
982 1563 1043 1598 hoc
1071 1567 1345 1604 sacramentum,
1374 1567 1458 1597 tunc
1484 1563 1624 1608 quando
1644 1563 1745 1598 homo
1762 1563 1805 1598 ad

182 1626 310 1657 statum
338 1621 437 1657 illum
467 1622 623 1668 pervenit
648 1622 738 1667 quod
766 1622 810 1656 sit
836 1622 872 1656 in
899 1621 1052 1667 periculo
1079 1621 1214 1658 mortis,
1244 1631 1315 1656 non
1342 1621 1471 1656 recedit
1495 1632 1516 1656 a
1541 1625 1632 1656 statu
1652 1621 1720 1664 illo,
1740 1622 1806 1656 nisi

181 1680 386 1716 infirmitate
411 1686 550 1716 curata:
579 1686 612 1716 et
638 1681 686 1716 ita
712 1691 782 1715 non
809 1680 910 1715 debet
937 1680 1062 1715 iterum
1088 1679 1226 1725 inungi.
1256 1678 1322 1715 Sed
1349 1679 1375 1713 si
1412 1679 1602 1714 recidivum
1642 1680 1807 1726 patiatur,

179 1740 244 1775 erit
271 1739 340 1774 alia
367 1739 576 1781 infirmitas3
605 1745 637 1775 et
665 1740 788 1785 poterit
815 1739 887 1775 fieri
914 1739 983 1774 alia
1009 1738 1180 1774 inunctio.
1211 1738 1392 1782 Quaedam
1420 1749 1499 1773 vero
1537 1743 1620 1774 sunt
1657 1739 1808 1784 aegritu-

179 1799 280 1833 dines
316 1798 516 1843 diuturnae,
557 1804 594 1834 ut
625 1799 769 1840 hectica,
796 1797 996 1845 hydropisis
1022 1803 1054 1833 et
1081 1797 1303 1841 huiusmodi;
1333 1802 1366 1832 et
1393 1797 1428 1831 in
1456 1797 1585 1832 talibus
1614 1808 1683 1832 non
1709 1798 1810 1834 debet

183 1857 254 1893 fieri
281 1859 411 1901 unctio,
442 1859 508 1893 nisi
537 1858 676 1904 quando
703 1858 866 1893 videntur
892 1857 1078 1904 perducere
1103 1857 1145 1892 ad
1175 1857 1368 1903 periculum
1397 1856 1540 1897 mortis;
1568 1861 1601 1892 et
1638 1858 1666 1891 si
1706 1858 1808 1893 homo

181 1916 280 1952 illum
307 1918 492 1954 articulum
519 1919 654 1961 evadat,
679 1919 800 1954 eadem
827 1917 1032 1953 infirmitate
1057 1918 1218 1958 durante,
1241 1921 1274 1952 et
1301 1917 1426 1952 iterum
1444 1916 1488 1951 ad
1507 1916 1656 1952 similem
1676 1921 1805 1952 statum
1839 1934 1844 1937 Α

184 1987 242 2022 per
269 1977 364 2012 illam
390 1978 645 2023 aegritudinem
672 1978 869 2018 reducatur,
898 1978 1024 2013 iterum
1053 1981 1163 2022 potest
1181 1977 1320 2021 inungi,
1341 1976 1424 2022 quia
1442 1975 1510 2010 iam
1530 1976 1627 2021 quasi
1648 1981 1699 2011 est
1716 1976 1806 2011 alius

181 2035 396 2071 infirmitatis
422 2042 547 2078 status,
576 2037 737 2083 quamvis
764 2048 832 2072 non
860 2037 904 2071 sit
929 2037 997 2072 alia
1024 2036 1212 2071 infirmitas
1239 2035 1477 2081 simpliciter»
1500 2035 1527 2070 3.

299 2108 424 2152 Recte
459 2112 584 2165 igitur
615 2111 758 2152 statuit
788 2112 846 2152 sic
881 2108 1174 2165 intelligendus
1211 2111 1236 2162 g
1281 2108 1317 2150 2.
1362 2106 1410 2150 ln
1453 2106 1596 2150 eadem
1640 2110 1804 2163 proprie

182 2179 443 2235 infirrm‘tate,
477 2183 566 2223 sive
599 2180 792 2223 diuturna
827 2182 892 2235 sit,
924 2182 1014 2223 sive
1047 2193 1126 2222 non
1161 2180 1370 2232 diuturna,
1404 2177 1478 2221 hoc
1500 2183 1710 2221 extremae
1735 2192 1805 2221 un-

181 2253 328 2295 ctionis
359 2256 668 2294 saeroementum
703 2251 856 2293 iterari
887 2264 969 2293 iton
989 2256 1126 2308 potes!
1148 2252 1236 2293 sine
1259 2251 1387 2306 ipsius
1410 2251 1559 2291 iniuria
1581 2262 1652 2291 seu
1676 2251 1802 2292 sacri-

183 2322 302 2378 legio,
336 2321 419 2364 nisi
451 2321 643 2378 infirmus
677 2334 940 2379 quacumque
974 2321 1279 2378 praedictarum
1315 2320 1600 2362 infirmitatum
1637 2318 1677 2376 a)
1709 2325 1803 2377 post

180 2397 414 2449 susceptam
450 2393 685 2435 unctionem
719 2393 770 2435 de
804 2405 885 2450 qua
918 2396 978 2435 est
1010 2393 1223 2447 inscriptio
1265 2389 1527 2434 convaluerit
1569 2392 1802 2446 respective

180 2463 232 2506 ab
266 2464 505 2506 infirmitate
542 2463 603 2506 vel
638 2476 763 2507 evaso
797 2466 941 2506 mortis
986 2465 1198 2518 proximae
1242 2461 1438 2518 periculo,
1485 2465 1651 2516 propter
1692 2461 1802 2518 quod

181 2537 291 2576 recte
323 2545 369 2576 ac
406 2536 570 2589 proprie
603 2533 891 2590 subiungitur:
928 2533 970 2590 b)
1003 2538 1041 2574 et
1075 2532 1118 2574 in
1153 2531 1275 2574 aliud
1307 2531 1418 2574 vitae
1459 2529 1685 2573 discrimen
1727 2531 1803 2574 for-

181 2606 299 2647 tassis
345 2604 531 2647 eiusdem
582 2605 847 2658 infirmitatis,
886 2617 934 2647 eo
982 2603 1091 2661 quod
1140 2605 1428 2659 exceptionem
1478 2603 1646 2644 canonis
1694 2601 1801 2645 istud

180 2687 341 2717 comma
376 2673 555 2728 exhibet,
590 2677 679 2717 sive
714 2688 868 2717 novum
901 2673 1186 2717 tantummodo
1220 2673 1441 2716 discrimen
1476 2673 1540 2726 sit,
1578 2673 1667 2714 sive
1705 2674 1801 2728 quia

300 2780 310 2801 1
336 2780 382 2814 D.
409 2778 493 2820 Th„
534 2779 604 2813 loc.
633 2780 716 2821 cit„
742 2792 774 2813 a.
801 2780 822 2812 2
848 2790 949 2823 corp.
976 2783 1017 2812 et
1042 2778 1088 2812 ad
1115 2779 1176 2812 2¹1¹.
1204 2797 1246 2802 -
1272 2778 1287 2799 2
1318 2776 1452 2821 Suppl.
1481 2788 1515 2821 q.
1540 2774 1732 2817 XXXIII,
1758 2788 1792 2810 a.

183 2831 215 2865 1,
245 2839 272 2862 c.
301 2848 344 2853 —
370 2828 385 2849 3
412 2827 544 2872 Suppl.
572 2838 606 2871 q.
636 2826 826 2868 XXXIII,
852 2838 886 2860 a.
914 2827 950 2869 2,
978 2837 1010 2860 c.
