1971 3261
135 118 225 154 Can.
256 118 348 153 1083
641 117 726 150 Tim.
757 117 844 151 VII.
873 138 885 142 -
916 117 969 152 De
996 118 1256 152 fllatrimonz‘o
1697 119 1769 152 605

133 252 212 282 non
247 238 547 282 determinaret
579 236 761 294 aliquam
787 237 1058 293 singularem,
1085 237 1188 281 bene
1221 242 1359 280 autem
1395 237 1623 295 quamlibet
1647 238 1768 281 aliam

132 309 343 352 diversam
379 306 430 350 ab
464 319 510 350 ea
544 319 639 350 cum
675 319 754 363 qua
805 320 980 350 erronee
1028 306 1314 362 contrahatur,
1348 320 1394 350 eo
1428 308 1536 363 quod
1574 308 1674 352 haec
1709 323 1770 351 or-

133 377 224 422 bata
258 380 308 421 sit
343 377 409 421 illa
443 376 657 435 qualitate,
694 382 735 419 ut
778 379 1037 433 supponitur.
1074 377 1200 421 Error
1247 390 1347 434 ergo
1383 380 1420 420 in
1454 377 1642 421 subiecto
1676 393 1769 422 con-

132 449 320 493 trahente
352 448 506 491 dicitur
539 447 776 490 redundare
811 449 849 489 in
885 461 1070 491 errorem
1108 461 1321 504 personae,
1355 451 1450 506 quia
1488 451 1525 490 in
1559 448 1625 491 tali
1661 449 1768 492 cele-

133 519 290 563 brando
326 520 605 572 matrimonio,
638 531 886 561 consensum
922 518 1091 562 adhibet
1126 532 1203 562 non
1238 519 1358 562 aliter
1390 532 1438 563 ac
1473 519 1539 562 ille
1573 523 1641 577 qui
1677 534 1770 564 con-

132 590 314 634 traheret
347 603 441 634 cum
476 603 618 633 errore
650 590 745 632 tacti
795 592 906 633 circa
957 603 1189 646 personam.
1225 589 1311 634 Hoc
1345 593 1526 645 eveniet,
1560 594 1591 634 si
1627 606 1770 634 errans·

131 664 241 706 circa
274 661 517 719 qualitatem
553 660 652 703 dum
688 659 907 715 contrahit,
942 663 1000 704 sic
1034 660 1205 703 alteram
1243 674 1460 717 personam
1499 667 1635 704 mente
1669 662 1772 705 desi-

131 737 278 789 gnaret
312 745 383 788 per
418 731 528 774 illam
564 730 822 788 qualitatem,
849 736 889 774 ut
926 733 1138 787 proprium
1165 745 1411 774 consensum
1439 732 1591 787 dirigat
1616 735 1654 775 in
1679 746 1768 776 eam

130 806 189 847 sic
223 803 498 859 designatam,
523 815 629 859 quae
663 802 882 845 evidenter
916 815 995 845 non
1030 807 1086 844 est
1125 801 1191 844 illa
1217 816 1310 845 cum
1346 815 1425 860 qua
1460 803 1511 845 de
1546 804 1651 846 t'acto
1675 818 1771 847 cou-

131 873 270 928 trahit,
304 879 343 917 et
377 886 476 930 erga
511 886 634 930 quam
670 886 917 916 consensum
954 873 1242 915 tantummodo
1286 875 1495 929 exprimit,
1531 872 1687 931 absque
1721 887 1769 916 eo

129 944 239 1003 quod
277 947 438 987 interne
471 945 717 987 consentiat.
750 944 788 986 Si
827 957 926 986 vero
959 942 1201 1000 qualitatem
1244 942 1355 986 illam
1390 957 1467 986 non
1505 946 1699 1000 respiciat
1733 946 1769 987 in

135 1017 303 1072 proprio
337 1015 542 1059 eliciendo
576 1027 796 1068 consensu,
829 1015 926 1057 dum
972 1026 1116 1057 errans
1163 1014 1382 1068 contrahit,
1416 1014 1487 1057 sed
1523 1027 1769 1058 consensum

130 1086 273 1143 dirigit
305 1086 354 1129 ad
392 1085 607 1142 physicam
645 1097 861 1140 personam
897 1098 991 1127 cum
1026 1096 1106 1141 qua
1137 1086 1334 1141 exprimit
1369 1084 1498 1139 illum,
1525 1089 1624 1128 tunc
1658 1090 1771 1128 certe

132 1159 174 1200 tit
209 1159 521 1200 matrimonium
556 1157 652 1214 quia
688 1169 767 1198 non
793 1156 909 1199 deest
935 1159 1102 1198 mutuus
1125 1168 1364 1198 consensus.
1400 1155 1485 1198 Nec
1512 1157 1637 1199 ret'ert
1661 1161 1771 1211 tunc,

130 1228 370 1285 qualitatem
406 1240 495 1270 esse
530 1229 702 1269 minoris
740 1226 801 1269 vel
838 1225 1031 1269 notabilis
1066 1228 1278 1273 momenti,
1302 1228 1352 1269 sit
1387 1239 1504 1269 error
1538 1240 1651 1269 mere
1676 1240 1770 1270 con·

129 1301 332 1342 comitans
369 1297 431 1341 vel
467 1298 570 1341 dans
604 1309 770 1340 causam
806 1299 1052 1351 contractui,
1087 1299 1184 1354 quia
1209 1299 1247 1339 in
1273 1296 1349 1340 hac
1376 1301 1583 1353 postrema
1608 1302 1645 1340 et
1671 1297 1770 1340 ditii-

128 1369 261 1412 ciliori
295 1370 593 1425 suppositione,
618 1381 735 1411 error
768 1367 980 1425 qualitatis
1008 1369 1146 1423 arguit
1174 1366 1427 1410 voluntatem
1456 1370 1770 1424 praesunmtire

131 1444 386 1487 renuentem,
426 1439 604 1482 scilicet:
639 1441 670 1482 si
705 1438 958 1482 contrahens
991 1439 1043 1481 de
1077 1451 1219 1481 errore
1253 1440 1490 1494 cogitasset,
1523 1438 1593 1482 sed
1632 1441 1770 1481 huius-

131 1511 238 1555 modi
276 1524 454 1554 renuens
490 1510 682 1553 voluntas
715 1512 884 1552 omnino
918 1508 1063 1562 abluit,
1096 1513 1237 1566 utpote
1273 1514 1553 1566 praesumpta.

245 1603 344 1648 Quae
367 1603 537 1650 explicavi
557 1603 636 1639 aliis
656 1603 769 1639 verbis
789 1602 940 1639 breviter
958 1603 1149 1638 edocentur
1166 1614 1187 1638 a
1208 1602 1247 1637 D.
1269 1601 1356 1637 'l'b.:
1377 1604 1387 1625 1
1420 1617 1434 1635 «
1455 1602 1658 1643 dicendum,
1680 1603 1771 1649 quod

129 1675 224 1700 error
252 1663 457 1706 nobilitatis,
486 1663 701 1709 inquantum
730 1662 945 1704 huiusmodi,
977 1673 1049 1698 non
1077 1667 1222 1698 evacuat
1261 1662 1540 1699 matrimonium.
1572 1663 1692 1698 eadem
1721 1674 1774 1698 ra-

127 1724 221 1759 tione
247 1735 316 1769 qua
343 1733 406 1758 nec
431 1733 527 1758 error
552 1722 746 1768 qualitatis.
777 1721 884 1766 (Quia
911 1722 1075 1757 videlicet
1102 1721 1287 1757 diversitas
1328 1722 1488 1757 fortunae
1522 1732 1562 1757 ac
1588 1722 1772 1757 diversitas

127 1782 307 1829 qualitatis
334 1793 404 1817 non
433 1782 543 1817 variat
568 1781 703 1827 aliquid
721 1792 841 1817 eorum
862 1792 951 1827 quae
970 1785 1055 1816 sunt
1073 1781 1115 1816 de
1133 1780 1287 1816 essentia
1306 1780 1535 1816 matrimonii.
1556 1780 1603 1815 lb.
1633 1781 1675 1816 ad
1696 1779 1770 1824 4¹1¹).

129 1841 196 1877 Sed
223 1841 250 1876 si
277 1852 373 1877 error
400 1841 594 1876 nobilitatis
621 1841 672 1876 vel
699 1840 882 1885 dignitatis
911 1842 958 1885 (et
985 1840 1077 1875 idem
1104 1839 1216 1885 aptari
1248 1844 1355 1885 potest
1396 1839 1570 1885 qualitati)
1598 1840 1771 1875 redundat

129 1902 165 1936 in
191 1912 345 1937 errorem
375 1911 554 1947 personae,
584 1905 669 1935 tunc
697 1900 843 1946 impedit
871 1899 1148 1935 matrimonium.
1181 1898 1278 1934 Unde
1314 1899 1342 1933 si
1381 1910 1576 1934 consensus
1617 1899 1774 1934 mulieris

132 1961 262 1996 feratur
288 1960 324 1994 in
353 1960 454 1998 istam
483 1970 669 2005 personam
696 1959 834 1999 directe,
862 1970 957 1994 error
984 1958 1177 1993 nobilitatis
1196 1958 1306 2003 ipsius
1327 1969 1395 1993 non
1417 1958 1563 2004 impedit
1594 1958 1771 1993 matrimo-

132 2020 252 2063 nium;
281 2019 308 2053 si
336 2023 454 2054 autem
480 2018 610 2053 directe
637 2017 790 2053 intendit
815 2017 1014 2053 consentire
1040 2017 1075 2051 in
1105 2016 1215 2052 filium
1251 2017 1354 2062 regis,
1384 2017 1598 2062 quicumque
1628 2018 1672 2052 sit
1700 2017 1770 2058 ille,

130 2083 215 2113 tunc
241 2077 268 2112 si
296 2077 386 2112 alius
415 2081 654 2122 praesentetur
679 2076 708 2112 ei
737 2087 842 2122 quam
864 2076 956 2111 tilius
982 2075 1085 2120 regis,
1106 2079 1157 2110 est
1183 2086 1279 2111 error
1300 2086 1481 2121 personae,
1502 2080 1534 2111 et
1562 2075 1773 2122 impedietur

134 2136 433 2172 matrimonium»
463 2136 502 2181 (i.
531 2147 560 2171 e.
587 2136 700 2182 quoad
729 2135 973 2179 validitatem),

250 2219 397 2274 Quoad
433 2221 567 2263 iorum
601 2225 821 2263 externum
858 2219 1210 2275 praesumendum
1236 2221 1313 2261 erit
1337 2232 1523 2261 errorem
1559 2218 1771 2275 qualitatis

132 2292 387 2336 redundasse
422 2294 460 2334 in
496 2305 682 2335 errorem
719 2304 933 2347 personae,
967 2290 1133 2348 quando
1173 2292 1258 2346 ipsa
1308 2289 1486 2347 qualitas
1518 2290 1769 2332 determinat

129 2362 398 2419 singulariter
432 2361 543 2405 illam
579 2374 813 2418 personam,
847 2363 1058 2405 contraria
1097 2373 1195 2403 vero
1231 2363 1511 2417 praesumptio
1545 2363 1620 2403 erit
1657 2373 1773 2416 regu-

131 2432 272 2477 lariter
303 2433 530 2491 sequenda,
563 2435 595 2476 si
630 2432 809 2490 qualitas
844 2432 911 2475 illa
949 2431 1138 2489 pluribus
1170 2434 1219 2474 sit
1253 2433 1500 2474 communis.
1524 2445 1619 2474 cum
1656 2433 1693 2473 in
1723 2444 1771 2473 eo

129 2516 226 2547 casu
261 2516 341 2546 non
375 2503 567 2561 qualitas,
600 2503 671 2547 sed
709 2502 879 2559 physica
916 2504 1147 2559 praesentia
1181 2504 1231 2545 sit
1265 2515 1372 2559 quae
1407 2507 1537 2558 potest
1573 2502 1768 2544 determi-

130 2586 230 2617 nare
248 2587 467 2631 personam
487 2588 582 2618 cum
607 2587 687 2631 qua
714 2579 882 2617 mutuus
908 2573 1137 2617 intenditur
1160 2586 1398 2616 consensus
1424 2572 1482 2616 Eo
1504 2575 1635 2628 magis
1659 2571 1768 2629 quod

130 2646 250 2688 favor
282 2647 533 2688 matrimonii
569 2645 749 2701 idipsum
786 2646 971 2701 requirit,
1009 2657 1130 2687 secus
1163 2645 1272 2686 enim
1310 2657 1387 2686 non
1423 2645 1621 2686 existeret
1657 2642 1772 2695 illud,
1801 2660 1806 2664 ·

129 2716 305 2774 ideoque
338 2718 498 2760 censeri
533 2715 656 2759 debet
689 2715 950 2773 qualitatem,
1000 2715 1050 2758 de
1084 2727 1165 2772 qua
1199 2720 1309 2758 errat
1358 2714 1624 2765 contrahens,
1663 2713 1771 2756 huuc

253 2870 264 2892 ¹
293 2869 429 2914 Suppl.
459 2879 495 2913 q.
524 2868 576 2902 LI
602 2880 636 2903 a.
661 2870 683 2901 2
709 2868 756 2901 ad
782 2869 845 2902 5¹³¹.
