1971 3261
159 82 230 116 258
554 84 639 120 Lm.
664 83 736 118 ΠΙ.
766 103 778 109 -
806 84 916 118 PARS
952 83 984 118 I.
1013 104 1024 109 -
1050 84 1108 119 De
1133 84 1399 120 Sacramentis
1597 85 1690 121 Gan.
1717 86 1789 121 893

274 205 299 256 ἓ
332 203 368 246 2.
408 201 515 245 Haec
548 202 737 246 avocatio
770 202 929 246 dieitur
956 205 993 246 in
1030 205 1118 247 iure
1150 216 1198 247 ac
1223 206 1388 260 proprio
1410 218 1533 248 sensu
1555 206 1787 250 reservatio

156 287 353 323 casuum;
384 286 491 331 quae
526 275 637 316 iuxta
676 272 727 314 1¹³²
759 273 815 330 {m
848 273 1003 329 duplex
1038 278 1111 328 est,
1147 277 1303 317 ratione
1350 277 1506 331 peccati
1551 280 1590 319 et
1624 279 1783 320 ratione

157 356 357 387 censurae
390 356 497 401 quae
534 348 749 399 peccatum
781 345 1014 388 comitetur.
1050 344 1107 388 De
1132 347 1268 401 priore
1302 358 1473 389 casuum
1504 349 1788 390 reservatione

159 414 236 458 hoc
260 416 298 457 in
323 418 457 470 capite
480 416 617 470 agitur
634 414 865 457 secundum
889 417 1017 470 ipsius
1042 417 1365 471 inscriptionem.
1389 442 1440 447 ——
1460 415 1518 460 De
1537 417 1666 461 altera
1689 431 1787 461 vero

162 487 292 542 inquit
313 485 341 542 ἓ
364 485 401 529 3.
430 483 551 538 Quod
583 484 736 528 attinet
769 484 825 528 ad
855 487 1183 529 reservationem
1216 501 1506 542 censurarum,
1524 490 1620 545 quia
1643 501 1785 532 earum

163 558 332 611 ratione,
366 561 555 598 servelur
583 559 895 613 praescriptum
929 556 1137 612 peculiare
1186 571 1258 614 pro
1309 557 1385 601 hac
1432 558 1560 602 altera
1607 572 1791 603 reserva·

163 629 272 670 tione
306 640 396 669 ean.
430 629 570 682 2246,
605 629 673 684 qui
707 627 887 683 disponit
921 627 1207 671 limitationem
1231 631 1341 672 circa
1365 642 1565 673 censurae
1601 643 1787 674 reserva-

164 700 329 751 tionem,
355 697 476 740 huius
511 699 907 754 interpretationem,
931 699 1115 756 quidque
1149 701 1356 755 importet,
1381 705 1421 743 et
1443 715 1532 743 can.
1558 703 1684 744 „9947
1707 706 1788 744 sta—

162 770 315 812 tuentis
347 767 426 810 alia
460 768 511 811 de
543 780 667 811 causa
700 769 989 811 limitationem
1028 770 1307 813 reservandae
1350 783 1565 826 censurae,
1600 785 1787 815 reserva-

163 840 284 881 tionis
320 841 401 881 vim
435 838 571 895 quoad
601 838 785 882 locorum
812 839 925 893 tines,
951 843 990 882 et
1011 840 1275 896 quandonam
1303 854 1379 883 non
1405 841 1538 884 obstet
1562 845 1789 896 reservatio

162 921 362 953 censurae
410 911 507 966 quin
559 909 743 953 eiusdem
794 909 998 953 absolutio
1054 915 1220 967 propter
1268 913 1543 967 ignorantiam
1592 926 1787 956 concessa

166 980 313 1024 valeat.

282 1051 377 1094 220.
414 1053 553 1097 Aliae
576 1055 932 1098 reservationis
955 1067 1155 1099 casuum
1178 1055 1448 1101 divisiones
1480 1054 1612 1098 solent
1635 1055 1686 1099 ab
1709 1055 1790 1099 Au-

161 1121 345 1166 ctoribus
378 1122 538 1175 atteri-13
573 1135 744 1178 nempe:
781 1122 813 1165 1⁰
846 1135 966 1166 casus
1010 1126 1211 1167 reservati
1254 1124 1322 1167 alii
1367 1125 1562 1168 dicuntur
1597 1125 1788 1183 papales,

161 1192 327 1250 quando
360 1192 518 1236 scilicet
551 1193 849 1236 iurisdictionis
883 1193 1071 1237 limitatio
1095 1196 1204 1237 circa
1229 1208 1372 1238 eorum
1396 1195 1698 1239 absolutionem
1725 1210 1791 1240 ve-

162 1264 348 1306 rilicatur
382 1265 504 1306 etiam
539 1276 587 1306 ex
623 1267 918 1307 reservationis
953 1267 1109 1308 ratione
1134 1267 1171 1307 in
1202 1267 1300 1322 ipsis
1323 1266 1557 1310 Pastoribus
1582 1268 1686 1310 infra
1710 1267 1787 1310 Ro-

165 1347 329 1377 manum
358 1334 596 1377 Pontiticem
621 1337 874 1388 constitutis3
900 1335 968 1378 alii
991 1349 1088 1379 vero
1107 1336 1365 1394 episcopales
1385 1338 1550 1394 quando
1576 1339 1788 1394 praedicta

163 1404 351 1448 limitatio
386 1405 519 1448 locum
555 1418 633 1448 non
666 1405 791 1449 habet
823 1408 862 1448 in
897 1405 1122 1463 Episcopis,
1155 1407 1301 1451 aliisve
1339 1408 1545 1452 similibus
1578 1409 1787 1453 Praelatis.

162 1475 267 1519 Num
292 1488 411 1519 casus
436 1478 634 1519 reservati
661 1478 892 1531 pertineant
915 1477 965 1520 ad
991 1490 1116 1520 unum
1140 1477 1201 1521 vel
1222 1477 1399 1521 alterum
1424 1479 1640 1523 divisionis
1666 1494 1789 1524 mem-

164 1547 281 1589 brum
318 1547 459 1589 inferri
495 1551 625 1602 potest
658 1560 707 1590 ex
743 1549 841 1603 ipsis
877 1547 1028 1598 verbis,
1062 1551 1179 1605 queis
1214 1562 1311 1591 usus
1335 1554 1395 1592 est
1424 1549 1514 1593 illos
1545 1563 1784 1603 reservans;

162 1617 534 1661 animadvertendo
559 1630 678 1661 casus
701 1618 902 1675 quosdam
928 1619 1094 1675 papales
1112 1632 1160 1662 ex
1182 1621 1504 1663 circumstantiis
1528 1623 1614 1664 tieri
1635 1623 1789 1677 episco-

164 1687 287 1744 pales7
323 1688 572 1745 quandoque
609 1702 706 1731 vero
752 1689 841 1731 illos
889 1702 910 1731 a
958 1689 1143 1746 quolibet
1180 1691 1429 1733 contessario
1462 1690 1622 1734 absolvi
1658 1705 1788 1748 posse,

162 1761 274 1802 iuxta
309 1759 498 1802 diversos
531 1771 710 1802 canones
744 1759 922 1815 idipsum
956 1760 1281 1804 determinantes
1305 1763 1547 1817 praesertim
1574 1762 1624 1805 de
1647 1775 1791 1806 censu-

163 1832 229 1884 ris,
265 1829 313 1872 ad
349 1841 525 1886 quarum
559 1834 779 1873 tractatum
816 1833 853 1872 in
892 1830 975 1874 Lib.
1003 1829 1053 1872 VO
1086 1831 1308 1887 explicatio
1341 1832 1588 1876 remittenda
1623 1835 1712 1876 erit.
1734 1859 1785 1864 —

163 1900 212 1943 ll⁰
245 1899 372 1944 Casus
405 1900 472 1944 alii
507 1905 601 1943 sunt
634 1915 659 1942 α
692 1900 785 1943 rure
816 1901 1023 1944 commum
1057 1901 1133 1945 hoc
1166 1906 1248 1945 est:
1284 1902 1545 1959 promulgato
1569 1916 1591 1946 a
1620 1904 1658 1948 S.
1682 1904 1789 1948 Sede

163 1970 382 2020 reservati,
416 1973 505 2014 sive
540 1971 723 2014 Romano
759 1971 957 2023 Pontifici,
992 1974 1082 2015 sive
1116 1971 1342 2029 Episcopis,
1368 1973 1434 2016 alii
1462 1986 1560 2016 vero
1593 1974 1788 2017 dicuntur

161 2042 368 2084 reservati
399 2041 447 2084 ab
481 2041 659 2094 homine,
682 2043 848 2099 quando
883 2045 1176 2087 reservationis
1209 2049 1353 2087 auctor
1376 2049 1436 2088 est
1459 2045 1627 2088 inferior
1649 2044 1788 2088 Rom.O

163 2113 294 2156 Pont.e
330 2113 482 2167 Pastor,
514 2115 603 2156 sive
637 2115 675 2156 in
710 2114 873 2168 Synodo
917 2117 1007 2157 sive
1051 2119 1165 2157 extra
1208 2115 1435 2171 Synodum.
1471 2142 1529 2146 —
1561 2115 1648 2159 Hae
1682 2116 1788 2159 duae

162 2183 388 2226 divisiones
423 2196 569 2227 revera
606 2188 693 2240 post
726 2183 921 2228 Codicem
968 2187 1203 2241 persistunt,
1237 2185 1309 2229 sed
1344 2188 1454 2229 circa
1489 2187 1787 2230 denominatio-

163 2267 255 2297 nem
288 2259 424 2298 essent
459 2255 695 2310 variandae,
730 2256 865 2313 quoad
902 2258 1077 2312 primam
1113 2259 1151 2298 in
1185 2269 1305 2300 casus
1337 2257 1375 2301 S.
1410 2257 1504 2300 Sedi
1539 2263 1785 2313 reservatos,

165 2323 226 2367 vel
262 2321 495 2368 Ordinariis
529 2324 728 2380 locorum,
762 2327 929 2382 proprio
962 2323 1201 2381 Ordinario,
1224 2327 1434 2382 Superiori
1466 2328 1624 2382 maiori,
1650 2329 1705 2370 uti
1731 2327 1789 2370 di—

160 2397 427 2451 stinguuntur
461 2397 497 2437 in
533 2393 685 2439 Codice
727 2396 915 2452 singulae
958 2401 1192 2440 reservatae
1235 2409 1450 2453 censurae,
1485 2402 1524 2441 et
1555 2398 1690 2454 quoad
1724 2411 1786 2442 se-

162 2466 339 2510 cundam
375 2466 623 2509 divisionem
668 2469 705 2509 in
750 2480 870 2511 casus
916 2482 987 2524 per
1029 2466 1223 2512 Codicem
1258 2473 1506 2523 reservatos,
1541 2473 1580 2512 et
1613 2481 1731 2512 casus
1763 2481 1785 2512 a

162 2536 345 2580 locorum
380 2533 613 2581 Ordinariis
649 2537 711 2581 vel
747 2550 768 2581 a
801 2540 1007 2594 supremis
1054 2538 1300 2595 religionum
1338 2538 1613 2593 (clericalium
1647 2553 1786 2583 exem·

164 2606 345 2664 piarum)
379 2602 709 2651 Moderatoribus
744 2613 991 2653 reservatos.

283 2677 465 2734 Denique
498 2682 651 2720 attente
684 2679 984 2722 consideranda
1019 2683 1079 2722 est
1111 2679 1189 2722 alia
1225 2681 1520 2723 reservationis
1552 2679 1702 2722 divisio
1734 2680 1787 2724 ab

160 2748 411 2792 Auctoribus
446 2750 547 2792 iuris
581 2749 867 2804 praecedentis
901 2749 1082 2806 probatis
1115 2750 1292 2793 admissa
1319 2752 1356 2793 in
1382 2763 1504 2793 casus
1536 2749 1788 2808 simpliciter

159 2823 394 2861 reservatos
426 2822 466 2861 et
499 2831 620 2860 casus
655 2825 888 2862 reservatos
922 2833 1012 2862 cum
1046 2833 1237 2874 censura,
1277 2824 1397 2877 prout
1440 2824 1609 2877 peccata
1651 2819 1782 2863 solum
