1971 3261
226 184 267 216 175
807 179 889 212 Llss.
917 178 988 212 III.
1019 199 1029 203 -
1056 178 1114 212 De
1140 178 1250 212 rebus·
1562 176 1654 212 Can.
1684 177 1837 213 731-732

221 299 371 341 etesiae
405 296 666 339 remmeilv'an'
700 299 721 338 i.
757 309 792 338 e.
825 295 874 338 ad
909 300 1121 338 externam
1157 307 1250 337 cum
1288 293 1480 337 fidelibus
1503 296 1838 338 communionem
1869 347 1872 352 .

221 369 386 410 admissi
419 366 602 424 fuerin&
633 378 679 408 ac
715 368 766 408 ita
804 368 1011 421 pertinere
1047 366 1244 419 incipiant
1278 376 1356 406 non
1391 363 1524 407 solum
1559 364 1608 407 ad
1643 367 1838 419 animam,

220 438 289 480 sed
325 440 444 479 etiam
480 437 528 479 ad
565 449 715 491 corpus
750 434 970 478 Ecclesiae.

343 508 403 550 tt.
441 509 511 552 De
544 508 865 552 sacramentis
899 519 993 550 non
1027 506 1280 550 iterandis.
1312 530 1340 534 -
1374 503 1503 548 Divus
1545 504 1723 550 Thomas
1766 506 1837 549 do·

218 583 279 619 συί
307 578 336 616 ¹:
377 594 395 613 ι(
420 580 676 619 sacramenta
713 587 843 617 novae
879 574 980 630 legis
1013 573 1061 616 ad
1107 573 1189 616 duo
1223 573 1481 629 ordinantur,
1514 575 1673 619 scilicet
1707 578 1744 618 in
1780 589 1840 619 re-

222 647 399 689 medium
438 648 590 700 peccati
616 649 652 687 et
687 645 735 687 ad
771 644 925 686 cultum
962 643 1166 686 divinum.
1202 642 1271 686 Est
1307 648 1444 687 autem
1479 644 1671 689 omnibus
1703 657 1840 689 sacra-

221 719 365 758 mentis
397 728 629 765 commune,
664 714 770 770 qnod
809 727 881 769 per
913 725 958 755 ea
994 712 1216 756 exhibetur
1237 713 1404 771 aliquod
1431 715 1836 775 1·emedium,contra

220 791 446 841 pem-atum,
482 799 552 840 per
587 784 660 827 hoc
695 784 802 839 quod
839 785 1015 839 gratiam
1049 785 1277 827 conterunt.
1313 784 1400 827 Non
1436 790 1574 828 autem
1609 788 1747 829 omnia
1780 798 1840 829 sa-

217 861 425 899 cramenta
471 855 713 897 ordinantur
756 854 912 897 directe
961 853 1010 896 ad
1061 854 1217 897 cultum
1262 855 1467 911 divinum,
1500 858 1607 900 sicut
1645 861 1755 913 patet
1787 857 1838 900 de

219 928 478 981 poenitentia,
515 938 585 980 per
617 937 740 982 quam
778 924 897 966 homo
932 923 1131 967 liberatur
1177 937 1199 967 a
1251 931 1438 981 peccato,
1479 939 1556 969 non
1592 931 1731 970 autem
1765 940 1838 984 per

218 996 291 1038 hm·
325 1000 627 1038 sacramentum
663 993 883 1037 exhibetur
916 993 1073 1036 homini
1106 994 1262 1051 aliquid
1306 995 1357 1038 de
1401 1009 1509 1039 novo
1543 999 1753 1053 pertinens
1786 997 1834 1041 ad

215 1067 401 1108 ‹hx-mum
428 1065 596 1119 cultum,
622 1065 692 1108 sed
719 1066 948 1107 restituitur
973 1067 1010 1107 in
1039 1069 1189 1108 statum
1228 1068 1458 1122 pristinum.
1496 1067 1676 1110 Pertinet
1698 1072 1834 1111 autem

214 1136 379 1192 aliquod
413 1139 717 1178 sacramentum
753 1134 802 1177 ad
838 1134 1026 1177 divinum
1052 1134 1208 1178 cultum
1236 1135 1475 1192 tripliciter:
1512 1150 1592 1180 uno
1617 1137 1742 1180 modo
1765 1151 1837 1194 per

216 1205 379 1248 modum
416 1208 541 1261 ipsius
574 1207 758 1250 actionis,
804 1204 883 1247 alio
910 1205 1031 1248 modo
1058 1218 1129 1261 per
1155 1206 1321 1249 modum
1347 1209 1520 1263 agentis,
1568 1209 1687 1250 tertio
1713 1208 1834 1251 modo

217 1290 287 1331 per
321 1276 485 1318 modum
523 1277 770 1332 recipientis.
808 1275 882 1318 Per
917 1276 1083 1319 modum
1108 1277 1277 1334 quidem
1304 1279 1430 1333 ipsius
1453 1280 1627 1321 actionis
1660 1281 1835 1335 pertinet

215 1348 263 1390 ad
299 1348 485 1389 divinum
521 1347 675 1390 cultum
711 1345 983 1399 Eucharistia‚
1021 1349 1057 1389 in
1092 1360 1172 1404 qua
1198 1348 1483 1405 principaliter
1509 1349 1677 1393 divinus
1700 1348 1836 1393 cultus

214 1420 411 1471 consistit,
446 1420 686 1475 inquantum
722 1422 782 1461 est
815 1417 1024 1461 Ecclesiae
1057 1419 1339 1473 sacrificium,
1374 1424 1415 1462 et
1447 1432 1520 1476 per
1543 1419 1620 1463 hoc
1644 1419 1752 1463 idem
1777 1432 1836 1464 sa-

214 1493 469 1531 ‹·ramentum
505 1501 582 1530 non
620 1491 871 1544 imprimitur
906 1488 1061 1532 homini
1096 1488 1326 1544 character,
1359 1492 1455 1547 quia
1489 1503 1561 1546 per
1594 1490 1670 1534 hoc
1702 1503 1835 1534 sacra·

215 1565 395 1601 mentum
432 1572 508 1601 non
544 1559 759 1603 ordinatur
794 1559 915 1602 homo
948 1560 998 1603 ad
1023 1559 1176 1618 aliquid
1202 1560 1312 1604 aliud
1338 1560 1512 1604 ulterius
1534 1561 1741 1617 agendum
1769 1561 1832 1604 vel

215 1630 496 1684 recipientium
533 1633 570 1672 in
605 1632 889 1683 sacramentis,
923 1643 1015 1673 cum
1053 1633 1187 1687 potius
1219 1633 1271 1674 sit
1304 1632 1327 1652 ‘⁸
1353 1632 1446 1674 tinis
1471 1635 1510 1674 et
1532 1634 1835 1675 consummatio

212 1703 395 1743 «tmuium
430 1705 782 1744 sacramentorum
810 1737 864 1755 „,
898 1706 940 1744 ut
975 1700 1196 1757 Dionysius
1228 1702 1329 1745 dicit
1352 1701 1390 1754 2;
1425 1704 1607 1745 continet
1632 1706 1767 1745 tamen
1793 1704 1833 1745 in

212 1785 253 1813 se
289 1773 373 1826 ipso
406 1771 627 1825 Christum,
653 1774 690 1814 in
725 1784 805 1828 quo
830 1785 909 1814 non
934 1776 994 1815 est
1017 1771 1248 1827 character,
1281 1772 1351 1816 sed
1388 1776 1470 1815 tota
1502 1772 1724 1816 sacerdotii
1750 1771 1834 1828 ple-

214 1841 368 1884 nitudo.
403 1842 478 1884 Sed
515 1841 562 1884 ad
598 1854 724 1897 agens
759 1844 795 1884 in
830 1845 1102 1886 sacramentis
1127 1844 1302 1899 pertinet
1325 1848 1632 1886 sacramentum
1663 1843 1834 1897 ordinis,

212 1913 306 1967 quia
342 1925 411 1967 per
446 1912 519 1954 hoc
554 1917 858 1955 sacramentum
893 1914 1146 1969 deputantur
1170 1913 1357 1956 homines
1380 1913 1430 1957 ad
1454 1917 1715 1957 sacramenta
1744 1912 1835 1956 aliis

213 1982 424 2025 tradenda.
459 1983 535 2025 Sed
571 1983 620 2025 ad
658 1972 904 2039 recipientes
940 1986 1115 2040 pertinet
1148 1988 1454 2027 sacramentum
1497 1983 1704 2040 baptismi,
1737 1985 1834 2041 quia

214 2065 284 2107 per
317 2055 447 2108 ipsum
486 2052 606 2095 homo
646 2056 793 2109 accipit
830 2058 1071 2108 potestatem
1105 2055 1334 2111 recipiendi
1358 2053 1436 2097 alia
1460 2054 1672 2098 Ecclesiae
1694 2066 1835 2098 sacra-

214 2129 365 2166 menta:
403 2124 510 2166 unde
546 2123 745 2179 baptisma
780 2124 932 2168 dicitur
964 2138 1053 2168 esse
1086 2127 1207 2181 ianua
1241 2127 1424 2168 omnium
1459 2129 1832 2169 sacramentorum.

214 2194 271 2236 Ad
309 2194 417 2236 idem
453 2196 574 2237 etiam
609 2194 823 2238 ordinatur
856 2195 1164 2252 quodammodo
1197 2196 1471 2248 confirmatio,
1496 2195 1608 2252 (nam
1633 2197 1739 2238 sicut
1763 2194 1832 2238 ba-

214 2266 383 2318 ptizatus
416 2266 562 2320 accipit
600 2269 840 2320 potestatem
877 2265 1135 2322 spiritualem
1169 2266 1218 2310 ad
1257 2266 1565 2322 protestandam
1601 2266 1725 2309 tidem
1762 2278 1834 2321 per

211 2336 512 2389 sus‹,·.eptionen7
548 2334 722 2378 aliorum
757 2341 1127 2391 sacramentorum,
1154 2339 1207 2379 ita
1231 2337 1501 2380 confirmatus
1533 2338 1685 2393 accipit
1718 2341 1831 2393 pote-

211 2409 354 2446 statem
391 2404 554 2460 publice
589 2406 710 2448 tidem
745 2404 893 2449 Christi
942 2406 1080 2451 verbis
1122 2407 1355 2463 profitendi,
1390 2409 1506 2464 quasi
1545 2420 1593 2450 ex
1629 2407 1778 2461 officio)
1802 2409 1830 2446 ³.

214 2475 256 2517 137
294 2476 383 2517 ideo
419 2488 489 2530 per
523 2475 623 2518 haec
658 2478 732 2519 tria
777 2482 1036 2520 sacramenta
1080 2476 1296 2520 character
1341 2479 1592 2533 imprimitur
1615 2492 1664 2530 »3
1708 2481 1832 2534 atque

213 2545 305 2587 hinc
339 2551 506 2601 apparet
541 2558 664 2602 quam
702 2552 811 2589 recte
844 2550 923 2590 ait:
959 2561 1050 2590 can..
1075 2549 1180 2590 732.
1204 2547 1232 2605 ξ
1261 2548 1293 2591 l.
1319 2547 1595 2590 Sacramenta
1618 2547 1833 2609 baptismi,

213 2610 542 2670 7077s7⁵7777777720777s
576 2622 613 2658 e!
647 2616 966 2675 ()7(1¹77778,quae
998 2616 1284 2660 ‹haras-(mem
1323 2617 1571 2674 imprimant
1606 2620 1643 2660 in
1679 2620 1832 2673 anima,

214 2684 288 2727 lmc
322 2690 402 2727 ist:
437 2688 598 2741 signum
634 2687 841 2743 quoddam
867 2687 1081 2744 spirituale
1105 2692 1144 2731 et
1169 2687 1403 2741 indelebile,
1421 2687 1575 2730 7'·'!e7a7·7
1609 2693 1832 2745 nequeant,

212 2757 314 2797 sicut
347 2755 560 2799 delinitum
596 2762 654 2799 cst
692 2760 727 2800 in
761 2759 884 2801 (lonc.
919 2758 1031 2801 frid.
1056 2759 1082 2801 4.

330 2861 336 2881 ¹
366 2862 399 2894 3.
418 2861 455 2894 P
467 2873 521 2905 ,.q
540 2862 682 2902 LXIII,
697 2868 769 2897 ωε
787 2864 924 2908 Georp.
943 2885 985 2888 —
1000 2864 1129 2898 2Εοοί,
1146 2864 1253 2905 hier„
1274 2875 1353 2908 cap.
1369 2865 1402 2907 3,
1422 2865 1461 2898 in
1479 2865 1603 2909 princ.
1627 2863 1765 2901 -33..
1789 2863 1831 2897 P.

212 2920 244 2949 ‘·l
275 2906 436 2948 TXXU
465 2920 498 2940 a·
528 2910 561 2951 ·3‚
590 2909 635 2942 ad
663 2911 722 2943 2¹¹¹
752 2931 793 2935 -
820 2912 831 2932 ⁴
860 2911 952 2945 Can.
971 2911 992 2944 9
1011 2910 1057 2944 de
1076 2911 1364 2945 Sacrunentis
1366 2912 1406 2945 in
1434 2923 1588 2956 genere.
1619 2912 1721 2945 Sess.
1745 2911 1832 2944 VM.
