1971 3261
168 158 238 191 414
562 156 646 190 LIB.
677 155 748 190 III.
777 175 790 181 —
818 156 927 190 PARS
953 156 983 191 Ι.
1013 176 1026 181 -
1051 156 1109 191 De
1135 157 1399 193 Sacramentis
1607 159 1700 195 Can.
1725 160 1798 195 983

168 276 336 317 nister-io
369 273 632 322 addicuntur,
669 273 842 329 proinde
873 275 1086 317 constituit
1117 274 1168 317 ad
1203 275 1370 318 ordines
1401 277 1686 332 suscipiendos
1719 279 1794 320 im-

169 345 465 399 pedimentum,
503 343 573 386 sed
621 342 860 387 huiusmodi
904 343 985 387 alia
1029 357 1196 402 quoque
1238 345 1382 389 adesse
1426 348 1610 390 innuitur
1651 347 1793 391 subse-

165 414 387 472 quentibus
423 413 582 458 verbis:
619 413 801 472 aliisque
833 413 1170 472 impedimentis:
1201 428 1308 474 quae
1351 416 1571 460 diversitas
1603 418 1679 461 fuit
1711 420 1791 461 iam

166 488 293 542 posita
330 487 368 528 in
402 497 493 528 can.
529 485 628 538 968,
661 487 686 538 ἓ
722 486 756 529 1.

282 555 601 612 lrregularitatis
648 558 856 612 propriam
902 561 1040 599 notam
1086 561 1125 600 et
1168 556 1376 613 duplicem
1421 560 1622 615 originem
1670 559 1793 603 tradit

164 641 252 671 can.
274 627 371 682 983,
391 632 490 684 quot
527 640 624 670 vero
659 629 771 670 iuxta
805 627 1047 670 alterutram
1075 641 1125 670 ex
1152 629 1241 670 iure
1263 630 1356 679 sint,
1375 633 1559 672 statuunt
1582 642 1672 674 can.
1693 630 1791 685 984,

164 699 261 751 985,
296 700 360 741 cui
395 702 439 740 ut
471 697 822 753 complementum
858 699 1046 755 sequitur
1078 710 1168 741 can.
1190 699 1287 741 986.
1312 696 1489 751 Quinam
1529 713 1625 743 vero
1654 705 1794 744 «sunt

161 769 404 825 simpliciter
428 768 614 824 impediti
638 783 660 808 »
683 768 829 811 edocet
852 780 941 811 can.
967 768 1065 822 987,
1091 773 1214 826 atque
1239 774 1327 825 post
1350 768 1459 812 hunc
1482 772 1592 813 circa
1618 775 1790 828 utraque

161 840 457 896 impedimenta
493 843 712 882 versantur
745 852 836 882 can.
856 839 1060 895 988991,
1094 841 1146 882 ita
1182 844 1224 882 ut
1258 839 1308 882 de
1343 842 1598 896 ignorantiae
1631 842 1788 885 influxu

160 911 296 969 quoad
331 923 378 954 ea
414 910 662 954 incurrenda
703 912 755 953 sit
788 922 880 954 can.
914 910 1013 963 988,
1047 923 1276 967 eorumque
1320 910 1704 967 multiplicationem
1749 914 1787 954 in

160 982 304 1026 eodem
340 980 526 1024 subiecto
559 981 809 1024 determinat
842 993 932 1024 can.
968 981 1066 1035 989,
1101 981 1198 1024 dum
1239 986 1479 1038 potestatem
1524 982 1788 1038 dispensandi

160 1067 206 1097 ac
240 1054 558 1109 dispensationis
591 1054 881 1095 concessiones
917 1052 1188 1095 moderantur
1222 1064 1311 1095 can.
1347 1052 1444 1107 990,
1479 1052 1577 1096 991.

278 1139 357 1175 336.
390 1142 734 1183 irregularitatis
770 1143 892 1175 notio
928 1151 977 1174 ac
1013 1143 1181 1175 divisio.
1211 1160 1255 1165 —
1288 1139 1333 1175 De
1366 1140 1631 1185 irregularitatis
1664 1145 1789 1176 natura

158 1201 282 1247 triplex
312 1200 443 1246 prolata
474 1199 537 1234 fuit
566 1199 752 1234 sententia.
775 1197 926 1243 Quidam
948 1199 1042 1233 enim
1063 1199 1330 1234 considerarunt
1348 1199 1458 1245 ipsam
1478 1204 1516 1234 ut
1534 1210 1694 1246 poenam,
1709 1200 1788 1245 quia

159 1260 190 1294 vi
218 1260 293 1295 eius
318 1270 337 1294 a
365 1258 621 1304 consequendis
659 1258 843 1293 ordinibus
878 1257 1071 1293 subiectum
1100 1269 1207 1303 capax
1233 1263 1266 1293 et
1293 1258 1369 1293 illos
1396 1258 1551 1293 fortassis
1588 1258 1790 1294 desiderans

159 1324 308 1354 arcetur.
338 1318 408 1352 imo
434 1317 647 1363 quandoque
672 1317 837 1352 delictum
865 1316 1089 1363 supponitur,
1118 1317 1174 1352 sed
1204 1317 1287 1352 haec
1312 1317 1430 1363 opinio
1458 1317 1623 1362 paulatim
1651 1323 1684 1353 et
1707 1328 1789 1354 con-

157 1383 343 1424 sequenter
368 1376 658 1423 explicationibus
687 1376 951 1421 irregularitatis
976 1386 1017 1410 ae
1043 1386 1234 1421 poenarum
1263 1376 1328 1410 fuit
1351 1376 1529 1417 derelicta,
1548 1381 1582 1411 et
1598 1382 1689 1412 recte
1706 1377 1789 1422 quia

157 1436 428 1481 irregularitates
458 1435 574 1481 plures
599 1435 644 1470 ab
671 1435 836 1470 omnibus
863 1435 1037 1469 admissae
1065 1434 1239 1480 propriam
1270 1444 1400 1480 poenae
1426 1435 1603 1470 notionem
1630 1445 1700 1470 non
1729 1435 1788 1470 ha-

157 1496 252 1532 bent.
280 1496 397 1549 Altera
426 1495 489 1530 fuit
515 1495 691 1530 sententia
717 1493 781 1529 suh
811 1493 1128 1538 irregularitatihus
1153 1493 1453 1539 comprehendens
1474 1494 1593 1528 omnia
1610 1504 1786 1529 sacrarum

155 1555 417 1591 ordinationum
444 1553 697 1600 impedimenta
726 1553 813 1587 iuris
843 1552 1082 1593 ecclesiastici,
1112 1552 1181 1587 imo
1214 1563 1278 1587 nec
1313 1552 1497 1587 defuerunt
1524 1563 1632 1598 usque
1657 1552 1699 1587 ad
1728 1563 1787 1588 no—

156 1620 262 1650 stram
289 1618 437 1649 aetatem
467 1613 524 1659 qui
553 1618 584 1648 et
611 1613 765 1648 defectus
791 1612 1036 1658 requisitorum
1066 1611 1209 1657 positive
1236 1611 1326 1646 inter
1352 1611 1429 1646 illas
1459 1616 1718 1647 enumerarem.
1748 1611 1787 1646 Et

158 1674 241 1709 haec
266 1684 286 1708 a
313 1671 438 1708 Codice
464 1683 534 1707 non
562 1677 612 1707 est
638 1671 804 1712 admissa,
830 1676 933 1716 atque
960 1669 1214 1706 rationabiliter
1239 1681 1278 1705 eo
1305 1670 1394 1716 quod
1422 1670 1563 1705 verbum
1592 1670 1677 1705 illud
1705 1671 1786 1706 irre-

157 1732 364 1776 gularitatis,
387 1731 580 1777 quidquam
602 1741 676 1764 non
698 1729 903 1765 honorabile
929 1729 1142 1774 exprimens,
1162 1734 1274 1774 potest
1290 1729 1431 1774 quidem
1451 1729 1587 1775 proprie
1604 1729 1787 1773 designare

155 1791 318 1826 ordinum
347 1790 613 1836 impedimenta=
631 1800 719 1834 quae
739 1788 905 1834 temporis
924 1799 1103 1834 progressu
1132 1787 1183 1823 vel
1210 1788 1353 1823 subiecti
1374 1788 1546 1823 industria
1571 1788 1698 1823 auferri
1726 1799 1785 1824 ne-

155 1855 300 1896 queunt.
333 1850 477 1885 minime
505 1860 584 1884 vero
610 1848 789 1894 proprium
828 1852 917 1883 esset
954 1847 1066 1893 quoad
1106 1847 1183 1882 illas
1217 1847 1416 1883 deficientes
1441 1847 1670 1892 conditiones,
1699 1859 1786 1893 quas

156 1909 398 1955 unusquisque
426 1908 633 1944 naturaliter
661 1912 736 1953 post
761 1907 901 1952 aliquod
929 1911 1066 1952 tempus
1092 1906 1206 1949 habet,
1233 1918 1265 1941 v.
1294 1918 1344 1951 gr.
1374 1906 1603 1942 adolescentis
1627 1907 1784 1942 nescien-

153 1968 236 2004 tiam
264 1968 443 2003 doctrinae
471 1967 682 2011 theologicae
709 1966 760 2001 vel
788 1965 979 2001 carentiam
1006 1965 1129 2000 aetatis
1157 1965 1297 2000 maioris
1325 1965 1570 2001 necessariam.

270 2046 335 2088 Sic
370 2047 495 2101 igitur
518 2044 568 2087 acl
593 2056 782 2086 normam
808 2045 1024 2086 statuentis
1048 2055 1137 2086 can.
1168 2043 1239 2086 18:
1269 2058 1290 2082 «
1315 2041 1443 2098 Leges
1476 2042 1781 2086 ecclesiasticae

152 2115 443 2172 intelligendae
476 2119 569 2158 sunt
603 2114 832 2157 secundum
871 2115 1079 2169 propriam
1118 2113 1339 2156 verborum
1370 2113 1714 2169 significationem
1740 2127 1780 2165 n,

152 2187 365 2242 adoptavit
409 2188 571 2228 tertiam
616 2186 860 2228 sententiam
907 2183 1074 2227 edicens
1119 2197 1208 2226 can.
1246 2184 1353 2227 983.
1390 2182 1562 2227 Nullum
1605 2181 1779 2240 impedi-

152 2263 333 2300 mentmn
367 2260 404 2300 in
445 2256 644 2309 subiecto,
679 2258 748 2314 qui
788 2267 992 2298 «sacram
1039 2255 1341 2298 ordinationem
1390 2254 1524 2297 valide
1569 2256 1779 2310 recipit»,

148 2335 393 2386 perpetuum
419 2331 621 2384 exipsius
656 2332 813 2379 natura,
839 2328 1032 2383 quamvis
1068 2326 1315 2369 miraculose
1352 2325 1413 2368 vel
1450 2325 1778 2369 extraordinarie

149 2400 300 2442 auferri
337 2397 602 2456 queat,quosl
627 2398 735 2440 venit
759 2399 873 2440 iuxta
910 2396 1153 2439 validiorem
1189 2398 1497 2439 canonistarum
1532 2398 1776 2439 sententiam

149 2475 186 2512 et
221 2482 330 2512 nunc
364 2472 451 2512 iure
485 2482 688 2512 canonum
716 2468 883 2511 nomine
918 2467 1259 2525 z'rreqularitatis
1292 2480 1384 2510 cum
1423 2468 1585 2523 propria
1620 2467 1776 2523 signiti-

149 2542 324 2593 catione,
358 2540 466 2596 quod
503 2539 680 2595 duplicis
712 2538 856 2582 classis
890 2551 978 2581 esse
1012 2542 1144 2594 potest
1177 2540 1291 2580 iuxta
1324 2538 1533 2581 diversam
1575 2539 1776 2593 originem

148 2612 187 2653 in
222 2613 310 2654 eius
341 2609 542 2664 subiecto,
567 2615 605 2653 a*
639 2611 725 2653 sive
757 2623 808 2651 εῖτ
840 2608 1005 2666 desecta
1040 2613 1309 2664 permanente
1341 2608 1397 2650 sit
1431 2607 1474 2664 h)
1509 2607 1595 2650 sive
1625 2621 1676 2650 em
1709 2606 1778 2650 de-

147 2680 246 2724 licto
278 2681 469 2738 equidem
506 2684 741 2736 praeterito,
778 2681 950 2736 proinde
985 2678 1253 2733 immutabili,
1277 2677 1780 2735 contrahitur,quatenus

149 2752 237 2808 lege
270 2756 418 2795 statuta
455 2751 676 2808 prohibitio
723 2749 949 2805 recipiendi
985 2749 1155 2792 ordines
1199 2749 1373 2804 illosque
1411 2748 1634 2792 exercendi
1669 2753 1779 2791 tenet

147 2823 253 2866 hanc
276 2822 505 2866 alteramve
530 2834 745 2878 personam
771 2821 952 2864 defectui
981 2819 1042 2863 vel
1068 2820 1218 2863 delicto
1251 2820 1500 2877 quandoque
1533 2818 1775 2873 subiectam,

147 2893 232 2936 m'si
265 2892 373 2950 quod
410 2892 542 2950 suerit
588 2893 626 2935 ιή
672 2891 898 2935 canonibus
941 2891 1104 2935 duobus
1146 2891 1218 2948 qui
1259 2895 1492 2947 sequuntur
1534 2902 1775 2946 eoepressum
