1971 3261
202 158 273 193 384
606 158 693 192 Llss.
720 158 790 192 III.
817 178 829 184 -
857 159 966 192 PARS
995 160 1021 192 Ι.
1047 179 1060 183 -
1085 159 1142 193 De
1167 159 1434 195 Sacramentz's
1641 159 1733 195 Can.
1760 160 1830 194 968

200 280 367 321 catis».
402 277 562 332 Quibus
598 277 735 321 verbis
769 278 982 321 manifeste
1016 278 1170 321 indicat
1193 278 1414 335 Apostolus
1445 279 1723 322 sacerdotium
1751 281 1832 322 via·

204 348 362 391 toribus
396 348 633 392 hominibus
667 352 888 393 reservari.
912 347 1056 401 Quoad
1084 349 1279 392 mulieres
1301 348 1522 405 Apostolus
1546 349 1558 371 ¹
1583 351 1659 392 ait:
1703 348 1831 393 «Mn-

204 418 325 462 lieres
359 422 397 461 in
430 418 614 462 Ecclesia
665 425 849 474 taceant,
899 433 978 463 non
1028 423 1137 462 enim
1190 422 1440 476 permittitur
1487 423 1546 463 eis
1593 420 1718 477 loqui,
1756 421 1829 463 sed

202 489 388 532 subditas
420 502 566 533 esse».
600 490 649 533 Et
672 489 686 512 ²
720 490 818 534 alibi
851 491 1063 534 similiter:
1102 490 1292 534 «Mulier
1324 493 1363 534 in
1397 490 1558 539 silentio
1581 491 1712 534 discat
1734 504 1827 534 cum

202 562 313 602 omni
337 559 608 603 subiectione.
633 560 792 604 Docere
814 566 951 604 autem
989 563 1150 605 mulieri
1186 575 1264 604 non
1302 564 1505 618 permitto,
1532 574 1665 618 neque
1698 561 1829 604 domi-

203 633 290 673 nari
326 633 364 672 in
403 633 537 674 virum
565 648 601 676 υ.
626 631 786 675 Exinde
813 637 921 688 patet
946 634 1160 676 manifeste
1185 632 1275 676 illas
1299 631 1507 689 prohiberi
1527 632 1578 675 ab
1602 631 1830 675 ordinibus.

202 701 394 744 Attamen
429 701 535 745 hanc
569 715 658 745 esse
692 705 857 759 proprie
892 703 1208 757 inhabilitatem,
1233 704 1398 746 traditio
1423 708 1462 746 et
1483 705 1717 746 communis
1755 702 1829 745 Do-

201 778 361 815 ctorum
387 772 684 816 catholicorum
711 774 897 817 doctrina
922 779 982 817 est
1007 776 1273 830 interpretata
1297 776 1540 817 sententiam
1566 772 1764 829 Apostoli,
1790 777 1828 816 et

203 843 295 886 ideo
328 844 395 886 55.
432 843 572 886 Patres
607 847 660 886 uti
698 844 966 901 Epiphanius,
1000 845 1259 899 Ambrosius,
1294 845 1550 900 Augustinus
1573 850 1612 887 et
1636 843 1829 895 lraeneus

202 919 418 957 recensent
452 917 557 957 inter
590 915 784 958 haereses
816 916 1061 971 doctrinam,
1086 928 1167 973 qua
1189 915 1458 959 sacerdotalis
1481 915 1660 971 dignitas
1683 914 1826 957 mulie-

200 984 315 1028 ribus
347 984 553 1028 tribuitur.

319 1056 428 1099 lnter
461 1059 571 1100 viros
620 1058 813 1102 inhabilis
861 1063 933 1111 est,
984 1062 1052 1116 qui
1087 1059 1270 1102 nondum
1305 1064 1366 1102 est
1401 1058 1438 1111 b)
1470 1057 1718 1115 baptizatus,
1752 1059 1825 1100 etsi

197 1127 525 1171 catechumenus
559 1129 639 1172 tide
673 1129 957 1187 charitateque
991 1130 1202 1186 praeditus
1235 1132 1396 1173 existat.
1431 1129 1569 1173 lnnoc.
1603 1128 1653 1171 lll
1688 1130 1831 1172 rescri-

201 1197 302 1241 bens
333 1199 382 1241 ad
418 1199 612 1256 Archiep.
649 1200 951 1245 Ferrariensem
986 1215 1075 1258 cap.
1112 1201 1149 1249 3,
1188 1201 1283 1244 «de
1318 1199 1558 1258 presbytero
1593 1213 1672 1242 non
1698 1199 1829 1256 bapti-

197 1274 287 1312 zato
310 1285 330 1310 ))
371 1269 453 1326 (lll,
490 1270 563 1328 43)
599 1274 666 1324 ait,
704 1277 919 1330 postquam
947 1272 1086 1329 plures
1110 1272 1249 1315 retulit
1271 1274 1516 1315 sententias:
1555 1268 1703 1323 «Quia
1730 1282 1827 1313 vere

202 1342 239 1382 in
274 1340 450 1384 concilio
484 1343 590 1398 apud
626 1341 925 1399 Compendium
963 1343 1112 1400 legitur
1146 1346 1437 1387 constitutum:
1473 1342 1581 1399 quod
1616 1344 1648 1384 si
1672 1343 1764 1398 quis
1787 1342 1827 1382 in

202 1411 489 1469 presbyterum
524 1414 751 1468 ordinatus,
785 1415 1108 1471 deprehenderit
1130 1429 1173 1458 se
1195 1428 1274 1458 non
1300 1428 1388 1458 esse
1413 1412 1676 1470 baptizatum,
1701 1411 1828 1468 bapti-

198 1488 324 1537 zetur,
360 1489 398 1525 et
432 1486 580 1526 iterum
615 1485 851 1528 ordinetur:
887 1485 969 1528 Nos
1003 1488 1040 1528 in
1076 1485 1153 1529 hoc
1186 1484 1403 1529 dubitabili
1430 1497 1543 1537 casu,
1566 1483 1674 1540 quod
1700 1485 1827 1525 tutius

199 1559 259 1595 est
292 1560 533 1610 sequentes:
586 1555 840 1609 Mandamus,
890 1562 1094 1613 quatenus
1143 1559 1274 1612 ipsum
1322 1569 1395 1612 per
1427 1554 1613 1611 singulos
1646 1554 1824 1606 ordines,

201 1636 330 1680 usque
363 1624 410 1666 ad
447 1626 725 1668 sacerdotium
777 1640 1025 1682 promovere
1073 1640 1283 1682 procures,
1327 1631 1366 1669 et
1411 1627 1624 1682 permittas
1656 1637 1750 1667 eum
1785 1626 1823 1665 in

197 1695 430 1737 sacerdotio
466 1698 720 1751 ministrare,
756 1700 851 1754 quia
876 1710 953 1740 non
980 1697 1223 1754 intelligitur
1246 1700 1452 1745 iteratum,
1473 1696 1582 1753 quod
1601 1694 1827 1750 ambigitur

196 1778 286 1808 esse
321 1767 490 1818 sactum,
523 1781 598 1811 nec
631 1769 735 1812 male
769 1769 819 1812 de
852 1773 1111 1812 sacramento
1158 1771 1345 1816 sentitur,
1389 1781 1482 1810 cum
1519 1766 1617 1809 illud
1653 1778 1732 1808 non
1768 1778 1825 1807 re-

198 1835 364 1892 ligionis
397 1843 671 1895 contemptim,
705 1840 774 1883 sed
809 1839 1007 1883 articulus
1040 1842 1296 1883 necessitatis
1329 1838 1574 1882 excludit».

319 1908 586 1966 Prosequitur
619 1923 773 1953 canon:
823 1910 938 1953 licite
986 1916 1124 1953 (talem,
1172 1922 1251 1967 qua
1289 1909 1520 1952 subiectum
1555 1908 1825 1951 ordinationis

198 1977 305 2021 hanc
340 1982 501 2036 recipit,
535 1981 607 2038 (μή
639 1981 695 2024 ud
727 1995 917 2024 normam
950 1995 1166 2024 sacrorum
1202 1994 1406 2023 canonum
1429 1979 1506 2022 sub
1529 1979 1605 2022 hoc
1629 1981 1762 2035 capite
1786 1983 1825 2021 et

198 2048 289 2092 aliis
322 2052 359 2092 in
397 2051 496 2094 locis
531 2054 755 2107 positorum
790 2052 831 2109 a)
865 2051 1015 2095 debitis
1053 2050 1344 2109 qualitalibus,
1378 2063 1497 2107 quae,
1523 2054 1565 2092 ut
1592 2049 1824 2092 videbimus

198 2121 237 2162 in
272 2127 346 2164 art.
383 2122 430 2176 1⁰,
464 2136 557 2166 cum
594 2122 852 2166 latitudinem
885 2123 1109 2180 quamdam
1146 2125 1365 2179 patiantur,
1403 2126 1496 2164 sunt
1532 2121 1823 2177 ponderandae

197 2190 370 2248 iudicio,
404 2206 483 2236 non
517 2196 755 2238 confessarii
790 2196 955 2252 virique
1005 2194 1218 2250 prudentis
1265 2195 1330 2236 cui
1380 2194 1577 2248 competit
1613 2191 1745 2234 solum
1781 2197 1823 2234 ut

194 2263 448 2320 adspirantis
496 2267 790 2309 conscientiam
841 2256 993 2321 dirigat.
1027 2267 1065 2307 in
1101 2264 1176 2307 hac
1211 2277 1268 2313 re,
1317 2277 1392 2306 nec
1428 2261 1610 2319 parochi,
1644 2265 1738 2319 quia
1772 2263 1822 2305 de

197 2338 477 2391 assumptione
525 2337 574 2379 ad
626 2336 836 2393 publicum
873 2338 910 2378 in
947 2336 1033 2378 foro
1080 2335 1290 2378 Ecclesiae
1337 2339 1508 2377 externo
1549 2335 1822 2376 ministerium

197 2408 348 2462 agitur,
380 2407 451 2449 sed
482 2407 652 2464 proprii
689 2406 929 2459 (odium-ii,
963 2409 1053 2449 sive
1086 2407 1320 2462 Superioris
1362 2406 1530 2447 maioris
1563 2403 1699 2460 quoad
1731 2403 1825 2447 reli-

194 2479 335 2533 giosos
367 2482 581 2534 exemptos
615 2477 827 2534 religionis
860 2477 1064 2521 clericalis
1097 2477 1147 2520 ad
1183 2488 1369 2519 normam
1404 2487 1493 2519 can.
1529 2475 1627 2529 488,
1652 2475 1710 2529 8⁰,
1733 2477 1822 2517 sive

204 2563 223 2589 «
247 2545 458 2592 Ordinarii
483 2564 505 2589 ›>
545 2549 620 2592 loci
654 2549 790 2607 quoad
841 2548 1054 2605 religiosos
1101 2553 1261 2591 ceteros
1298 2546 1361 2590 vel
1394 2546 1581 2600 clericos,
1615 2546 1666 2589 ad
1699 2558 1821 2603 quem

198 2619 347 2662 horum
381 2619 585 2662 ordinatio
620 2622 833 2676 pertineat,
869 2624 908 2662 et
940 2621 1035 2676 quia
1070 2618 1162 2662 illae
1195 2618 1414 2676 qualitates
1446 2618 1758 2673 suntpositivae
1776 2629 1823 2659 ac

200 2695 242 2733 ut
277 2688 501 2747 plurimum
536 2693 776 2748 acquisitae,
825 2691 1014 2746 adiungit
1060 2702 1211 2732 canon:
1255 2687 1479 2746 praeditus
1512 2687 1582 2740 sit,
1617 2687 1726 2730 unde
1758 2700 1821 2730 se-

194 2763 361 2818 quitur:
401 2761 660 2804 «Neminem
696 2761 850 2805 habere
885 2773 1064 2818 unquam
1102 2762 1163 2803 ius
1197 2759 1325 2802 ullum
1350 2759 1399 2802 ad
1425 2759 1726 2802 ordinationem
1751 2770 1820 2801 an-

316 2915 325 2936 1
354 2914 373 2947 Ι
398 2914 445 2947 ad
473 2914 646 2948 Corinth.
676 2915 782 2955 XIV,
811 2915 868 2948 34.
900 2935 941 2938 —
968 2914 981 2935 2
1007 2914 1026 2948 Ι
1053 2913 1101 2948 ad
1127 2912 1299 2947 Timoth.
1328 2913 1379 2954 ΙΙ,
1411 2914 1465 2946 11.
