1971 3261
210 172 279 206 750
656 178 782 203 mnax
808 175 1002 203 canosum
1027 176 1079 201 nr
1105 175 1392 202 commui-Anu

1641 294 1720 317 CAN.
1756 295 1836 318 PAG-

209 346 515 382 Administratio
541 345 614 380 sub
641 344 870 380 conditione
897 342 947 378 ob
973 341 1138 377 dubium
1163 343 1209 378 de
1235 342 1467 379 validitate.
1569 372 1576 378 .
1653 345 1722 379 941
1771 345 1840 382 345

209 404 515 440 Administratio
540 404 613 438 sub
639 402 867 438 conditione
892 401 941 436 ob
967 400 1132 436 dubium
1158 401 1204 436 de
1223 401 1349 446 ipsius
1374 402 1551 438 liceitate
1572 431 1579 437 .
1655 403 1723 438 942
1798 420 1812 434 »

207 465 264 499 De
289 463 553 498 ministranda
577 466 755 497 extrema
780 460 970 495 unctione
1003 460 1186 495 sensibus
1212 460 1276 495 vel
1309 471 1386 495 usu
1410 461 1582 496 rationis

303 522 513 556 destitutis
574 548 581 555 .
684 547 691 554 .
794 547 800 553 .
904 545 911 552 .
1015 545 1023 552 .
1125 545 1133 553 .
1236 545 1243 553 .
1347 546 1355 553 .
1457 546 1465 555 .
1567 547 1576 555 .
1652 520 1722 556 943
1770 521 1841 556 346

209 582 265 616 De
284 580 529 625 obligatione
547 583 728 624 respectu
743 576 1007 622 susceptionis
1023 580 1066 612 et
1083 577 1443 613 administrationis
1460 578 1581 614 huius

303 637 539 672 sacramenti
573 664 580 671 .
684 662 692 670 .
795 664 802 670 .
904 662 912 669 .
1016 662 1024 669 .
1126 662 1134 670 .
1237 663 1244 669 .
1347 663 1356 670 .
1458 663 1466 670 .
1570 663 1577 671 .
1654 637 1725 672 944

343 767 481 802 CAPUT
506 765 579 800 III.
610 784 652 792 —
680 766 735 800 De
760 764 905 801 ritibus
930 765 971 800 et
997 765 1236 801 caeremoniis
1261 765 1462 801 extremae
1487 765 1698 802 unctionis.

208 861 386 896 Canones
412 859 583 894 945-947.

206 918 416 964 Inscriptio
442 917 583 963 capitis
610 917 776 962 eiusque
801 927 972 952 canones
1017 943 1025 952 .

211 979 267 1012 De
294 977 372 1012 olei
401 976 801 1012 benedictione..
903 1002 910 1010 .
1014 1003 1022 1010 .
1125 1003 1131 1010 .
1235 1002 1242 1010 .
1345 1002 1354 1010 .
1456 1003 1463 1011 .
1567 1003 1574 1012 .
1652 977 1722 1011 945

207 1037 265 1072 De
291 1036 368 1071 olei
394 1036 640 1070 infirmorum
666 1034 898 1071 asservandi
924 1034 1039 1070 modo
1127 1061 1135 1069 .
1237 1061 1245 1069 .
1458 1062 1466 1070 .
1569 1063 1576 1070 .
1653 1036 1722 1071 946

209 1096 266 1130 De
291 1094 552 1130 unctionibus
578 1092 816 1139 peragendis
842 1093 938 1139 quid
965 1094 1050 1128 iure
1076 1093 1275 1128 obsetvari
1301 1093 1578 1130 debeat..
1654 1096 1725 1132 947

885 1237 1074 1275 TlTULUS
1102 1238 1157 1275 Vl.

878 1333 943 1369 De
980 1333 1179 1370 ordine.

207 1428 387 1464 Canones
415 1429 499 1463 948-
503 1429 585 1464 950.
1772 1432 1842 1468 352

206 1488 421 1533 Inscriptio
449 1488 561 1523 tituli
588 1491 628 1522 et
654 1499 850 1523 canonum
876 1488 1110 1524 distributio
1137 1489 1211 1524 sub
1237 1489 1308 1524 illo
1352 1516 1359 1523 .
1798 1507 1812 1522 »

209 1546 368 1581 Ordinis
394 1547 506 1582 notio
532 1558 580 1582 ex
606 1547 868 1582 institutione
893 1559 939 1582 ac
964 1547 1042 1583 fine
1128 1577 1134 1584 .
1237 1574 1245 1582 .
1349 1576 1354 1581 .
1459 1575 1466 1583 .
1569 1576 1576 1583 .
1653 1549 1723 1585 948
1771 1550 1841 1585 353

208 1606 398 1641 Ordinum
425 1606 634 1641 distinctio
684 1634 691 1641 .
795 1634 803 1641 .
905 1633 912 1642 .
1017 1635 1023 1642 .
1127 1633 1134 1641 .
1238 1634 1246 1642 .
1348 1635 1355 1642 .
1462 1635 1467 1641 .
1568 1636 1575 1644 .
1652 1609 1722 1644 949
1771 1609 1842 1644 354

206 1666 385 1700 Aliorum
411 1665 619 1701 verborum
644 1666 833 1701 canonica
859 1665 1101 1712 significatio
1121 1693 1129 1700 .
1232 1692 1240 1700 .
1343 1694 1351 1701 .
1453 1694 1461 1701 .
1566 1695 1573 1702 .
1649 1668 1720 1704 950
1768 1668 1839 1704 356

514 1794 653 1830 CAPUT
678 1794 708 1830 Ι.
735 1814 779 1821 -
806 1795 862 1831 De
887 1794 1070 1831 ministro
1095 1805 1229 1831 sacrae
1254 1794 1528 1832 ordinationis.

207 1887 384 1922 Canones
411 1888 562 1924 951-967
576 1916 583 1923 .
1769 1891 1838 1928 357

205 1945 416 1991 Inscriptio
442 1947 584 1992 capitis
610 1951 651 1982 et
676 1959 874 1983 canonum
900 1948 1145 1983 coordinatio
1769 1950 1840 1986 359

205 2004 392 2039 Minister
418 2005 570 2041 validae
596 2006 864 2042 ordinationis
901 2035 907 2041 .
1011 2033 1018 2041 .
1122 2035 1129 2042 .
1233 2035 1239 2041 .
1343 2035 1350 2042 .
1459 2036 1465 2042 .
1568 2036 1574 2042 .
1651 2009 1719 2043 951
1768 2009 1840 2044 360

206 2062 427 2099 Prohibitio
452 2065 693 2100 universalis
720 2066 822 2101 circa
847 2077 966 2101 usum
990 2066 1105 2101 illius
1130 2068 1356 2111 potestatis.
1459 2095 1466 2103 .
1569 2095 1576 2102 .
1653 2068 1722 2103 952
1769 2067 1838 2103 361

206 2122 520 2158 Consecrationis
546 2124 777 2170 episcopalis
801 2125 1022 2161 reservatio
1127 2155 1133 2160 .
1237 2153 1244 2161 .
1347 2153 1354 2160 .
1459 2156 1466 2163 .
1568 2153 1575 2160 .
1652 2127 1721 2161 953
1793 2139 1812 2159 »

206 2181 389 2226 Episcopi
418 2194 485 2227 pro
510 2183 583 2217 hac
608 2185 906 2219 consecratione
932 2184 1147 2219 adhibendi
1238 2212 1246 2220 .
1348 2213 1356 2220 .
1459 2214 1466 2220 .
1568 2213 1575 2220 .
1652 2186 1721 2221 954
1796 2200 1812 2218 s>

206 2240 391 2275 Minister
416 2253 483 2286 pro
509 2242 622 2277 licita
647 2243 903 2278 ordinatione
1011 2271 1018 2278 .
1122 2272 1128 2278 .
1232 2271 1240 2278 .
1343 2272 1350 2279 .
1453 2272 1460 2280 .
1564 2271 1571 2279 .
1648 2245 1717 2280 955
1766 2244 1837 2280 362

206 2299 422 2344 Episcopus
447 2301 628 2346 proprius
656 2301 965 2337 ordinandorum
992 2302 1254 2337 saecularium
1346 2331 1353 2338 .
1456 2330 1464 2338 .
1568 2332 1574 2338 .
1651 2303 1720 2338 956
1768 2304 1838 2340 363

205 2357 389 2392 Minister
414 2360 752 2395 extraordinarius
782 2372 851 2406 per
887 2372 941 2403 se,
969 2372 1014 2396 ac
1050 2361 1234 2406 proprius
1270 2362 1579 2397 ordinandorum

302 2417 558 2451 saecularium
572 2444 580 2452 .
682 2446 689 2453 .
792 2447 800 2453 .
903 2447 910 2454 .
1015 2447 1021 2454 .
1125 2447 1132 2454 .
1236 2448 1244 2455 .
1346 2448 1354 2455 .
1457 2451 1463 2456 .
1566 2447 1574 2455 .
1650 2421 1718 2457 957
1767 2420 1837 2456 366

207 2474 375 2516 Quinam
402 2475 492 2510 dare
518 2481 666 2521 queant
692 2478 851 2512 litteras
877 2478 1135 2514 dimissorias.
1237 2507 1243 2513 .
1346 2507 1353 2514 .
1456 2508 1463 2514 .
1567 2507 1573 2514 .
1651 2479 1720 2514 958
1768 2478 1836 2520 367

208 2532 308 2574 Quid
334 2534 523 2577 praedicti
549 2540 716 2580 possunt
743 2537 863 2571 etiam
889 2537 992 2572 circa
1017 2537 1308 2572 ordinationem
1347 2565 1355 2573 .
1456 2565 1465 2573 .
1566 2565 1574 2572 .
1651 2538 1720 2573 959
1768 2537 1838 2572 370

207 2590 416 2635 Requisita
442 2597 487 2626 ut
513 2593 623 2628 licite
649 2594 788 2629 denter
814 2595 1060 2630 dimissoriae
1124 2623 1132 2630 .
1235 2625 1241 2630 .
1347 2625 1353 2631 .
1457 2625 1463 2632 .
1566 2623 1574 2631 .
1650 2596 1719 2630 960
1793 2610 1807 2626 »
1842 2641 1846 2643 λ

207 2649 266 2684 Ad
292 2661 407 2695 quem
434 2651 543 2685 mitti
569 2658 735 2696 possunt
762 2654 920 2689 litterae
947 2654 1242 2689 dimissoriales.
1345 2681 1352 2690 .
1455 2681 1462 2689 .
1565 2681 1572 2690 .
1648 2655 1716 2689 961
1767 2654 1833 2690 371.

208 2708 392 2743 Conditio
418 2709 465 2742 ad
491 2710 597 2744 licite
623 2712 885 2747 ordinandum
911 2713 1087 2747 alienum
1113 2712 1319 2748 subditum
1344 2740 1352 2748 .
1455 2740 1462 2747 .
1565 2740 1572 2748 .
1649 2713 1718 2748 962
1765 2713 1842 2749 372

207 2767 264 2802 De
290 2767 424 2812 vigore
451 2768 675 2805 litterarum
701 2770 1023 2807 dimissoriarum.
1124 2798 1132 2806 .
1234 2800 1241 2807 .
1344 2800 1351 2807 .
1454 2799 1461 2807 .
1563 2799 1571 2807 .
1648 2772 1717 2807 963
1765 2770 1834 2808 373

207 2825 240 2859 Α
266 2826 405 2870 quibus
430 2826 579 2862 dandae
605 2833 700 2863 sunt
728 2829 883 2865 litterae
921 2830 1202 2866 dimissoriales
1227 2831 1461 2866 ordinandis
1486 2831 1576 2866 reli-

302 2885 424 2929 giosis
459 2911 465 2918 .
569 2914 575 2919 .
678 2914 685 2921 .
788 2917 795 2922 .
898 2915 906 2922 .
1009 2916 1017 2924 .
1120 2916 1127 2923 .
1231 2917 1238 2925 .
1341 2917 1348 2924 .
1453 2917 1459 2924 .
1563 2917 1571 2925 .
1647 2889 1716 2925 964

1770 848 1874 896 348’
1941 855 1968 904 j

1771 1037 1842 1072 349
