1971 3261
185 157 276 193 Can.
307 158 459 193 775-776
747 158 832 192 Trr.
861 158 892 192 Ι.
922 178 934 183 ·
961 158 1018 193 De
1044 160 1250 203 Baptz’smo
1778 162 1823 195 69

182 276 361 334 Capellis
392 290 466 320 seu
499 274 704 321 Oratoriis
738 277 923 335 (quando
957 282 1152 334 ageretur
1191 278 1241 321 de
1286 278 1414 321 altera
1450 282 1696 336 exceptione
1731 294 1820 325 can.

182 353 298 405 seq.⁸,
336 347 397 390 vel
432 349 464 390 si
498 347 565 390 illa
601 352 790 391 extarent
826 350 863 391 in
899 350 1144 405 exceptione
1177 347 1465 393 Clementinae
1498 349 1716 408 hucusque
1750 365 1820 394 ex-

183 417 352 475 plicata)
385 423 425 461 et
459 421 495 461 in
530 431 636 476 aqua
674 418 907 475 baptismali
943 419 994 462 ‹le
1029 432 1143 462 more
1178 419 1460 464 benedicta».

302 489 369 532 66.
406 491 559 535 Licita
592 491 827 546 baptismi
852 491 1104 536 sollemnis
1126 492 1494 539 administratio
1520 495 1565 538 in
1591 496 1821 540 domibus

181 562 405 618 privatis.
452 586 479 590 —
529 559 668 603 Altera
713 562 904 616 exceptio
949 562 1099 604 citatae
1140 559 1426 606 Clementinae
1471 577 1543 620 per
1584 564 1663 608 Rit.
1702 564 1817 610 Rom.

181 632 225 689 (l.
258 633 325 675 cit.
361 645 399 674 n.
436 632 509 688 29)
543 631 833 686 determinata,
868 631 991 675 huius
1040 637 1129 675 erat
1176 636 1355 677 tenoris:
1397 650 1416 675 ((
1444 637 1518 678 nisi
1566 649 1711 693 regum
1756 636 1817 680 vel

182 705 415 760 principum
455 703 524 760 (ex
562 702 660 747 Bit:
696 702 964 759 magnorum)
998 702 1150 761 quibus
1187 704 1321 748 valeat
1356 707 1393 748 in
1430 706 1507 750 hoc
1541 720 1638 750 casu
1664 707 1817 751 deferri

180 773 297 817 liberi
333 774 475 830 (idest2
512 773 583 816 tilii
618 786 669 817 ex
704 773 782 817 Rit.
809 786 847 817 n.
872 775 960 830 cit.)
985 776 1256 818 extiterint».
1292 775 1368 820 Ubi
1394 777 1815 822 animadvertendum

178 858 258 888 non
292 847 470 901 exprimi
505 845 614 902 quod
651 847 714 887 isti
751 858 870 902 reges
903 850 942 888 et
977 848 1186 902 principes
1218 860 1348 903 regno
1387 849 1605 905 temporali
1644 852 1819 906 potiren-

178 921 256 971 tur,
291 917 361 960 sed
398 918 534 973 potius
567 917 759 973 dignitati
795 919 973 974 prospici
1007 920 1073 961 cui
1113 917 1318 962 «valeret
1361 919 1578 973 deferri»,
1612 921 1721 964 unde
1759 923 1817 963 vi-

177 987 354 1032 debatur
389 990 426 1030 in
461 985 675 1032 Ordinarii
721 991 898 1044 positum
943 988 1262 1045 amplitudinem
1306 993 1587 1035 concessionis
1620 992 1816 1036 determi-

177 1072 291 1113 nare,
325 1059 424 1102 dum
461 1065 596 1103 tamen
634 1064 754 1115 prout
788 1063 844 1103 ait
876 1059 954 1103 Rit.
990 1059 1133 1104 Rom:
1164 1061 1246 1104 «id
1274 1062 1344 1105 fiat
1369 1064 1466 1118 ipsis
1501 1065 1553 1106 ita
1589 1063 1817 1120 deposcen-

178 1129 349 1175 tibus».
385 1156 437 1161 —
482 1130 600 1174 Nunc
638 1135 777 1174 autem
821 1131 1014 1174 standum
1059 1136 1120 1174 est
1158 1132 1413 1175 adamussim
1450 1147 1540 1177 can.
1578 1136 1683 1178 776.
1720 1136 1743 1187 ξ
1779 1134 1815 1176 1.

178 1199 224 1244 In
257 1200 447 1244 domibus
480 1205 621 1243 autem
646 1201 836 1259 privatis
872 1200 1091 1245 videlicet:
1127 1202 1176 1245 ad
1218 1203 1582 1260 commorandum,
1615 1206 1740 1247 etiam
1777 1206 1815 1247 in

178 1271 339 1327 palatiis
372 1285 533 1325 eornm,
567 1273 637 1329 qui
673 1271 864 1328 publicae
899 1285 1100 1328 personae
1136 1275 1172 1315 in
1209 1275 1409 1317 societate
1447 1274 1561 1318 civili
1600 1280 1814 1326 vocantur,

176 1347 297 1399 prout
332 1342 425 1386 illae
452 1343 601 1386 domus
634 1348 901 1400 opponuntur
936 1343 1037 1387 locis
1069 1346 1200 1388 sacris
1223 1345 1272 1387 ad
1301 1358 1418 1388 usum
1451 1345 1662 1402 publicum
1693 1360 1729 1388 v.
1753 1360 1814 1403 gr.

174 1416 405 1457 oratorium
440 1413 668 1470 publicum,
703 1414 935 1472 baptismus
968 1414 1201 1470 sollemnis,
1226 1428 1320 1459 nam
1347 1416 1398 1459 (le
1424 1416 1628 1473 baptismo
1653 1420 1816 1474 privato

173 1485 388 1529 decretum
424 1490 485 1529 est
518 1485 638 1529 aliter
675 1488 711 1528 in
746 1498 836 1529 can.
873 1486 971 1536 771,
1006 1485 1311 1530 administrari
1346 1501 1426 1531 11011
1459 1487 1589 1543 (lebet,
1625 1501 1732 1546 quae
1756 1494 1816 1532 est

174 1556 382 1614 generalis
415 1557 559 1614 regula
596 1557 834 1614 prohibens,
867 1558 954 1601 nisi
989 1556 1101 1601 hisee
1134 1558 1178 1601 in
1214 1558 1443 1611 adiunctis,
1466 1559 1649 1603 scilicet:
1683 1562 1814 1616 prima

173 1630 365 1684 exceptio
398 1631 465 1673 cit.
500 1627 667 1672 Ctemfw
702 1631 860 1672 ratione
896 1628 1252 1686 baptizandorum,
1286 1631 1468 1674 secunda
1497 1644 1595 1674 vero
1618 1645 1668 1674 ex
1691 1644 1813 1675 causa

173 1704 213 1743 et
246 1698 425 1754 licentia,
462 1701 573 1742 iuxta
621 1706 774 1756 praec-‘⁵
813 1702 913 1743 iuris
956 1700 1284 1745 declarationes:
1319 1726 1371 1732 —
1413 1701 1455 1744 1ο
1491 1702 1536 1745 Sz·
1569 1702 1815 1760 baptizandi

174 1773 335 1814 etiamsi
361 1770 490 1814 adulti
514 1771 601 1813 sint
623 1770 705 1827 filit
727 1772 979 1829 additurque
1007 1777 1081 1814 aut
1115 1778 1284 1830 nepotes
1318 1773 1499 1817 scilicet:
1536 1773 1699 1817 illorum
1726 1773 1812 1827 11111,

175 1855 252 1885 non
288 1855 651 1900 quorumcumque
696 1845 945 1899 principum,
980 1843 1050 1886 sed
1086 1857 1229 1886 eorum
1263 1843 1336 1901 qui
1367 1847 1408 1901 a)
1443 1858 1681 1902 supremwn
1718 1850 1814 1887 actu

175 1918 315 1956 tenent
345 1912 599 1971 populorum
628 1913 921 1971 pri'neipatmn
948 1918 989 1957 ut
1012 1917 1300 1970 imperatores,
1325 1928 1458 1972 reges,
1485 1918 1694 1972 principes
1717 1928 1812 1959 cum

173 1984 358 2027 dominio
392 1984 609 2041 temporali
645 1987 683 2027 111
720 1985 1014 2037 100(101·3110110Ἰ
1053 1986 1265 2042 praesides
1299 1986 1569 2043 reipublicae,
1596 1986 1636 2044 b)
1661 1986 1725 2029 rel
1747 1986 1814 2029 ius

174 2053 324 2098 habent
358 2060 452 2099 actu
487 2069 535 2098 ex
571 2058 774 2112 sauguine
807 2061 878 2100 aut
913 2056 1002 2113 lege
1035 2056 1285 2100 succedendi
1319 2057 1362 2100 in
1399 2056 1594 2101 thronum
1619 2063 1811 2109 stantem,

171 2138 220 2170 ac
252 2126 330 2170 sub
362 2127 601 2170 conditione
634 2127 796 2185 quoties
830 2127 905 2171 isli
926 2127 1003 2172 sub
1030 2128 1176 2171 litteris
1208 2131 1246 2182 a)
1279 2127 1324 2185 b)
1358 2128 1403 2172 id
1424 2129 1509 2172 rite
1528 2129 1811 2187 poposcerint.

175 2196 394 2242 Videlicet:
417 2201 583 2255 proprio
602 2196 828 2243 Ordiuario
849 2198 912 2243 vel
936 2199 1115 2255 parocho
1139 2199 1394 2243 desiderium
1414 2203 1650 2256 exprimant
1673 2200 1811 2244 utendi

172 2268 248 2312 hoc
285 2271 387 2313 iur.e

293 2339 460 2383 Piwaetei
492 2343 761 2397 exceptiones
792 2340 1076 2385 Clementinae
1113 2344 1190 2385 iani
1234 2341 1475 2398 explicatas
1515 2342 1679 2399 vigebat
1714 2342 1809 2385 Dec.

170 2410 209 2453 S.
244 2410 394 2467 Congr.
430 2411 481 2454 de
524 2411 741 2467 disciplina
787 2412 1207 2456 Sacrameniorum1.
1248 2412 1338 2455 «ll.
1374 2412 1435 2456 An
1470 2412 1683 2457 (erinarii
1721 2425 1810 2469 per-

172 2483 335 2525 mittere
371 2484 538 2538 possint
575 2487 617 2526 ut
653 2483 850 2540 parvulis,
898 2488 1189 2541 praeterquam
1238 2484 1348 2541 quod
1401 2487 1576 2527 instante
1627 2483 1810 2540 periculo

172 2555 316 2595 mortis
351 2553 412 2596 vel
448 2559 622 2610 urgente
657 2555 897 2598 infirmitate
932 2554 1002 2612 (de
1035 2567 1115 2612 qua
1152 2557 1189 2597 iu
1225 2567 1316 2600 can.
1341 2555 1439 2608 771,
1464 2555 1584 2612 775),
1608 2555 1719 2598 domi
1747 2554 1812 2598 ba-

170 2625 373 2679 ptismatis
419 2624 736 2668 Sacramentum
786 2626 1143 2669 administretur...
1180 2625 1228 2669 Et
1261 2626 1366 2670 Εῐῑιί.
1394 2627 1465 2671 ΡΡ.
1512 2630 1808 2683 reposuerunt:

170 2694 276 2738 ...Au
315 2694 344 2737 ll
377 2695 640 2739 Affirmative
673 2710 721 2739 ex
759 2699 871 2740 iuxta
917 2702 954 2739 et
997 2696 1229 2740 rationabili
1264 2710 1389 2741 causa
1415 2714 1451 2743 ))
1488 2697 1537 2741 Et
1573 2697 1648 2740 110(
1682 2702 1810 2740 trans-

170 2765 296 2808 latum
332 2771 393 2809 est
427 2769 464 2809 in
501 2780 537 2810 n.
575 2767 631 2810 ⁶2⁰.
668 2767 715 2811 Si
746 2767 828 2811 loci?
865 2767 1127 2810 (hatum-‹ius-
1161 2769 1268 2825 (can
1299 2769 1440 2823 198ss
1424 2769 1530 2826 2)
1566 2770 1603 2824 a)
1634 2782 1711 2827 pro
1735 2782 1809 2810 suo

288 2919 299 2940 1
326 2919 372 2953 23
399 2919 491 2953 Dec.
523 2920 626 2954 1912.
657 2921 734 2955 CO.
767 2921 831 2964 IV,
860 2921 941 2958 725.
