1971 3261
159 147 253 183 Can.
283 146 350 182 745
725 144 808 178 ΤΙΤ.
837 144 866 179 Ι.
893 164 904 169 -
933 144 989 179 De
1021 145 1225 188 Baptismo
1754 144 1800 177 35

160 269 350 321 moritur,
384 268 481 323 quin
517 270 555 308 et
591 265 690 321 ipsis
727 265 963 307 misericors
996 262 1120 316 Deus,
1154 265 1223 320 qui
1264 265 1471 305 neminem
1520 262 1606 306 vult
1653 265 1799 319 perire.

159 338 326 396 aliquod
365 336 595 381 remedium
632 337 924 392 procuraverit
957 334 1007 378 ad
1042 334 1216 377 salutem
1244 349 1282 374 ›>.
1317 334 1395 377 Sed
1430 336 1535 377 sicut
1582 334 1799 390 probatum

160 414 218 453 est
253 408 362 466 quod
404 410 646 461 «omnis»,
682 408 736 450 ita
772 408 896 449 etiam
931 411 969 448 e!
1003 404 1118 448 solus
1153 404 1288 456 1101110,
1322 418 1492 461 nempe:
1538 408 1690 462 speciei
1727 405 1800 448 liu-

161 492 307 523 manae
342 478 619 529 individuum,
654 477 820 535 quando
854 476 992 520 adhuc
1025 478 1077 520 sit
1110 475 1264 530 110101,
1297 489 1368 519 seu
1408 478 1568 530 vivens,
1594 490 1686 520 nam
1721 477 1804 520 Sal-

163 555 280 594 13101·
312 550 363 593 (16
397 549 472 604 his,
507 549 557 592 ad
593 562 697 606 quos
730 547 942 592 docendos
987 549 1224 590 missionem
1269 547 1383 590 dedit
1416 547 1637 603 Apostolis,
1673 548 1801 590 dixit:

166 638 185 662 «
211 622 464 677 baptizantes
487 633 557 664 eos
591 622 628 663 in
665 622 832 663 nomine
858 619 989 662 Patris
1012 624 1050 662 et
1075 617 1163 661 Filii
1189 623 1227 662 et
1250 618 1428 675 Spiritus
1450 620 1588 663 Sancti
1614 635 1653 673 »,
1678 624 1801 677 atque

160 694 211 737 ‹le
243 705 511 751 quocumque
546 696 709 734 mortuo
742 693 943 748 scriptum
980 695 1063 734 est:
1104 706 1123 731 ((
1150 692 1187 733 111
1221 684 1488 748 quocumque
1523 690 1612 734 loco
1644 693 1801 747 lignum

160 764 372 818 ceciderit,
407 763 461 807 ibi
507 763 682 806 6111511.
720 763 912 806 Attamen
963 764 1058 820 quia
1110 760 1339 818 baptismus
1377 763 1561 805 «1161311
1597 764 1737 819 nequit
1764 779 1801 814 »,

163 841 202 879 ut
236 835 542 892 explicavimus
588 836 624 877 in
671 847 760 878 can.
798 834 896 888 732,
929 833 957 891 ξ
995 834 1028 887 l,
1065 832 1255 876 limitatio
1299 832 1473 876 subiecti
1519 835 1685 889 capacis
1727 838 1800 889 est,

161 907 271 965 quod
308 905 491 950 nondum
524 905 763 963 baptizalus
795 907 858 948 sit.

283 978 350 1021 29.
387 978 703 1034 significatio
736 978 944 1022 iuridica
986 968 1303 1033 parvulorum
1335 989 1421 1021 seu
1456 976 1715 1021 infantium
1756 980 1804 1022 et

162 1052 457 1096 adultorum.
490 1073 516 1079 —
549 1047 651 1092 Cum
688 1050 726 1090 in
761 1047 1033 1105 sequentibus
1066 1045 1295 1091 canonibus
1329 1047 1398 1090 liat
1432 1046 1580 1090 horum
1625 1047 1802 1091 10631111-

164 1121 296 1164 lorum
333 1133 431 1163 usus
463 1132 608 1163 omnes
631 1118 821 1162 homines
843 1119 1205 1174 distinguentium,
1240 1117 1433 1174 equidem
1460 1117 1510 1161 ad
1536 1118 1697 1162 facilius
1720 1132 1804 1162 ser·

167 1191 324 1234 vandas
358 1192 548 1234 diversas
582 1202 761 1245 normas,
785 1189 998 1246 subiungit
1034 1188 1196 1231 illorum
1233 1189 1560 1244 significationes
1588 1191 1613 1243 ,ξ
1637 1189 1677 1232 9.
1704 1188 1803 1232 sum

164 1262 310 1319 aqv'tm‘
342 1260 392 1304 de
425 1261 656 1319 baptismo:
690 1274 768 1304 non
805 1261 856 1304 (16
890 1261 981 1304 aliis
1017 1260 1154 1314 rebus,
1173 1261 1243 1304 sed
1269 1261 1320 1304 de
1356 1259 1432 1303 hoc
1468 1262 1504 1302 in
1541 1273 1806 1317 quocumque

162 1332 326 1377 Codicis
360 1332 473 1375 loco:

284 1402 327 1445 1⁰
361 1401 644 1446 Parvulorum
678 1416 750 1445 seu
785 1402 1018 1460 inshntium
1051 1402 1220 1445 nomine
1262 1401 1363 1446 alias
1406 1402 1592 1446 adhibito
1636 1403 1807 1445 venian!

164 1478 206 1518 ut
240 1474 383 1531 regula
416 1473 640 1531 generalis,
673 1472 730 1516 ad
767 1486 958 1516 normam
997 1487 1088 1516 ean.
1121 1475 1197 1525 88,
1231 1473 1259 1532 ξ
1289 1475 1321 1517 3
1352 1473 1404 1517 de
1442 1478 1576 1517 aetate
1617 1476 1805 1531 positam,

162 1559 212 1590 eo
245 1545 355 1603 quod
391 1549 616 1589 censentur
653 1560 673 1585 «
697 1558 776 1588 11011
811 1547 873 1588 sui
908 1549 1187 1601 compotes»,
1207 1549 1389 1589 attamen
1426 1547 1561 1602 potius
1593 1545 1806 1602 sequendo

165 1619 398 1668 veritatem,
434 1621 477 1660 ut
513 1618 646 1660 innuit
684 1615 894 1660 clausula:
939 1616 1011 1674 qui
1052 1616 1235 1659 nondum
1281 1616 1466 1659 rationis
1507 1630 1622 1659 nsum
1664 1616 1809 1674 adepti

163 1693 276 1741 sunt,
298 1687 652 1746 quandocumque
687 1687 738 1731 de
772 1687 849 1731 hoc
873 1692 1031 1731 constet
1058 1689 1242 1731 fortassis
1266 1687 1372 1731 ultra
1395 1690 1682 1744 septennium:
1719 1700 1809 1744 pro-

165 1764 304 1817 pterea
338 1761 528 1817 sequitur
551 1758 790 1817 eisdemque
823 1749 1098 1802 accensentur
1131 1764 1317 1802 amentes
1335 1758 1516 1803 scilicet:
1554 1761 1592 1802 in
1627 1761 1806 1803 amentia

163 1844 236 1874 seu
270 1830 472 1874 habituali
510 1832 680 1874 rationis
712 1830 878 1874 defectu
914 1843 1023 1874 nunc
1057 1832 1257 1888 temporis
1299 1833 1524 1874 existentes
1557 1831 1627 1874 sed
1663 1830 1712 1873 ab
1745 1830 1808 1873 in-

163 1901 322 1959 fantia,
345 1906 385 1945 et
410 1904 473 1945 isti
508 1901 550 1944 in
585 1901 734 1959 quavis
767 1906 908 1944 aetate
941 1901 1175 1945 constituti.
1197 1927 1248 1932 —
1269 1900 1397 1945 Caute
1430 1901 1673 1954 notandum,
1698 1901 1806 1959 quod

165 1972 268 2017 haec
300 1972 501 2029 clausula,
535 1975 610 2017 etsi
645 1973 765 2017 aliter
801 1973 1007 2027 videatur,
1043 1986 1122 2016 non
1157 1972 1412 2031 aequipollet
1454 1973 1571 2016 alteri
1606 1985 1696 2017 can.
1732 1974 1809 2016 88:

170 2059 191 2085 «
215 2043 362 2088 lnfanti
398 2044 682 2088 assimilantur
715 2048 919 2102 quotquot
954 2057 1027 2087 usu
1063 2046 1234 2088 rationis
1266 2048 1360 2088 sunt
1394 2043 1536 2088 habitu
1561 2044 1745 2088 destituti
1775 2062 1811 2099 »,

165 2114 267 2158 haec
301 2117 410 2158 enim
446 2119 507 2158 est
539 2114 717 2172 amplior
760 2115 837 2159 sub
884 2127 963 2173 qua
1010 2114 1424 2172 comprehenduntur
1468 2127 1633 2172 quoque
1667 2117 1735 2172 qui
1771 2117 1808 2158 in

165 2188 387 2230 amentiam
424 2187 661 2230 inciderunt
694 2188 818 2230 etiam
857 2191 946 2244 post
979 2188 1259 2243 septennium,
1294 2191 1334 2229 et
1366 2186 1449 2230 alii.

286 2257 328 2300 2⁰
362 2256 511 2301 Adule·
543 2263 683 2300 (tutem
718 2263 942 2301 censentur
966 2260 1004 2301 in
1042 2260 1130 2300 iure
1163 2258 1214 2301 de
1249 2256 1467 2315 baptismo,
1493 2260 1686 2314 quamvis
1720 2271 1810 2314 pro-

168 2330 254 2384 prie
287 2328 337 2371 ad
375 2341 561 2371 normam
597 2341 687 2372 can.
723 2331 793 2372 cit.
828 2328 991 2386 parvuli
1026 2342 1099 2372 seu
1134 2329 1311 2372 infantes
1344 2330 1548 2386 puerique
1594 2332 1809 2381 vocentur,

166 2398 223 2441 illi
257 2399 329 2456 qui
360 2398 546 2442 rationis
581 2413 658 2442 usu
690 2398 914 2457 fruuntur,
933 2401 1007 2443 etsi
1043 2399 1228 2443 nondum
1264 2399 1428 2456 expleto
1464 2401 1502 2442 in
1538 2399 1677 2456 aliquo
1711 2411 1810 2442 casu

164 2472 393 2526 septennio,
427 2468 553 2528 idque
589 2469 697 2513 satis
734 2476 794 2513 est
835 2476 878 2513 ul
918 2484 992 2513 seco
1031 2469 1207 2528 quisque
1239 2470 1374 2513 animi
1404 2476 1517 2513 motu
1552 2469 1801 2527 baptismum

163 2545 295 2597 petat,
329 2542 426 2599 quia
455 2542 580 2584 «iam
616 2545 818 2598 quantum
854 2541 902 2584 ad
939 2553 986 2584 ea
1019 2553 1125 2598 quae
1158 2546 1253 2584 sunt
1287 2543 1388 2585 iuris
1421 2541 1553 2585 divini
1591 2540 1655 2583 vel
1690 2545 1807 2583 natu-

167 2610 276 2666 ralis,
311 2613 453 2668 incipit
486 2623 586 2655 suae
621 2614 835 2668 potestatis
869 2625 980 2665 esse;
1016 2617 1053 2655 et
1088 2612 1181 2655 ideo
1206 2615 1372 2669 propria
1401 2612 1655 2655 voluntate...
1677 2615 1808 2667 potest

170 2681 419 2739 baptismum
453 2685 711 2739 suscipere...
746 2682 795 2726 Et
830 2683 922 2726 ideo
956 2683 1058 2727 tales
1092 2683 1202 2727 licite
1227 2685 1386 2727 moneri
1412 2687 1581 2740 possunt
1606 2686 1643 2725 et
1669 2682 1807 2725 induci

168 2753 218 2796 ad
262 2753 574 2810 suscipiendum
620 2753 940 2810 baptismum»,
977 2759 1019 2797 ut
1062 2756 1119 2798 ait
1162 2753 1209 2797 D.
1243 2753 1314 2798 Th.
1341 2755 1369 2810 ²,
1409 2760 1464 2809 el,
1496 2757 1528 2797 si
1573 2753 1665 2797 talis
1713 2752 1808 2796 16111

287 2908 299 2928 1
325 2906 453 2942 Eccle.
478 2907 550 2947 XI,
577 2906 612 2941 3.
644 2927 685 2932 —
713 2907 727 2929 2
754 2908 776 2941 3
802 2907 860 2948 P.,
888 2919 923 2951 q.
954 2906 1135 2951 LXVIII,
1164 2919 1197 2941 a.
1230 2908 1274 2940 10
1302 2919 1334 2941 c.
