1971 3261
123 88 194 121 244
521 85 605 119 Lm.
634 85 706 119 III.
736 105 748 110 -
775 85 886 119 PARS
911 85 943 118 I.
972 104 985 110 ·
1010 84 1068 119 De
1094 84 1359 119 Sacramentis
1571 84 1665 121 Gan.
1693 85 1762 121 887

244 206 342 249 210.
376 206 755 252 Satisfactiones
788 205 1132 260 iniungendae.
1178 229 1230 233 —
1275 201 1334 245 Ex
1370 201 1487 246 Dec⁰.
1531 203 1748 247 doctrinali

124 277 259 322 Conci.
285 276 409 320 Tridi.
436 278 473 318 in
499 289 597 319 sess.
624 273 716 317 XIV
740 287 829 330 cap.
857 274 881 317 8
912 279 952 316 et
975 287 1023 317 ex
1054 272 1133 316 Rit.
1157 272 1276 317 Rom.
1303 272 1399 325 (loc.
1423 275 1491 316 cit.
1525 286 1592 316 nn.
1619 273 1765 329 1821>

124 349 368 404 desumptus
401 351 473 394 est,
508 359 555 389 ac
591 345 670 388 illis
706 344 940 401 completur
972 348 1012 387 et
1050 343 1284 400 explicatur
1318 356 1495 401 sequens
1528 358 1619 388 caiz.
1652 346 1760 387 887.

131 418 208 462 Pro
241 418 449 476 qualitate
471 416 653 460 scilicet:
688 417 826 472 specie
864 427 913 458 ac
951 417 1220 471 consequenti
1265 417 1472 471 gravitate
1509 419 1548 457 et
1585 428 1758 458 numero

124 492 282 543 maiori,
320 490 524 530 minorive
557 500 628 530 seu
665 485 929 529 multitudine
957 490 1246 542 peccalorum,
1281 497 1387 542 quae
1423 487 1636 541 poenitens
1658 498 1754 528 con-

123 561 252 603 fessus
286 560 420 611 suerit,
455 563 493 599 et
526 556 646 600 simul
682 561 834 600 attenta
871 555 1111 599 conditione
1129 555 1387 612 poenitentis
1411 555 1506 611 (Rit.
1531 555 1648 599 Rom.
1679 556 1755 601 loc.

120 633 186 674 cit.
212 630 296 683 18),
316 642 388 672 seu
413 644 431 669 c<
451 628 589 671 liabita
610 630 767 671 ratione
785 632 928 677 status,
948 626 1208 675 conditionis⁹
1234 639 1358 669 sexus
1376 629 1578 670 etaetatis
1598 631 1636 670 et
1659 629 1754 671 item

121 701 401 757 dispositionis
435 701 795 756 poenitentium»,
830 697 1058 753 salutares,
1087 712 1109 738 «
1131 699 1226 752 quia
1264 709 1419 752 poenae
1457 699 1756 741 satisfactoriae

121 770 384 826 infligendae,
420 769 651 812 medicinae
684 772 791 823 sunt,
816 773 855 810 et
878 769 986 810 sicut
1011 767 1244 810 medicinae
1269 768 1306 808 in
1333 771 1421 809 arte
1453 766 1757 811 determinatae

120 854 197 884 non
233 840 426 883 omnibus
474 842 728 894 competunt,
761 838 833 882 sed
871 837 1096 880 variandae
1128 841 1222 879 sunt
1271 836 1502 879 secundum
1536 836 1753 880 arbitrium

121 912 268 955 medici
304 924 383 953 non
420 912 627 966 propriam
665 909 918 952 voluntatem
954 909 1180 965 sequentis,
1214 907 1286 950 sed
1322 909 1537 950 scientiam
1584 908 1754 951 medici-

121 995 218 1036 nae,
258 984 311 1025 ita
347 994 501 1037 poenae
534 980 879 1023 satislactoriac...
908 978 1211 1031 determinatae
1246 990 1324 1020 non
1360 982 1600 1034 competunt
1623 980 1754 1021 omni-

120 1054 210 1106 bus,
258 1053 327 1096 sed
381 1052 604 1095 variandae
652 1055 747 1094 sunt
794 1050 1023 1094 secundnm
1071 1049 1291 1093 arbitrium
1341 1049 1755 1093 sacerdotis-divino

119 1127 314 1168 instinctu
349 1123 599 1180 regulatum.
647 1122 761 1165 Sicut
795 1135 894 1178 ergo
928 1121 1116 1164 medicus
1149 1119 1375 1176 aliquando
1410 1120 1636 1176 prudenter
1674 1133 1753 1164 non

119 1196 187 1240 dat
224 1195 470 1238 medicinam
507 1195 559 1237 ita
609 1193 820 1236 efficacem
856 1204 961 1248 quac
995 1191 1045 1235 ad
1081 1190 1214 1234 morbi
1255 1192 1511 1234 curationem
1561 1191 1752 1252 sufficiat,

114 1282 166 1311 ne
203 1271 370 1324 propter
404 1264 659 1309 debilitatem
696 1269 868 1307 naturae
902 1265 1035 1306 maius
1073 1261 1304 1319 periculum
1340 1264 1511 1317 oriatur,
1537 1264 1588 1304 ita
1623 1274 1756 1306 sacer-

113 1339 187 1382 dos
221 1338 365 1381 divino
401 1338 593 1379 instinctu
630 1340 764 1378 motus
798 1347 876 1377 non
925 1346 1091 1390 semper
1138 1337 1262 1376 totam
1310 1345 1499 1389 poenam,
1543 1345 1649 1390 quae
1683 1335 1751 1376 uni

114 1413 289 1467 peccato
321 1407 510 1463 debetur,
535 1408 725 1462 inmugit,
751 1419 801 1448 ne
825 1406 1014 1448 infirmus
1037 1404 1188 1461 aliquis
1211 1417 1258 1446 ex
1288 1403 1574 1459 magnitudine
1596 1416 1752 1455 poenae

111 1481 320 1536 desperet,
356 1483 395 1521 et
429 1490 450 1521 a
486 1479 735 1534 poenitentia
770 1475 949 1519 totaliter
981 1475 1149 1518 recedat
1177 1490 1215 1517 ».
1242 1473 1296 1517 lta
1329 1473 1374 1518 D.
1402 1473 1580 1517 Thomas
1605 1474 1630 1516 ¹.

232 1549 432 1605 Adiungit
468 1562 567 1592 vero
590 1561 745 1591 canon:
780 1552 818 1589 et
841 1545 1145 1599 convenientes,
1170 1547 1264 1602 quia
1290 1544 1386 1601 Syn.
1406 1543 1515 1587 Trid.
1543 1544 1635 1599 (loc.
1662 1543 1749 1600 cit.)

114 1627 251 1666 monet
285 1624 343 1666 sic
376 1620 614 1664 sacerdotes
646 1618 834 1662 Domini:
865 1616 1099 1660 «Habeant
1136 1629 1234 1672 prae
1267 1615 1410 1670 oculis,
1445 1619 1488 1658 ut
1526 1615 1750 1658 satisfactio

113 1706 239 1751 quam
276 1696 505 1749 imponunt,
540 1704 618 1733 non
653 1691 703 1732 sit
738 1693 895 1732 tantum
934 1687 983 1731 ad
1019 1699 1154 1730 novae
1189 1689 1299 1729 vitae
1332 1686 1579 1739 custodiam,
1617 1690 1656 1729 et
1691 1687 1749 1728 in-

113 1765 321 1808 firmitatis
354 1762 721 1813 medicamentum,
769 1760 839 1802 sed
875 1761 999 1802 etiam
1033 1758 1083 1802 ad
1121 1759 1437 1814 praeteritorum
1482 1760 1747 1813 peccatorum

116 1834 357 1888 vindictam,
392 1838 430 1876 et
465 1834 805 1888 castigationem:
853 1842 947 1873 nam
981 1828 1124 1872 claves
1156 1827 1437 1881 sacerdotum,
1471 1840 1550 1870 non
1584 1827 1633 1870 ad
1669 1826 1747 1869 sol-

113 1905 297 1949 vendum
331 1905 561 1957 dumtaxat,
594 1902 664 1946 sed
691 1902 741 1945 ad
767 1901 981 1957 ligandum
1015 1911 1247 1952 concessas,
1271 1900 1394 1941 etiam
1419 1899 1575 1955 antiqui
1611 1901 1748 1954 patres

109 1981 148 2020 et
175 1975 364 2029 credunt,
399 1979 436 2018 et
471 1974 621 2017 docent
643 1989 682 2016 )).
722 1971 1013 2029 Vocanturque
1047 1975 1262 2027 praeterea
1297 1971 1335 2012 in
1368 1981 1525 2012 canone
1550 1983 1569 2009 «
1593 1981 1746 2012 conve-

111 2049 332 2100 nientes»,
380 2050 584 2102 quatenus
620 2046 699 2087 sint
734 2044 968 2086 contrariae
1003 2043 1185 2097 peccatis
1235 2041 1524 2096 poenitentiae,
1571 2038 1745 2081 «veluti

112 2119 251 2161 avaris
285 2116 589 2172 eleemosynae,
625 2114 854 2158 libidinosis
889 2114 1053 2167 ieiunia,
1093 2111 1155 2154 vel
1191 2110 1296 2154 aliae
1319 2112 1456 2153 carnis
1489 2110 1745 2165 afflictiones,

110 2187 303 2245 superbis
336 2186 581 2230 humilitatis
613 2186 762 2239 officia,
795 2184 1014 2228 desidiosis
1047 2182 1282 2226 devotionis
1304 2181 1439 2224 studia
1468 2198 1482 2218 »
1513 2179 1542 2222 2.
1562 2206 1617 2211 —
1649 2179 1745 2223 Tale

111 2272 211 2315 ergo
234 2260 328 2314 sint,
348 2262 390 2301 ut
410 2258 637 2314 praefatum
659 2261 733 2311 est,
752 2254 1070 2306 satisfactiones
1088 2266 1186 2309 erga
1211 2253 1396 2296 divinam
1418 2253 1630 2306 iustitiam,
1649 2252 1744 2308 quia

114 2346 136 2371 α
163 2330 313 2373 Sancta
336 2328 528 2385 Svnodus
561 2327 760 2381 declarat,
795 2326 939 2370 salsum
960 2326 1129 2368 omnino
1148 2337 1252 2378 esse,
1285 2328 1325 2366 et
1357 2335 1378 2366 a
1402 2321 1528 2365 verbo
1552 2321 1625 2365 Dei
1650 2321 1744 2365 alie-

108 2413 223 2454 num,
241 2387 406 2455 culpam
433 2411 453 2441 a
479 2398 654 2441 Domino
678 2409 905 2454 numquam
934 2397 1099 2450 remitti,
1121 2396 1219 2452 quin
1246 2395 1441 2436 universa
1465 2394 1587 2435 etiam
1614 2403 1743 2449 poena

108 2470 428 2515 condonetur».
463 2467 604 2525 (Conc.
624 2467 733 2512 Trid.
762 2467 836 2511 loc„
861 2465 963 2523 cit.).

226 2540 353 2585 Caute
392 2540 595 2597 valdeque
628 2530 808 2582 notanda
841 2543 902 2581 est
934 2535 1134 2588 clausula,
1159 2547 1265 2593 quae
1297 2536 1408 2578 circa
1441 2533 1743 2591 explicatarum
1795 2573 1802 2577 ,

107 2612 436 2656 satisfactionum
474 2610 640 2653 modum
675 2608 874 2652 adhibent
896 2606 1020 2652 Conc.
1055 2605 1166 2649 Trid.
1200 2604 1321 2648 simul
1357 2608 1396 2647 et
1430 2604 1507 2648 Rit.
1543 2604 1660 2647 Rom.
1684 2616 1743 2646 se-

108 2681 332 2740 quentibus
364 2681 510 2724 iisdem
546 2680 685 2724 verbis
724 2683 968 2737 «quantum
999 2679 1171 2734 spiritns
1206 2681 1244 2719 et
1281 2675 1499 2731 prudentia
1522 2687 1741 2731 suggesse-

226 2836 238 2857 1
269 2833 404 2879 Suppl.
433 2846 466 2878 q.
495 2832 643 2876 XVIII,
672 2843 705 2865 a.
734 2832 756 2865 4
795 2842 897 2876 corp.
938 2850 984 2854 —
1008 2830 1022 2852 ‘²
1049 2829 1131 2865 Bit..
1169 2830 1280 2865 Rom.
1322 2829 1395 2863 loe.
1425 2828 1491 2862 cit.
1532 2839 1572 2862 n.
1613 2828 1668 2862 19.

1137 2986 1156 2995 x
