1971 3261
99 151 191 188 Gan.
217 146 374 184 963-964
669 147 752 180 Trr.
782 147 848 180 VI.
879 167 889 172 -
921 147 973 181 De
1004 147 1148 181 Orcline
1658 145 1728 181 373

103 283 179 313 non
215 268 401 324 requirit,
435 264 479 321 d)
513 264 629 307 salvo
661 265 927 322 praescripto
962 278 1052 308 ean.
1087 267 1194 313 &li-1,
1226 264 1254 321 ς’
1288 263 1310 305 3
1345 263 1395 306 de
1431 266 1549 305 novis
1583 263 1728 308 litteris

101 335 442 383 testimonialibus
475 336 728 392 ‹piandoquo
764 337 1018 377 necessariis.

217 408 312 451 310.
350 408 423 452 De
456 409 631 463 vigore
675 408 947 452 litterarum
992 408 1396 452 dimissoriarum.
1434 432 1482 436 —
1519 406 1622 460 Quia
1669 407 1729 449 di—

100 481 380 524 missoriarum
417 479 630 520 concessio
665 483 722 520 est
760 481 800 520 ut
837 477 1059 533 plurimum
1096 476 1299 533 ‹piaedam
1335 479 1479 532 gralia.
1517 479 1618 521 iuste
1642 492 1728 521 om-

100 554 193 594 nino
227 550 405 606 disponit
440 562 529 590 ean.
565 550 661 590 963
712 550 823 591 iuxta
871 548 1186 604 praecedentem
1223 547 1506 603 disciplinam:
1545 547 1731 591 Le'tlerue

98 621 380 671 dimissortae,
414 624 451 662 et
486 618 538 662 ob
575 618 747 662 verbum
799 618 1035 662 universale
1086 618 1176 660 illae
1224 632 1390 675 <pioque
1433 633 1654 662 concessae
1692 623 1728 662 xi

97 706 186 737 cau.
222 692 319 742 964,
352 696 528 748 possunt
562 688 612 732 ab
649 690 738 747 ipso
772 689 813 746 a)
847 689 1094 731 ‹oncedente
1129 688 1170 745 b)
1200 688 1260 730 rel
1293 689 1341 730 ab
1375 689 1462 731 eins
1495 704 1730 734 successore

100 766 136 806 in
171 762 370 818 singulari
406 761 541 804 officio
576 761 618 817 a)
652 760 850 810 limitari,
883 763 971 803 sive
1005 760 1169 816 quando
1204 759 1354 802 dautur
1385 763 1472 803 sire
1514 766 1599 817 post
1634 776 1728 805 con-

98 835 342 882 cessionem,
372 832 433 875 rel
467 831 602 888 quoad
641 836 803 886 tempus
838 833 941 873 intra
967 831 1075 887 quod
1110 829 1387 887 subsequatur
1420 831 1638 885 ‹u-dnmuo,
1667 832 1727 875 rel

97 904 232 962 quoad
269 903 493 959 Episcopos
516 916 564 945 ex
601 902 751 958 quibus
780 902 902 958 eligat
928 902 1203 944 ordinantem.
1233 901 1293 943 re!
1329 902 1462 962 quoad
1499 903 1664 946 ordines
1693 906 1728 946 ri

98 988 240 1019 earum
285 974 585 1030 suscipiendos.
622 973 664 1030 b)
699 980 773 1016 aul
809 973 998 1016 revocari
1031 975 1197 1015 omniuo
1231 977 1324 1015 ante
1370 975 1549 1029 ipsarum
1597 988 1728 1027 usum,

99 1047 135 1097 es*
169 1045 242 1089 sed
273 1045 398 1088 semel
432 1058 651 1087 concessae
686 1058 764 1087 non
799 1044 1120 1101 eslinqnnnlnr,
1145 1043 1280 1086 adbu(¹
1316 1057 1392 1085 non
1428 1049 1601 1101 sequuta
1626 1046 1732 1087 ordi-

100 1119 276 1162 natione.
311 1130 382 1159 seu
433 1115 530 1158 dum
581 1117 630 1158 sit
669 1128 780 1158 «res
829 1114 966 1158 adbuc
1017 1116 1221 1169 integra»
1275 1113 1382 1166 (ean.
1420 1114 1504 1164 ot‘,
1549 1114 1731 1157 resoluto

98 1187 282 1246 qualibet
314 1187 364 1230 sle
398 1198 522 1230 causa
558 1185 649 1228 inre
682 1185 825 1228 dantis
859 1186 911 1228 ad
944 1198 1014 1228 eas
1047 1184 1350 1235 concedemlas,
1384 1198 1489 1241 quae
1526 1191 1731 1240 postrema

99 1259 282 1303 clausula
316 1262 375 1301 est
410 1259 600 1313 exceptio
634 1259 803 1299 canonis
836 1259 962 1299 citati.

218 1329 315 1373 311.
351 1332 393 1373 A
427 1331 607 1385 quibus
650 1330 847 1373 dandae
880 1331 993 1374 sunt
1035 1328 1232 1372 litterae
1264 1329 1620 1373 dimissoriales
1663 1342 1734 1373 or-

98 1403 327 1447 dinandis
360 1401 625 1456 religiosis.
663 1425 715 1428 —
755 1397 854 1440 Fan.
889 1400 983 1440 964
1019 1400 1159 1453 incipit
1214 1397 1288 1439 boe
1325 1398 1468 1441 modo:
1508 1396 1627 1450 Quod
1670 1405 1731 1440 a!-

101 1471 204 1515 linet
237 1470 293 1514 ad
325 1469 636 1514 ordinationem
665 1469 976 1526 reliyiosorwn.
1002 1481 1022 1512 a
1050 1471 1179 1524 prima
1217 1474 1382 1511 tonsura
1419 1482 1548 1525 usque
1572 1469 1620 1511 ad
1648 1483 1734 1525 pre-

98 1542 355 1599 sbyteratum
406 1540 632 1584 inclusive:
675 1542 772 1597 quia
812 1540 863 1583 ab
914 1542 989 1582 isto
1023 1552 1181 1581 canone
1213 1538 1350 1582 Codex
1402 1539 1525 1581 tradit
1570 1553 1734 1583 normas

99 1613 361 1658 coordinatas
395 1610 742 1669 praecedentibus
774 1612 885 1654 eirca
925 1610 1128 1653 «litteras
1162 1611 1419 1653 dimissorias
1454 1624 1525 1666 pro
1549 1611 1732 1654 saecula-

102 1683 276 1737 ribus»,
310 1688 348 1726 et
382 1682 487 1728 can¹.
513 1683 598 1725 958
624 1683 834 1739 respondit
869 1694 958 1725 ean.
986 1682 1067 1724 964
1106 1684 1142 1723 in
1178 1694 1258 1738 quo
1294 1688 1428 1724 tamen
1467 1684 1598 1737 primo
1634 1684 1736 1725 inse-

101 1758 204 1799 ritur
254 1759 432 1811 potestas
476 1753 694 1797 ordinandi
745 1753 917 1796 limitata
963 1757 1202 1808 competens
1245 1751 1493 1809 quibusdam
1541 1752 1735 1795 l'raelatis

102 1825 318 1882 religiosis,
353 1838 459 1882 quae
493 1837 637 1868 norma
674 1826 729 1867 uti
774 1824 1058 1867 determinans
1108 1822 1461 1866 unixei·salitaten1
1498 1823 1614 1866 ranst.
1651 1824 1732 1865 959

102 1897 309 1941 servanda
345 1902 403 1940 est
438 1901 718 1953 congruenter
755 1901 875 1952 regw.
912 1895 1016 1938 luris
1049 1895 1097 1937 34
1140 1897 1175 1936 in
1212 1896 1278 1935 6⁰:
1319 1893 1510 1937 «Generi
1547 1908 1619 1949 per
1651 1908 1737 1951 spe-

102 1970 205 2011 ciem
241 1968 466 2024 derogatur
489 1984 538 2014 »2
573 1969 719 2011 canoni
755 1967 838 2010 960
890 1966 1090 2009 relativus
1123 1979 1200 2008 non
1238 1968 1326 2018 iste,
1359 1966 1429 2008 sed
1466 1968 1737 2022 opportunius

102 2051 190 2083 can.
226 2039 309 2082 995
345 2043 611 2088 numeratum
646 2041 879 2094 oppositum
905 2037 1008 2081 cani.
1036 2037 1113 2079 961
1143 2041 1352 2093 tamquam
1385 2036 1569 2092 regulam
1594 2039 1736 2080 statuit

101 2122 189 2153 can.
227 2110 323 2164 965,
359 2111 626 2166 exceptiones
670 2109 828 2152 addens
869 2122 959 2152 ean.
996 2109 1102 2152 9662
1154 2107 1333 2165 denique
1377 2120 1466 2150 can.
1504 2108 1601 2155 962,
1651 2107 1734 2151 963

100 2180 329 2224 seeundum
365 2193 508 2223 eorum
547 2185 730 2223 tenorem
767 2179 983 2236 religiosos
1017 2181 1139 2221 etiam
1176 2192 1320 2221 omnes
1359 2181 1597 2234 respiciunt,
1631 2181 1735 2222 sicut

102 2253 356 2308 interpretati
391 2265 548 2294 sumus.
586 2277 638 2281 —
674 2251 715 2294 ln
755 2253 908 2308 vigenti
945 2251 1161 2306 disciplina
1205 2252 1379 2292 ministri
1416 2250 1734 2293 extraordinarii

101 2322 373 2366 ordinationis
409 2326 652 2378 repetuntur
686 2336 734 2365 ex
770 2335 804 2365 e.
840 2322 888 2364 14
924 2320 1048 2365 Cone.
1082 2320 1168 2363 Nic.
1207 2320 1237 2362 ll
1263 2320 1298 2362 ¹:
1338 2337 1360 2359 «
1384 2320 1565 2364 Lectoris
1597 2327 1733 2364 autem

103 2405 248 2436 manus
282 2395 544 2449 impositione
579 2392 743 2436 licentia
778 2398 837 2435 est
871 2391 1020 2435 Abbati
1061 2391 1322 2434 solummodo
1367 2393 1403 2433 in
1441 2393 1606 2447 proprio
1651 2405 1738 2434 mo-

102 2465 281 2506 uasterio
317 2463 495 2506 faciendi
530 2463 659 2518 (unde
695 2462 727 2505 l⁰
760 2465 830 2521 qui
871 2462 993 2506 habet
1028 2461 1200 2505 Abbatis
1232 2462 1431 2516 officium,
1464 2475 1543 2505 uon
1578 2467 1735 2505 tantum

102 2533 334 2590 honorem),
369 2535 400 2576 si
451 2533 670 2577 dumtaxat
721 2533 771 2576 ΙΙΟ
807 2534 941 2576 eidem
978 2532 1127 2576 Abbati
1179 2544 1326 2575 manus
1376 2535 1582 2589 impositio
1632 2534 1736 2576 faeta

103 2609 298 2648 noscatur
331 2604 382 2647 ab
415 2603 632 2661 Episcopo,
667 2605 897 2648 secundum
936 2617 1090 2646 moreni
1129 2603 1502 2658 praeliciendmum
1529 2603 1736 2647 Abbatum

103 2675 246 2729 (idest1
282 2688 354 2730 per
389 2674 738 2729 benedictionem,
772 2689 848 2718 non
886 2689 958 2732 per
991 2674 1268 2730 episcopalem
1305 2676 1677 2730 consecrationem}
1700 2679 1737 2717 et

105 2745 176 2789 Ill⁰
210 2745 307 2789 dum
342 2750 501 2789 constet
536 2746 649 2789 illum
686 2760 774 2789 esse
810 2746 1098 2803 presbyterum
1130 2761 1166 2787 ».

223 2899 235 2920 1
262 2898 353 2943 Cap.
385 2900 417 2942 1,
445 2898 548 2933 Dist.
577 2899 724 2932 LXIX.
