1971 3261
137 120 230 157 Can.
257 120 327 155 818
522 120 605 155 T1T.
632 120 699 155 ΙΙΙ.
726 140 736 145 -
758 120 813 155 De
846 123 1101 167 sanctissima
1128 122 1383 156 Eucharistia
1709 122 1773 156 131

141 243 372 295 missarum,
406 240 691 293 solemnitatis,
726 244 804 284 etc.
838 254 1009 284 suorum
1047 243 1372 298 uniuscuiusque
1405 241 1635 285 sacerdotis
1667 242 1773 286 ccle-

139 311 296 355 brantis
327 310 553 354 ritualium
590 311 808 354 videlicet:
845 311 1067 367 peculiaris
1102 314 1203 355 ritus
1239 325 1275 354 v.
1311 326 1372 368 gr.
1398 312 1775 367 dominicanorum,

137 381 518 437 carmelitanorum,
555 383 729 436 romani,
764 381 853 425 illas
886 384 1186 426 continentium
1223 381 1440 435 librorum,
1475 388 1513 425 et
1559 383 1775 441 hucusque

137 464 232 509 pars
274 454 450 509 positiva
495 454 677 497 canonis.
722 451 1018 509 Subiungitur:
1065 458 1291 510 caveatque
1330 453 1465 497 dictus
1498 454 1693 497 sacerdos
1726 469 1777 497 ue

137 522 250 565 alias
282 523 572 566 caeremonias
619 537 655 564 v.
700 537 760 579 gr.
807 524 1132 579 genuflexiones,
1172 528 1329 580 gestus,
1366 524 1666 579 inclinationes,
1701 531 1774 567 aul

132 607 294 648 preces,
330 607 366 635 v.
400 608 460 650 gr.
496 596 719 649 orationes,
753 594 892 649 credo,
928 597 1201 652 sequentiam,
1237 600 1315 638 etc.
1357 595 1534 653 proprio
1579 596 1773 649 arbitrio,

90 697 96 701 -
137 669 180 708 ut
212 664 354 708 salvae
390 670 582 708 maneant
614 667 821 709 orationes
854 665 905 709 ab
939 663 1175 710 Ordinariis
1210 666 1394 709 locorum
1431 668 1670 722 imperatae,
1709 667 1772 710 vel

136 734 241 778 aliae
261 748 404 791 preces
421 737 794 793 caeremoniaeque
813 748 834 778 a
854 736 960 779 Sede
980 735 1217 792 Apostolica
1239 738 1276 778 in
1297 737 1479 779 futurum
1502 736 1773 789 ordinandae,

136 804 357 862 adiuwat,
392 805 629 849 huiusmodi
672 808 781 849 enim
829 808 1131 863 praescriptum
1177 808 1215 849 in
1262 811 1377 862 parte
1421 809 1592 850 canonis
1639 809 1772 863 prima

135 876 483 933 comprehensum
520 890 599 920 non
635 882 737 920 erat.

255 947 317 990 Ad
363 947 468 991 banc
516 947 777 991 rubricarum
829 947 1140 991 observantiam
1185 948 1307 991 valde
1352 948 1522 1005 impellit
1570 949 1773 1002 doctrina,

135 1030 258 1076 quam
294 1019 419 1062 tradit
451 1018 574 1063 Conc.
608 1017 719 1062 Trid.
754 1017 812 1076 (in
838 1033 936 1063 sess.
965 1018 1093 1068 XXII)
1123 1019 1173 1062 de
1206 1020 1412 1062 sacrificio
1448 1019 1608 1070 Missae,
1633 1032 1722 1076 cap.
1750 1021 1772 1062 5

137 1088 187 1132 de
223 1091 370 1132 missae
413 1091 687 1132 caeremoniis
720 1094 759 1133 et
794 1089 954 1141 ritibus,
989 1102 1078 1146 cap.
1114 1089 1137 1132 4
1172 1090 1224 1133 de
1257 1102 1415 1133 canone
1453 1092 1615 1133 missae.
1650 1095 1774 1148 atque

137 1158 387 1216 perpulchra
420 1159 642 1215 explicatio
676 1173 837 1214 eorum,
872 1172 977 1217 quae
1012 1162 1050 1202 in
1087 1161 1236 1202 missae
1269 1160 1477 1203 sacrificio
1501 1160 1711 1213 dicuntur,
1735 1165 1774 1204 et

136 1234 330 1286 aguntur,
364 1230 604 1288 ordinisque
640 1232 840 1286 ipsorum,
864 1243 989 1288 quam
1026 1230 1164 1287 legere
1187 1235 1343 1273 attente
1367 1244 1414 1273 ac
1441 1231 1647 1285 meditari,
1676 1244 1773 1287 rogo

135 1313 186 1344 ne
221 1303 370 1357 pigeat,
405 1301 514 1357 apud
550 1300 595 1343 D.
630 1300 703 1344 Th.
726 1302 753 1346 ¹.

253 1371 294 1414 ln
328 1370 503 1415 Decreto
542 1387 562 1412 (ε
586 1372 637 1415 de
670 1371 852 1415 editione
887 1374 1025 1428 typica
1060 1371 1234 1415 Missalis
1271 1371 1488 1415 Romani»
1518 1371 1546 1425 2,
1580 1374 1638 1415 sic
1675 1372 1772 1428 legi-

133 1446 221 1486 tur:
263 1457 283 1482 «
307 1441 478 1498 lnsuper
512 1444 717 1498 praesenti
753 1443 924 1485 editioni
960 1441 1135 1486 Missalis
1169 1442 1341 1487 Romani
1377 1443 1565 1486 adiectae
1589 1448 1698 1499 sunt,
1723 1444 1771 1486 ad

135 1513 304 1557 modum
338 1513 608 1570 Appendicis‚
643 1512 791 1557 Missae
827 1515 1018 1570 propriae
1044 1527 1116 1570 pro
1139 1514 1348 1571 aliquibus
1378 1514 1478 1557 locis
1503 1514 1774 1571 approbatae,

132 1596 240 1642 quae
274 1585 312 1626 in
346 1585 592 1639 respectivis
626 1583 736 1626 iestis
772 1583 1107 1640 particularibus,
1143 1583 1207 1627 vel
1241 1586 1281 1627 in
1331 1598 1475 1628 eorum
1515 1584 1770 1627 sollemnita-

134 1654 244 1699 tibus
291 1656 487 1710 externis,
522 1653 592 1698 ubi
637 1668 687 1698 ex
728 1654 892 1698 lndulto
926 1655 965 1699 S.
999 1655 1118 1699 Sedis
1155 1668 1399 1699 concessum
1445 1660 1519 1705 est,
1555 1656 1774 1699 commode

132 1725 320 1770 adhiberi
365 1729 620 1782 poterunt».
666 1725 714 1769 Et
764 1728 802 1769 in
854 1726 934 1769 tine
984 1725 1171 1770 Decreti:
1218 1727 1467 1770 «Sanctitas
1514 1740 1634 1783 porro
1678 1727 1773 1781 Sua,

134 1796 304 1854 (Bened.
342 1796 412 1839 PP.
449 1795 541 1853 XV)
576 1797 727 1841 ...hanc
762 1799 893 1854 ipsam
926 1797 1152 1841 editionem
1186 1810 1383 1853 suprema
1416 1798 1497 1841 Sua
1528 1800 1773 1841 auctoritate

135 1867 338 1924 probavit,
373 1880 550 1926 eamque
584 1870 641 1911 uti
674 1867 891 1925 Typicam,
916 1867 1151 1912 habendam
1175 1882 1283 1924 esse,
1307 1871 1372 1912 cui
1398 1882 1542 1912 omnes
1572 1869 1774 1912 editiones

103 1929 173 1982 'in
209 1944 417 1996 posterum
452 1940 775 1983 conformandae
808 1944 943 1994 erunt,
977 1939 1211 1983 declaravit
1244 1944 1367 1997 atque
1401 1941 1654 1984 decrevit».

253 2009 330 2054 Hic
364 2011 518 2054 referre
551 2010 686 2067 placet
718 2011 829 2068 quod
863 2010 902 2054 S.
938 2010 1016 2055 Rit.
1051 2009 1201 2067 Congr.
1238 2011 1450 2068 respondit
1474 2013 1661 2068 sequenti
1697 2011 1771 2054 du-

135 2080 202 2125 bio
226 2081 258 2124 ³:
299 2097 318 2122 «
343 2081 389 2125 ll.
424 2081 487 2125 An
522 2081 762 2138 probandus
784 2085 836 2125 sit
864 2096 976 2134 usus,
999 2095 1081 2139 quo
1106 2082 1250 2125 fideles
1272 2082 1398 2126 Sacro
1422 2082 1646 2135 adstantes,
1667 2081 1772 2125 elata

137 2165 238 2196 voce
287 2152 425 2210 legant
471 2152 653 2207 Secreta,
691 2151 916 2208 Canonem,
963 2157 1086 2210 atque
1117 2155 1217 2209 ‘ipsa
1255 2152 1387 2197 Verba
1426 2154 1771 2200 Consecrationis‚

134 2236 240 2281 quae
277 2225 536 2280 paucissimis
571 2226 609 2266 in
643 2222 809 2268 Canone
847 2223 985 2267 verbis
1018 2225 1217 2280 exceptis,
1238 2226 1354 2268 iuxta
1378 2224 1581 2268 Rubricas
1614 2228 1772 2267 secreto

134 2294 214 2338 dici
248 2294 401 2339 debent
434 2294 485 2338 ab
520 2297 607 2351 ipso
641 2295 896 2339 Sacerdote?
931 2295 976 2339 R.
1013 2294 1073 2338 Ad
1100 2294 1145 2339 ll.
1171 2294 1398 2351 Neyatz've;
1432 2308 1565 2352 neque
1590 2297 1770 2352 permitti

135 2370 266 2423 potest
302 2365 495 2410 fidelibus
527 2365 788 2410 adstantibus
831 2366 940 2424 quod
982 2378 1003 2409 a
1046 2365 1238 2409 Rubricis
1274 2368 1446 2409 vetitum
1484 2371 1544 2410 est
1577 2366 1770 2410 sacerdo-

134 2436 244 2480 thus
275 2435 598 2491 celebrantibus,
633 2439 701 2494 qui
735 2436 914 2481 Canonis
941 2436 1066 2480 verba
1100 2442 1258 2479 secreto
1282 2437 1441 2491 dicunt,
1468 2441 1511 2480 ut
1533 2439 1662 2480 sacris
1686 2435 1770 2492 My-

134 2509 269 2551 steriis
305 2509 435 2551 maior
467 2510 703 2551 reverentia
740 2507 1045 2561 reconcilietur,
1079 2512 1119 2550 et
1162 2509 1200 2550 in
1246 2510 1333 2564 ipsa
1367 2506 1547 2551 Misteria
1583 2508 1766 2550 tidelium

138 2580 361 2633 veneratio,
397 2578 598 2622 modestia
631 2586 671 2622 et
704 2578 872 2621 devotio
906 2582 1156 2634 augeantur,
1193 2578 1369 2635 ideoque
1395 2591 1482 2621 mos
1515 2580 1767 2633 enuntiatus,

134 2655 346 2708 tamquam
379 2650 547 2706 abusus,
581 2649 868 2706 reprobandus
900 2654 973 2704 est,
998 2654 1048 2699 et,
1074 2649 1205 2693 sicubi
1231 2649 1492 2693 introductus
1514 2651 1578 2703 sit,
1601 2651 1768 2691 omnino

134 2726 383 2765 amoveatur
406 2737 447 2766 ».

253 2828 265 2850 1
292 2827 334 2861 ga
360 2827 403 2862 P.
433 2840 469 2873 q.
499 2827 716 2862 LXXXIII
743 2839 801 2861 aa.
830 2828 852 2861 4
879 2832 919 2861 et:
946 2828 979 2862 5.
1017 2848 1061 2852 —
1094 2827 1109 2849 2
1135 2827 1173 2861 S.
1203 2827 1346 2873 Congr.
1376 2827 1460 2861 Rit.
1489 2828 1535 2861 25
1562 2827 1635 2862 Iul.
1665 2827 1766 2861 1920.

135 2873 214 2909 CO.
244 2874 336 2916 XII,
365 2876 447 2909 448.
479 2896 522 2900 —
549 2877 563 2897 3
588 2876 611 2908 4
636 2876 740 2920 Aug.
772 2875 873 2909 1922.
902 2874 978 2909 CO.
1002 2874 1112 2916 XIV,
1138 2875 1219 2909 505.
