1971 3261
217 125 285 159 642
618 125 702 161 Lm.
728 125 798 160 III.
825 145 838 151 -
865 126 975 161 PARS
999 126 1030 162 1.
1056 146 1069 153 ·
1095 127 1153 162 De
1176 127 1441 165 Sacramentz's
1632 131 1726 167 Can.
1751 133 1845 169 1099

379 241 419 278 9a
444 242 636 279 Orientalis
674 243 889 278 acatholicus
926 243 968 279 ob
1002 244 1234 281 defectionem
1262 257 1340 281 cum
1379 247 1570 284 acatholico
1610 260 1747 297 semper
1771 263 1842 287 non

214 307 362 345 tenetur,
389 302 432 337 ob
458 306 477 344 ς
508 301 538 344 1,
564 300 602 336 3⁰
626 306 660 337 et
685 305 704 344 5
731 301 769 336 20
799 302 850 346 (in
877 313 948 348 seq.
980 303 1070 348 fig.).

798 400 1043 448 catholicus

841 558 882 767 tenentur

631 813 873 860 Orientalis

609 887 882 931 acatholicus

533 954 594 998 ob
628 956 932 1004 defectionem

1227 1241 1503 1289 acatholicus

1265 1323 1446 1367 semper

336 1452 432 1495 501.
468 1455 814 1510 interpretatio
847 1459 969 1500 can:¹
1004 1454 1128 1499 1099.
1162 1477 1219 1483 »-
1251 1452 1313 1496 Ad
1348 1453 1647 1510 assequendam
1683 1453 1843 1497 tacilius

215 1529 323 1566 can.⁸
355 1522 477 1567 huius
511 1524 823 1581 intelligentiam
858 1524 1205 1568 considerandum
1240 1528 1300 1567 est
1344 1522 1388 1580 a)
1421 1536 1625 1581 quaenam
1669 1526 1720 1567 sit
1753 1538 1840 1581 pro-

218 1597 304 1650 pria
341 1594 562 1639 verborum
595 1596 858 1652 significatio.
886 1594 1154 1638 «Acatholici
1174 1610 1194 1635 »
1225 1596 1389 1651 proprie
1413 1599 1508 1638 sunt
1531 1608 1609 1638 non
1634 1595 1839 1640 catholici.

214 1666 371 1710 Nomen
408 1680 505 1710 vero
537 1666 728 1710 catholici
763 1668 927 1724 proprie
959 1666 1148 1722 designat
1181 1678 1412 1722 personam,
1445 1678 1551 1721 quae
1594 1679 1672 1710 non
1706 1666 1838 1710 solum

215 1738 258 1794 a)
293 1738 343 1781 (le
377 1739 464 1781 iure
496 1737 545 1781 ad
580 1737 806 1781 Ecclesiam
842 1737 1088 1781 catholicam
1125 1739 1302 1793 pertinet
1344 1735 1396 1780 ob
1440 1742 1653 1793 receptum
1690 1737 1839 1795 baptis-

216 1811 336 1853 matis
368 1813 690 1863 sacramentum,
723 1808 794 1852 sed
828 1807 867 1866 b)
891 1809 942 1852 (le
976 1809 1081 1852 facto
1115 1808 1305 1863 eamdem
1338 1813 1509 1852 externe
1543 1809 1760 1865 profitetur
1782 1823 1841 1853 re-

215 1880 382 1923 tinendo
415 1879 681 1924 habitualiter
713 1884 799 1923 tum
826 1879 949 1923 fidem
987 1891 1126 1923 veram
1161 1892 1234 1923 seu
1258 1878 1521 1934 catholicam,
1544 1884 1630 1922 tum
1665 1879 1836 1924 alteram

217 1953 408 2006 unionem
443 1964 514 1994 seu
550 1946 884 1994 communionem
920 1964 1013 1994 cum
1063 1952 1154 1994 aliis
1188 1949 1387 1994 membris
1434 1963 1507 2007 per
1539 1950 1836 1994 subiectionem

214 2034 310 2078 erga
360 2022 575 2065 Summum
627 2026 837 2065 Pastorem
890 2021 1109 2066 visibilem.
1143 2020 1399 2079 Cuicumque
1441 2035 1541 2078 ergo
1589 2021 1717 2077 deest,
1751 2026 1836 2065 tum

215 2093 395 2136 conditio
428 2092 504 2137 sul)
537 2093 672 2137 littera
705 2094 764 2150 a),
798 2098 884 2137 tum
917 2093 1115 2137 alterutra
1149 2093 1330 2137 conditio
1362 2092 1438 2136 sub
1486 2092 1623 2136 littera
1656 2092 1710 2147 b),
1745 2106 1837 2150 pro-

217 2166 303 2220 prie
336 2164 498 2207 dicetur
531 2163 804 2207 acatholicus.
826 2164 903 2208 Hic
935 2168 1073 2208 autem
1110 2163 1172 2207 vel
1198 2177 1361 2221 semper
1392 2164 1468 2207 fuit
1495 2163 1748 2219 huiusmodi,
1773 2163 1835 2207 vel

214 2248 309 2278 cum
345 2238 457 2291 prius
489 2240 596 2279 esset
628 2235 870 2289 catholicus,
906 2235 1164 2292 baptismatis
1205 2235 1399 2279 effectum
1438 2248 1516 2278 non
1550 2236 1743 2278 amittens
1774 2233 1838 2277 de-

213 2304 313 2363 fecit
346 2311 516 2350 externe
548 2306 815 2350 habitualiter
846 2309 936 2349 sive
977 2319 999 2350 a
1036 2319 1134 2350 vera
1168 2307 1250 2350 fide
1291 2305 1507 2359 catholica,
1541 2308 1630 2349 sive
1674 2318 1696 2348 a
1730 2318 1839 2349 com-

217 2379 409 2420 munione
442 2377 693 2434 supradicta,
723 2382 763 2421 et
800 2379 938 2421 vocari
974 2382 1105 2434 potest
1138 2376 1399 2420 acatholicus
1432 2390 1484 2419 esc
1515 2375 1761 2434 defeccione.

331 2447 448 2491 Nunc
493 2461 590 2491 vero
625 2450 934 2491 matrimonium
968 2452 1029 2491 est
1070 2448 1246 2492 duarum
1287 2460 1558 2504 personarum
1602 2451 1838 2491 contractus

212 2521 323 2562 circa
357 2518 465 2561 illins
491 2519 700 2562 vinculum
735 2519 966 2576 coniugale.
992 2518 1098 2563 Hinc
1130 2519 1360 2563 secundum
1384 2519 1573 2562 diversas
1606 2518 1836 2575 praedicto—

213 2587 648 2646 rumconiugationes
690 2603 860 2634 normae
903 2592 1073 2634 canonis
1111 2594 1206 2634 sunt
1248 2590 1480 2634 distinctae.
1514 2588 1836 2646 Coniugationes

211 2665 431 2714 sequentes
464 2661 750 2704 tantummodo
782 2665 878 2704 sunt
920 2660 1156 2718 possibiles:
1192 2660 1208 2704 1
1241 2663 1347 2704 inter
1390 2660 1494 2704 duos
1530 2659 1768 2713 catholicos,
1804 2659 1837 2702 ll

212 2733 318 2774 inter
351 2733 454 2775 duos
487 2731 737 2775 acatholicos
769 2745 819 2774 ex
853 2731 1096 2785 defectione,
1120 2731 1172 2774 lll
1206 2733 1311 2774 inter
1342 2731 1446 2774 duos
1477 2743 1642 2787 semper
1674 2730 1839 2774 acatho-

215 2802 327 2853 licos,
360 2806 563 2859 quatenus
595 2815 759 2858 semper
794 2801 895 2845 tales
928 2803 1107 2857 fuerunt,
1137 2801 1187 2845 lV
1223 2805 1328 2845 inter
1362 2813 1557 2858 personas
1589 2800 1835 2845 catholicam

213 2877 254 2916 et
285 2886 335 2916 ex
370 2872 598 2916 detectione
625 2872 913 2926 acatholicam‚
942 2871 970 2914 V
994 2875 1100 2916 inter
1126 2885 1320 2929 personas
1343 2871 1589 2916 catholicam
1613 2876 1651 2915 et
1673 2885 1838 2929 semper

1922 1597 1971 1640 u*

1952 1703 1971 1720 ‘2⁴

1952 1719 1971 1739 «μ

1948 1775 1950 1777 ¹
1969 1735 1971 1767 l
