1971 3261
136 160 205 195 503
531 159 618 192 Liss.
645 159 717 193 III.
747 179 759 184 -
786 158 896 193 PARS
923 158 953 192 I.
983 179 996 184 -
1022 158 1078 193 Dc
1104 158 1368 194 sacramentis
1432 158 1526 195 Can.
1554 159 1757 194 1021-1023

136 284 375 323 incursuros
410 278 704 335 negligentiam
739 291 837 335 erga
871 278 1050 321 filiorum
1086 277 1465 334 confirmationem)
1507 281 1634 335 posita
1669 292 1767 322 con-

135 351 303 399 ditione,
338 349 374 391 si
409 348 463 399 id,
489 362 662 404 nempe:
689 348 793 392 lianc
819 351 1003 406 recipere
1023 348 1188 406 possint
1208 349 1300 391 sinc
1319 348 1445 406 qraoi
1478 349 1736 392 incommodo
1752 363 1766 399 ,·

134 421 251 464 aliter
286 432 464 477 namque
497 432 517 463 a
553 422 809 476 praescripto
842 432 932 463 can.
967 419 1050 462 787
1086 433 1158 476 pro
1192 432 1315 471 nunc,
1350 424 1389 462 et
1432 420 1553 463 simul
1589 433 1609 463 a
1646 432 1762 476 prae-

134 493 236 534 senti
273 503 430 533 canone
463 490 683 533 servandis
715 489 1053 534 excluderentur.

252 561 350 603 413.
371 563 671 607 Matrimonii
691 563 1013 607 contrahendi
1033 563 1344 618 praescripta
1362 563 1688 607 denunciatio.
1711 587 1763 592 —

131 629 287 677 Omnes
321 637 471 674 norunt
504 631 818 675 tundamentum
852 633 1061 675 societatis
1095 631 1326 688 religiosae,
1351 645 1429 675 non
1467 634 1602 674 minus
1634 643 1760 688 quam

132 702 281 757 civilis,
317 715 388 759 pro
422 715 565 745 earum
600 704 917 746 conservatione
952 705 1129 759 positum
1164 716 1253 746 esse
1289 705 1325 745 in
1363 704 1616 746 matrimonii
1652 704 1764 745 insti-

129 776 286 817 tutione
320 774 489 817 honeste
523 773 756 817 observata.
795 773 970 816 Proinde
1003 775 1187 816 omnium
1214 773 1399 817 fidelium
1434 776 1618 826 interest,
1644 777 1687 816 ut
1709 786 1761 816 ss.

129 857 320 899 canones,
365 847 433 901 qui
478 844 714 887 huiusmodi
758 849 1066 888 sacramentum
1112 844 1392 899 moderantur,
1437 847 1534 888 sarti
1581 846 1761 902 tectique

131 921 337 959 maneant.
365 916 530 959 Praeter
565 915 640 958 1]οο
673 917 795 958 etiam
833 928 942 958 nunc
981 914 1090 958 valet
1127 918 1229 958 ratio
1263 914 1314 958 ab
1349 915 1487 959 lnnoc.
1513 915 1562 958 lll
1587 915 1766 959 adducta

132 988 168 1028 in
193 984 387 1030 Concilio·
409 985 592 1042 generali
614 985 650 1030 1;
681 984 828 1029 «Cum
864 985 1054 1029 inhibitio
1089 985 1263 1042 copulae
1297 986 1529 1042 coniugalis
1563 988 1614 1029 sit
1648 988 1686 1028 in
1712 985 1767 1028 ul-

131 1058 282 1101 timis...
317 1056 517 1113 gradibus
553 1061 761 1112 revocata,
785 1068 874 1100 eam
913 1058 951 1099 in
987 1056 1078 1099 aliis
1113 1056 1309 1100 volumus
1342 1057 1528 1100 districte
1561 1059 1765 1101 servari...

129 1127 268 1183 Quare
300 1127 523 1184 specialem
558 1127 694 1185 (tunc)
730 1128 916 1171 locorum
943 1128 1288 1171 consuetudinem
1327 1128 1376 1171 ad
1405 1128 1483 1172 alia
1517 1128 1767 1185 generaliter

132 1199 416 1255 prorogando:
443 1199 683 1253 Statuimus,
720 1203 761 1242 ut
795 1212 888 1242 cum
927 1201 1191 1242 matrimonia
1228 1201 1381 1242 fuerint
1404 1199 1701 1254 contrahenda,
1726 1202 1764 1242 in

130 1269 317 1314 ecclesiis
352 1283 423 1326 per
456 1269 721 1327 presbyteros
757 1269 920 1326 publice
970 1275 1270 1326 proponantur,
1304 1274 1554 1327 competenti
1590 1272 1766 1314 termino

130 1341 369 1397 praefinito:
407 1346 448 1384 ut
483 1342 585 1384 infra
620 1341 733 1384 illum
780 1343 849 1398 qui
888 1340 1077 1393 voluerit,
1112 1346 1153 1385 et
1200 1341 1390 1395 valuerit,
1427 1342 1655 1398 legitimum
1693 1344 1765 1385 im-

130 1412 413 1468 pedimentum
464 1417 657 1469 opponat,
691 1416 732 1455 et
782 1414 857 1469 ipsi
909 1411 1142 1469 presbyteri
1188 1412 1460 1456 nihilominus
1502 1415 1765 1470 investigent,

130 1487 265 1526 utrum
301 1483 466 1541 aliquod
494 1483 840 1539 impedimentum
877 1482 1049 1527 obsistat
1074 1499 1112 1535 »,
1138 1497 1216 1526 non
1251 1497 1370 1527 secus
1401 1497 1449 1528 ac
1474 1487 1511 1527 in
1537 1496 1626 1528 can.
1656 1484 1765 1527 1020

132 1556 157 1607 ἓ
182 1554 201 1596 1
229 1566 353 1610 supra
378 1554 583 1610 explicato
609 1556 910 1610 praescriptum
935 1559 1009 1598 est.
1030 1553 1136 1597 Huic
1160 1557 1283 1610 capiti
1308 1557 1499 1611 congruit
1521 1569 1609 1598 can.
1631 1557 1762 1607 1022.

131 1623 309 1679 Publice,
343 1624 525 1669 scilicet:
562 1638 633 1680 per
676 1624 800 1667 talem
834 1629 988 1677 actum,
1033 1638 1114 1682 quo
1159 1627 1313 1681 possint
1357 1625 1475 1669 lacile
1519 1627 1762 1682 omnesqui

126 1698 234 1739 scire
270 1695 410 1749 velint,
446 1695 484 1739 id
519 1708 759 1751 agnoscere,
784 1709 809 1737 a
839 1694 1026 1753 parocho
1061 1695 1111 1739 ad
1147 1708 1335 1739 normam
1370 1708 1459 1740 can.
1498 1696 1577 1739 451
1617 1708 1664 1739 30
1698 1695 1764 1739 de-

130 1765 390 1809 terminando
423 1768 462 1808 in
496 1779 580 1823 seq.
616 1779 706 1809 can.
741 1766 1017 1809 denuntietm·
1050 1766 1088 1809 id
1138 1772 1220 1809 est:
1261 1772 1605 1823 «proponatur»
1646 1779 1763 1823 paro-

128 1836 288 1880 chianis
327 1852 346 1877 «
375 1837 535 1894 vulgari
569 1850 761 1880 sermone
786 1853 805 1877 ))
834 1837 884 1880 3(1
920 1850 1109 1880 normam
1137 1837 1214 1881 Rit.
1240 1837 1360 1881 Rom.
1385 1838 1481 1895 (loc.
1507 1841 1575 1882 cit.
1601 1851 1665 1880 nn.
1695 1838 1763 1889 12,

132 1907 202 1963 13)
240 1907 302 1951 vel
339 1910 377 1950 in
412 1907 491 1951 alia
525 1907 662 1964 lingua
716 1910 791 1951 rite
838 1910 1001 1964 usitata,
1038 1908 1150 1951 inter
1192 1922 1394 1965 quosaam
1435 1911 1494 1952 sic
1527 1909 1764 1965 designatos

127 1981 292 2022 nomine
325 1991 373 2022 ac
416 1981 664 2035 cognomine
708 1981 889 2036 propriis
921 1991 969 2023 30
1014 1984 1246 2036 parentum,
1284 1984 1325 2022 ut
1369 1973 1553 2023 confusio
1598 1982 1763 2028 vitetur,

127 2049 443 2092 matrimonium
474 2049 531 2092 sit
564 2049 899 2093 contrahendam
935 2052 971 2093 in
1009 2053 1198 2106 proximo
1234 2056 1437 2107 tempore,
1461 2050 1641 2108 eoquod
1672 2050 1762 2094 «de

126 2123 341 2178 utriusque
375 2120 659 2164 contrahentis
693 2120 823 2164 libero
856 2134 1060 2165 consensu
1084 2121 1160 2165 sibi
1188 2121 1291 2165 liene
1325 2126 1482 2165 constet
1509 2138 1527 2162 ³)
1567 2121 1663 2179 (loc.
1687 2123 1757 2166 cit.

129 2203 167 2234 n.
204 2190 279 2247 1⁰),
313 2196 352 2234 et
399 2205 448 2234 ex
494 2204 700 2234 canonum
744 2191 919 2235 aliorum
967 2192 1305 2248 praecedentium
1351 2192 1616 2236 observantia
1662 2192 1761 2235 nihil

126 2261 289 2305 obstare
321 2264 537 2305 inventum
572 2262 708 2316 fuerit,
741 2263 792 2305 ad
828 2275 1016 2306 normam
1051 2276 1142 2306 can.
1180 2263 1285 2306 1031
1326 2263 1591 2307 servandam.
1629 2262 1761 2307 Verba

128 2331 250 2374 liuius
284 2334 454 2375 canonis
486 2337 579 2375 sunt
612 2333 758 2389 eadem
793 2346 883 2388 cap.
916 2332 1096 2376 Tametsi
1132 2335 1169 2376 iu
1203 2332 1325 2377 Conc.
1362 2333 1470 2376 Trid.
1499 2333 1527 2374 ².

244 2402 341 2446 414.
379 2404 670 2459 Designatio
703 2406 907 2461 parochi
933 2408 982 2450 et
1013 2406 1168 2461 ipsius
1192 2407 1284 2451 hac
1307 2407 1369 2451 de
1401 2419 1554 2451 causa
1575 2407 1762 2461 obliga-

125 2475 302 2519 tiones.
322 2499 373 2503 ——
398 2472 496 2518 Can.
532 2476 664 2518 1023.
695 2475 724 2532 ξ
749 2476 785 2517 1.
812 2474 1199 2527 Matrimoniorum,
1233 2488 1338 2532 quae
1372 2475 1654 2519 contrahenda
1677 2477 1758 2518 sint

127 2545 239 2586 iuxta
273 2543 596 2587 declarationem
631 2544 783 2601 praec.g
807 2557 897 2588 can.
923 2544 1103 2599 finalem,
1125 2545 1447 2602 publicationes,
1471 2559 1542 2588 seu
1569 2544 1758 2602 publicae

125 2613 464 2657 denunciationes
498 2615 690 2672 equidem
726 2622 920 2659 oretenus
956 2620 997 2658 ut
1030 2629 1168 2672 supra„
1203 2615 1296 2672 fieri
1330 2615 1490 2670 debent,
1515 2621 1552 2660 et
1587 2616 1754 2673 quidem

129 2697 200 2741 per
232 2697 275 2727 se
307 2683 384 2727 sub
417 2687 536 2741 gravi
571 2684 623 2728 ol)
657 2685 759 2742 legis
791 2699 977 2742 scopum,
1003 2700 1029 2728 a
1059 2685 1245 2743 parocho
1276 2687 1466 2745 proprio,
1503 2689 1586 2744 qui,
1613 2691 1654 2730 ut
1677 2699 1759 2730 ser-

128 2759 248 2797 vetur
280 2753 604 2798 substantialiter
637 2756 934 2799 concordantia
968 2758 1068 2799 iuris
1105 2759 1257 2801 veteris
1290 2757 1560 2814 Conc.Trid.‚
1585 2756 1759 2801 Ritualis

241 2861 253 2883 1
279 2860 474 2894 Decretal.
503 2872 584 2906 cap.
614 2862 635 2895 3
662 2867 725 2896 tit.
759 2862 841 2896 «de
868 2862 1116 2896 clandestina
1141 2863 1443 2908 desponsatione
1462 2876 1480 2895 »
1509 2865 1542 2905 3,
1570 2863 1655 2898 Lib.
1686 2863 1757 2898 IV.

127 2926 170 2934 —
197 2908 210 2930 2
237 2907 338 2942 Sees.
367 2907 502 2941 XXIV
528 2907 574 2943 de
600 2908 669 2943 rei.
699 2910 960 2944 matrimonii.

1943 3143 1959 3156 ἐ
1933 2678 1971 3117 “Ῐ.-.-ιιιιηκπῆειγιῄν>
1960 2662 1967 2671 «
