1971 3261
171 146 264 182 Can.
295 146 362 181 565
731 145 814 180 ΤιΤ.
842 145 872 178 Ι.
904 165 914 170 -
942 146 998 180 De
1025 146 1231 189 Baptismo
1761 146 1805 178 59.

172 265 300 310 verba
336 265 436 309 baec
480 258 714 322 desumpta*
749 278 797 308 ex
848 264 973 308 Cone.
1007 263 1118 307 Trid.
1155 263 1198 320 (Ι.
1234 266 1338 320 cit),
1377 277 1472 305 «ne
1509 263 1646 319 plures
1684 277 1807 319 quam

173 336 308 387 liceat,
342 340 412 380 aut
446 336 636 392 indignos
669 340 740 379 aut
774 338 934 392 ineptos
966 335 1222 377 admittat».
1258 333 1373 378 Unde
1410 336 1589 377 rationes
1628 333 1809 390 probibi-

172 410 294 450 tionis
328 411 536 464 petuntur,
576 406 638 449 vel
673 419 722 449 ex
758 419 807 449 eo
839 405 948 463 quod
975 409 1185 462 nequeunt
1209 406 1510 448 convenienter
1534 407 1682 461 patrini
1708 404 1808 447 obli-

171 480 359 535 gationes
391 477 635 534 adimplere,
674 477 735 520 vet
773 476 965 533 indignos
1000 475 1123 519 buius
1156 476 1280 519 ollicii
1314 488 1357 518 se
1393 475 1677 528 reddiderunt,
1702 475 1763 518 vel
1789 488 1810 518 a

172 551 262 593 iure
297 550 473 605 positivo
509 547 767 604 repelluntur
799 546 852 590 ob
884 547 963 590 alia
997 549 1165 590 motiva.
1190 546 1369 601 Quinam
1396 545 1447 589 ob
1473 558 1811 603 unamquamque

173 622 373 664 rationem
411 619 723 676 prohibeantur,
758 623 797 662 et
830 632 878 661 an
915 620 1038 661 etiam
1074 631 1168 661 cum
1205 617 1392 660 nullitate
1429 619 1624 672 muneris,
1651 630 1729 660 non
1756 617 1812 660 di-

172 693 280 735 citur
313 704 508 748 expresse
544 692 581 733 in
616 689 695 734 Rit.
732 689 848 734 Rom.
887 715 938 719 —
977 689 1195 745 Propterea
1231 687 1396 732 Codicis
1419 688 1710 731 determinatio
1736 689 1812 731 t'uit

173 767 418 820 opportuna,
453 764 522 819 qui
557 761 756 805 discernit
788 760 1010 818 qualitates
1044 762 1082 803 in
1117 759 1221 803 duos
1253 772 1433 803 canones
1459 773 1531 815 pro
1554 759 1720 803 diversa
1746 772 1811 802 ea-

174 847 265 878 rum
302 835 559 877 necessitate.
602 832 753 876 Statuit
785 846 876 876 can.
912 834 1018 875 765.
1061 829 1111 875 Ut
1145 831 1238 888 quis
1271 830 1328 873 sil
1359 830 1561 888 patrinus
1598 843 1708 884 vere,
1746 830 1815 873 lta-

175 903 276 949 bens
311 917 460 948 munus
493 917 587 947 cum
613 916 819 948 canonum
845 902 1075 958 effectibus,
1093 907 1258 959 oportet
1280 915 1351 945 seu
1378 915 1547 945 necesse
1572 907 1654 945 est:
1685 902 1723 944 t⁰
1751 901 1812 944 Sit

174 976 215 1033 a)
251 975 490 1034 baptizatus
528 991 549 1016 α
573 980 616 1018 ut
648 979 708 1018 est
741 974 999 1018 deciaratum
1043 976 1079 1016 in
1115 972 1240 1017 (lonc.
1276 972 1517 1029 Moguntino
1543 972 1571 1024 ¹,
1605 972 1700 1016 licet
1733 986 1810 1015 non

177 1046 405 1104 baptizatus
439 1049 565 1104 possit
600 1046 829 1103 baptizare3
863 1047 958 1103 quia
997 1057 1169 1102 persona
1208 1044 1451 1101 baptizantis
1495 1049 1555 1087 est
1588 1044 1640 1087 de
1674 1057 1813 1087 neces—

175 1120 294 1162 sitate
327 1120 591 1170 sacramenti,
617 1130 697 1160 non
721 1122 858 1160 autem
887 1129 1060 1173 persona
1085 1118 1363 1172 suscipientis,
1382 1118 1486 1158 sicut
1513 1116 1669 1159 dictum
1695 1121 1755 1158 est
1777 1131 1814 1155 ».

178 1189 233 1234 lta
270 1189 314 1232 D.
349 1188 528 1232 Thomas
552 1188 580 1233 ².
614 1189 672 1232 Sit
707 1191 876 1244 insuper
911 1188 953 1244 b)
986 1187 1171 1230 rationis
1207 1201 1326 1230 usum
1359 1192 1591 1240 asses-ulus,
1615 1189 1710 1244 quia
1738 1186 1815 1229 hoc

178 1273 327 1304 munus
359 1259 634 1316 obligationes
666 1260 957 1304 secumferons
995 1258 1226 1301 voluntarie
1259 1260 1413 1314 suscipi
1437 1258 1603 1301 (lebeta
1633 1260 1723 1301 viro
1751 1258 1814 1301 vel

177 1330 365 1385 muliere,
388 1343 436 1374 ac
461 1330 554 1374 ideo
587 1329 628 1387 c)
662 1334 701 1372 et
724 1329 1002 1372 intentionem
1036 1327 1186 1371 habeat
1211 1328 1255 1371 id
1278 1342 1429 1371 amenus
1460 1328 1637 1386 peremti
1670 1328 1814 1372 saitem

175 1401 419 1459 implicitam
456 1403 493 1444 in
529 1401 717 1445 eiusdem
754 1400 985 1444 deliberato
1029 1412 1077 1444 ac
1122 1400 1283 1443 formali
1319 1402 1534 1453 exercitio,
1569 1413 1647 1442 non
1683 1399 1815 1443 solum

176 1473 379 1517 materiali
414 1473 612 1516 infantem
648 1472 923 1516 sustentandi.
961 1471 1152 1515 Defectus
1187 1471 1333 1515 barum
1370 1471 1616 1529 qualitatum
1659 1471 1816 1515 inhabi-

176 1545 333 1588 litatem
367 1557 438 1588 seu
475 1544 793 1601 ineptitudinem
830 1544 879 1586 ad
916 1544 1097 1587 officium
1134 1547 1319 1587 causant.
1344 1569 1401 1574 —
1438 1542 1607 1599 Propter
1640 1543 1817 1599 ‹lignita-

175 1620 258 1660 tem
298 1628 395 1659 vero
430 1615 473 1659 2ο
507 1614 571 1658 Ad
603 1614 768 1658 nullam
802 1615 843 1672 a)
875 1615 1090 1672 pertineat
1125 1613 1384 1657 haereticam
1408 1620 1482 1657 aa!
1505 1613 1817 1669 schismaticam

176 1692 332 1731 sectam
367 1700 439 1743 per
472 1687 796 1744 adscriptionem
832 1692 902 1730 aut
936 1686 1230 1729 adhaesionem
1258 1686 1305 1729 ad
1337 1698 1427 1729 eam
1462 1688 1535 1729 etsi
1574 1685 1821 1742 baptizatuS,

178 1758 220 1816 b)
251 1771 325 1802 nec
357 1757 566 1801 sententia
601 1757 949 1801 condenmalom'a
974 1756 1036 1800 vel
1059 1756 1367 1811 declaratoria,
1385 1762 1423 1800 et
1445 1757 1545 1800 baec
1573 1756 1699 1801 verba
1725 1761 1819 1799 sunt

178 1829 426 1888 applicanda
444 1829 619 1886 singulis
637 1828 908 1887 sequentibus
933 1828 1131 1872 membris
1150 1842 1197 1872 ex
1219 1830 1531 1885 comparatione
1554 1828 1604 1872 ad
1625 1840 1713 1871 can.
1736 1828 1819 1871 766

179 1900 256 1946 sub
291 1914 327 1945 n.
365 1901 422 1956 20,
457 1901 513 1944 sit
547 1901 946 1954 emeommum'eatus,
982 1905 1056 1943 au!
1083 1899 1260 1958 infamis
1293 1898 1478 1956 infamia
1513 1899 1623 1942 iuris
1655 1899 1706 1943 (le
1740 1912 1818 1957 qua

180 1985 311 2030 poena
344 1977 439 2016 sunt
472 1985 652 2016 canones
686 1972 954 2025 2293-2295,
989 1977 1062 2014 au!
1097 1971 1292 2014 eoeelusus
1327 1969 1376 2014 ab
1410 1970 1571 2014 actibus
1605 1970 1821 2028 leqitimis,

146 2078 150 2082 .
180 2045 250 2101 qui
286 2047 556 2087 recensentur
590 2045 627 2086 in
663 2055 753 2087 can.
780 2043 908 2098 2256,
934 2042 992 2096 20,
1017 2054 1123 2098 quae
1149 2054 1305 2098 poenae
1329 2041 1581 2099 quaudoque
1606 2044 1692 2097 ipso
1717 2042 1822 2085 sacto

182 2119 276 2158 ante
308 2116 555 2158 sententiam
591 2114 835 2158 alterutram
872 2116 1156 2168 incurrantur,
1191 2113 1231 2169 c)
1267 2127 1341 2155 nec
1382 2112 1438 2155 sil
1482 2111 1661 2155 clericus
1699 2111 1821 2170 depo-

143 2225 153 2228 -
180 2185 289 2229 situs
322 2184 385 2228 vel
417 2184 679 2243 degradatus
713 2185 764 2229 de
797 2184 949 2243 quibus
985 2186 1127 2242 poenis
1171 2183 1397 2242 loquuntur
1431 2196 1505 2227 can
1559 2183 1821 2227 2303-2305.

301 2256 379 2302 Rit.
416 2256 532 2301 Rom.
571 2258 756 2301 referens
789 2269 880 2313 cap.
916 2256 947 2299 ll
981 2255 1105 2300 Conc.
1130 2255 1239 2299 Trid.
1265 2261 1390 2313 atque
1413 2255 1572 2299 addens
1600 2255 1688 2298 vult
1711 2255 1820 2311 quod

183 2328 240 2386 (n.
277 2328 349 2384 23)
389 2328 554 2372 «simul
591 2342 670 2372 non
705 2328 980 2372 admittantur
1012 2327 1078 2384 (ad
1116 2340 1266 2370 munus
1300 2326 1472 2384 patrini)
1505 2326 1588 2370 duo
1627 2329 1719 2381 viri,
1754 2331 1821 2369 aut

182 2400 290 2444 duae
325 2399 534 2455 mulieres,
560 2413 694 2458 neque
718 2399 950 2457 baptizandi
978 2403 1094 2456 pater
1126 2403 1197 2441 aut
1222 2403 1408 2442 mater».
1438 2397 1618 2454 ldipsum
1647 2398 1823 2440 refertur

184 2485 222 2514 n.
255 2472 318 2514 30.
354 2470 439 2516 Nec·
470 2471 526 2514 sit
555 2476 681 2529 pater
704 2470 767 2514 rel
789 2476 941 2525 mater,
967 2473 1050 2513 imo
1076 2483 1147 2526 pro
1171 2469 1407 2513 adultorum
1437 2469 1640 2526 baptismo
1668 2468 1731 2511 vel
1764 2483 1822 2511 eo-

182 2543 289 2586 m'uoe
311 2541 556 2600 baptizandi
573 2545 645 2586 etsi
669 2544 838 2599 praevie
856 2541 1106 2593 catholicus3
1133 2541 1257 2598 idque
1277 2544 1556 2598 congruenter
1576 2540 1680 2584 can.¹
1699 2540 1807 2583 1079

185 2640 237 2645 —
289 2613 370 2657 lam
420 2618 621 2657 statuerat
668 2613 791 2658 Conc.
831 2613 943 2657 Trid.
969 2613 1002 2655 3:
1042 2612 1207 2667 «Quod
1241 2615 1272 2655 si
1309 2611 1391 2667 alii,
1430 2612 1534 2655 ultra
1569 2612 1821 2667 designatos„

186 2684 433 2741 baptizatum
486 2687 707 2741 tetigerint,
758 2686 1048 2741 cognationem
1098 2682 1356 2740 spiritualem
1409 2682 1521 2726 nullo
1568 2682 1689 2725 modo
1732 2695 1825 2725 con-

184 2755 363 2809 trahant,
404 2755 787 2810 constitutionibus,
823 2757 860 2798 in
906 2756 1161 2799 contrarium
1207 2753 1469 2807 facientibus,
1503 2766 1582 2796 non
1627 2752 1823 2796 obstanti-

305 2864 315 2885 1
345 2863 436 2907 Cap.
469 2863 549 2903 101,
578 2863 682 2897 Dist.
713 2862 766 2896 IV
799 2862 845 2896 de
881 2862 1106 2896 Consecrat.
1151 2882 1189 2886 -—
1230 2861 1245 2883 2
1271 2861 1313 2894 3ἃ
1342 2862 1380 2894 P.
1410 2873 1446 2905 q.
1476 2860 1635 2900 LXVII,
1663 2873 1698 2893 .ι.
1729 2860 1751 2893 8
1778 2859 1824 2893 ad

184 2911 245 2944 5¹¹².
276 2931 318 2936 -—
345 2910 359 2933 3
387 2910 486 2945 Sess.
515 2909 650 2944 XXIV
677 2910 723 2944 de
750 2909 838 2944 Res.
868 2908 1130 2951 matrimonii,
1160 2919 1241 2953 cap.
1271 2908 1322 2942 ΙΙ.
