1971 3261
151 112 244 149 Can.
271 110 343 145 964
722 110 806 144 ΤΠ.
838 110 901 143 Vl.
932 130 942 134 —
973 110 1026 143 Du
1056 110 1200 144 Ordine
1708 108 1778 144 377

149 232 318 287 sciplina
356 229 534 286 regulari
562 230 589 277 ¹,
622 231 741 271 cuius
774 230 845 271 t'uit
898 228 997 270 llaec
1045 228 1273 271 Declaratio
1309 242 1380 284 pro
1416 227 1701 281 Regularibus,
1736 233 1774 271 et

149 313 272 358 supra
305 300 354 344 ad
389 299 490 343 alios
523 299 741 355 religiosos
779 301 930 354 pariter
962 299 1172 353 ampliata.

267 372 366 414 Cum
403 384 449 413 ex
485 370 606 413 dietis
650 375 887 412 remaneant
923 383 1064 411 ornnes
1109 372 1250 411 noxilii
1288 369 1504 412 ‹·uiuslil)el
1553 370 1776 425 religionis.

151 444 319 500 professi
356 441 600 496 religionum
647 453 724 482 non
760 445 1061 495 exemptarum,
1104 442 1184 481 imo
1218 441 1351 496 ‹pioad
1388 441 1554 483 ordines
1599 444 1774 484 maiores

148 514 272 557 iidem
309 513 480 569 professi
519 502 991 566 votorum'simplicium
1030 513 1065 551 in
1104 510 1372 565 religionibus
1412 514 1628 567 exemptis,
1671 526 1776 569 quos

147 585 355 628 dimittere
388 583 436 625 ad
489 582 579 625 illos
611 582 777 624 ordines
828 583 980 637 proprii
1031 583 1274 636 Superiores
1324 587 1545 638 nequeunt,
1579 583 1771 626 admonet

146 660 329 699 statuens
360 666 490 697 canon
527 655 564 695 in
600 653 656 695 n0.
693 652 751 695 4⁰.
793 651 1019 694 (li-dinatio
1053 664 1342 708 quaecumque
1380 653 1440 695 rel
1484 655 1520 695 in
1555 656 1696 709 saeris,
1733 659 1773 697 ut

146 738 284 783 supra,
320 724 491 781 proinde
514 728 744 766 ceterorum
779 723 960 765 omnium
997 721 1276 766 almanorum.
1303 722 1451 777 quilius
1485 730 1644 766 nonest
1682 739 1771 779 pro-

151 799 282 840 visum
318 799 355 838 in
391 800 517 838 num³.
554 799 703 850 praee⁸.
729 793 912 836 euiasris
944 792 1180 848 reliqiovis,
1208 806 1378 843 nempe:
1413 796 1533 835 eliam
1570 795 1775 838 clericalis

146 872 377 924 exemptae,
402 865 567 923 reqilm·
587 865 678 907 iure
700 863 984 906 saecular-imit
1003 863 1138 920 quoad
1171 878 1189 902 «
1209 863 1479 905 ordinationis
1501 867 1730 908 ministrum
1747 883 1768 906 n

147 941 258 982 iuxta
294 938 602 993 inscriptionem
638 934 806 991 Capitis,
831 939 1020 976 revocato
1055 932 1234 991 quolibet
1270 932 1432 975 indulso
1466 934 1644 978 seilicet:
1682 950 1770 991 pro-

148 1011 234 1064 prie
266 1008 316 1051 ad
352 1013 514 1063 tempus
550 1005 611 1048 vel
647 1005 696 1048 ad
747 1005 1069 1048 determinatum
1104 1017 1273 1047 casuum
1310 1017 1543 1057 numerum,
1579 1019 1655 1048 non
1693 1009 1772 1062 pri-

149 1080 300 1135 vilegio
347 1079 503 1121 direete
552 1078 741 1132 religioni
776 1089 986 1123 concesso,
1021 1077 1053 1117 si
1102 1074 1211 1132 quod
1257 1079 1430 1129 extaret,
1467 1076 1588 1132 idque
1634 1079 1770 1132 patetit

145 1149 323 1207 amplius
369 1163 419 1192 ex
458 1147 607 1192 verbo:
644 1145 940 1205 Saperi'orilms
989 1159 1179 1188 concesso
1227 1144 1360 1188 dotali
1409 1160 1551 1189 eorum
1597 1147 1775 1190 subditis

142 1220 348 1280 professis
381 1234 405 1262 α
441 1219 544 1262 rotis
589 1217 874 1275 temporariis,
908 1229 1197 1274 quaecumque
1247 1215 1312 1259 illa
1357 1219 1450 1268 sint,
1485 1220 1557 1260 elsi
1604 1222 1770 1274 praetia

149 1294 252 1335 votis
286 1291 489 1347 religiosis
524 1291 733 1346 perpetuis
766 1288 816 1331 ad
852 1300 1038 1331 normam
1073 1301 1162 1330 ean.
1199 1288 1279 1330 574
1316 1288 1398 1330 eiti.
1432 1288 1508 1331 sub
1544 1287 1598 1330 n0.
1627 1288 1684 1345 3⁰,
1709 1289 1772 1331 lil-

146 1369 259 1406 teras
290 1361 558 1405 dimissorias
580 1360 636 1403 ad
668 1359 839 1403 ordines
874 1359 1054 1401 maiores
1086 1359 1384 1414 suscipiendos.
1420 1358 1539 1402 §alra
1566 1373 1662 1416 erga
1689 1374 1771 1404 ma-

145 1438 242 1478 nent
271 1432 421 1476 similia
457 1432 612 1475 indulta
647 1431 697 1474 ad
732 1431 899 1473 ordines
934 1431 1114 1472 minores
1146 1429 1254 1486 quod
1289 1432 1448 1474 attinet.

262 1540 339 1574 312.
371 1543 439 1574 ius
465 1541 730 1589 praecedens
749 1541 800 1572 de
827 1539 990 1572 litteris
1009 1539 1266 1572 dimissoriis
1285 1540 1626 1574 ordinandorum
1651 1551 1775 1583 regu-

145 1602 314 1635 larium.
346 1620 387 1624 —
417 1597 462 1634 De
488 1597 708 1633 ordinatione
742 1596 956 1641 regularium
982 1595 1120 1639 vigebat
1158 1600 1270 1631 const.
1304 1610 1318 1628 «
1340 1596 1494 1642 impositi
1536 1596 1674 1633 Nobis»
1714 1598 1776 1635 Be-

143 1659 221 1695 ned.
251 1657 325 1694 xlv
343 1658 357 1680 ²
385 1657 419 1692 in
447 1668 512 1703 qua
548 1657 751 1692 inseruntur
777 1655 950 1701 quoddam
980 1653 1087 1690 Clem.
1118 1654 1186 1690 vill
1217 1655 1293 1690 Dec.
1312 1656 1326 1677 ³
1350 1660 1381 1691 et
1408 1656 1497 1691 aliae
1522 1657 1773 1693 declarationes

144 1717 177 1753 S.
205 1716 330 1761 Congr.
358 1716 465 1752 Cone.
496 1738 537 1741 —
566 1715 610 1750 Ex
649 1715 725 1751 Dec.
754 1715 862 1750 Clem.
897 1713 965 1749 Vlll
1002 1715 1215 1760 accipimus:
1260 1715 1393 1758 «Quae
1433 1714 1466 1752 S.
1493 1715 1602 1759 (long.
1638 1718 1772 1752 censuit

142 1777 334 1823 superiores
364 1776 538 1821 regulares
562 1786 663 1823 posse
681 1785 742 1809 suo
762 1774 900 1809 subdito
927 1774 1045 1808 itidem
1075 1774 1238 1816 regulari.
1260 1774 1317 1819 qui
1349 1775 1523 1819 praeditus
1546 1776 1774 1820 qualitatibus

142 1836 319 1882 requisitis
345 1835 485 1871 ordines
509 1834 684 1880 suscipere
702 1833 861 1875 voluerit,
891 1833 1022 1868 litteras
1047 1833 1264 1868 dimissorias
1289 1834 1487 1873 concedere,
1505 1834 1547 1869 ad
1571 1835 1770 1881 episcopum

142 1901 258 1930 tamen
286 1895 546 1933 dioecesanum,
575 1904 701 1939 nempe
740 1893 834 1927 illius
861 1892 1061 1927 monasterii
1105 1891 1138 1926 in
1167 1892 1266 1926 cuius
1305 1892 1438 1927 familia
1463 1892 1506 1927 ab
1534 1892 1575 1927 iis
1609 1894 1651 1928 ad
1686 1905 1774 1940 quos

145 1953 293 2000 pertinet
318 1953 488 1998 regularis
527 1953 656 1999 positus
686 1953 799 1995 fuerit,
825 1957 857 1987 et
884 1952 911 1985 si
939 1952 1164 1986 dioecesanus
1190 1951 1340 1986 abfuerit
1368 1951 1417 1986 iel
1455 1962 1523 1986 non
1552 1957 1641 1987 esset
1675 1953 1771 1988 habi-

143 2017 241 2048 turus
255 2012 506 2054 ordinationes,
523 2012 566 2047 ad
582 2022 838 2058 quemcumque
853 2011 961 2046 alium
978 2010 1195 2056 Episcopum,
1215 2010 1297 2045 dum
1326 2015 1441 2045 tamen
1462 2010 1506 2045 ab
1525 2022 1563 2047 eo
1592 2011 1771 2058 Episcopo.

143 2072 200 2118 qui
228 2072 368 2107 ordines
393 2071 592 2115 contulerit,
619 2071 838 2107 examinetur
863 2070 977 2116 quoad
1004 2070 1213 2109 doctrinam,
1238 2074 1271 2104 et
1297 2070 1379 2104 dum
1408 2070 1470 2116 ipsi
1500 2070 1674 2113 regulares
1701 2082 1769 2106 non

141 2130 341 2166 distulerint
363 2131 405 2166 de
430 2130 605 2166 industria
622 2129 882 2166 concessionem
902 2129 1180 2164 dimissoriarum
1210 2128 1244 2162 in
1274 2128 1305 2162 id
1333 2133 1483 2174 tempus,
1504 2140 1572 2174 quo
1590 2130 1772 2175 episcopus

141 2190 367 2226 dioecesanus
393 2190 444 2225 vel
470 2189 668 2231 abfuturus,
698 2189 750 2225 vel
788 2189 904 2224 nullas
929 2193 1017 2223 esset
1052 2188 1235 2223 habiturus
1261 2187 1508 2223 ordinationes.
1538 2187 1663 2223 Verum
1691 2200 1769 2224 cum

140 2260 161 2285 a
198 2249 435 2295 superioribus
472 2249 702 2294 regularibus,
728 2249 888 2295 episcopo
915 2249 1016 2292 (non)
1055 2247 1271 2291 dioecesano,
1301 2246 1411 2291 (iuxta
1449 2247 1599 2293 dicta)...
1638 2248 1773 2284 litterae

141 2308 360 2344 dimissoriae
385 2307 576 2349 dabuntur,
606 2308 641 2342 in
664 2308 714 2343 eis
740 2307 859 2352 utique
887 2306 1084 2342 huiusmodi
1112 2317 1252 2341 causam
1280 2306 1476 2341 alterutram
1504 2306 1769 2352 exprimendam

140 2378 260 2403 esse...
287 2367 465 2403 Praeterea
486 2366 603 2402 Bened.
624 2365 676 2403 XI
687 2366 712 2400 V
725 2367 865 2402 decrevit
886 2373 922 2402 ut
940 2366 1155 2412 superiorum
1176 2365 1387 2409 regularium
1407 2365 1625 2401 dimissoriae
1644 2366 1771 2401 cales...

142 2426 274 2461 nullius
300 2426 370 2461 sint
395 2426 529 2462 roboris
553 2431 586 2462 et
613 2426 793 2467 momenti,
820 2426 888 2460 nisi
918 2425 986 2460 illis
1019 2425 1136 2459 iuncta
1164 2424 1265 2459 fuerit
1290 2424 1493 2460 authentica
1518 2425 1692 2460 attestatio
1720 2426 1767 2459 vi·

140 2485 223 2521 carii
250 2485 423 2530 generalis
449 2485 500 2521 vel
528 2485 725 2521 cancellarii
752 2490 811 2520 aut
837 2484 1010 2520 secretarii
1038 2484 1192 2519 eiusdem
1219 2483 1371 2529 episcopi
1399 2483 1608 2527 dioecesani⁷
1633 2495 1671 2519 ex
1699 2496 1767 2530 qua

140 2549 286 2587 constet,
308 2544 359 2579 vel
388 2544 501 2590 ipsum
520 2555 540 2579 a
561 2544 706 2580 dioecesi
733 2545 866 2587 abesse,
889 2544 938 2579 vel
965 2543 1168 2578 clericorum
1187 2542 1458 2577 ordinationem·
1475 2542 1674 2577 habiturum
1697 2554 1765 2577 non

140 2614 216 2639 esse
242 2604 398 2649 proximo
423 2603 578 2649 legitimo
596 2609 751 2650 tempore
779 2615 837 2649 per
853 2603 1105 2638 ecclesiasticas
1132 2602 1222 2646 leges
1239 2602 1281 2637 ad
1310 2602 1404 2636 hunc
1421 2602 1580 2637 effectum
1604 2607 1769 2639 statuto...

141 2660 240 2706 Quod
268 2662 295 2696 si
321 2662 450 2708 aliquis
474 2663 621 2698 antistes
646 2663 840 2708 regularem
862 2663 987 2698 virum.
1018 2661 1051 2695 in
1079 2673 1142 2696 sua
1168 2660 1314 2696 dioecesi
1344 2661 1520 2707 proprium
1548 2661 1766 2695 domicilium

142 2733 212 2757 non
247 2721 446 2763 habentem,
473 2722 555 2758 solis
584 2722 768 2769 praedictis
801 2721 1124 2757 dimissorialibus...
1155 2720 1230 2755 sine
1255 2720 1421 2755 adiuncta
1449 2720 1602 2765 praefata
1628 2724 1768 2755 attesta-

261 2862 272 2884 1
301 2862 344 2895 12
370 2862 459 2896 Iun.
489 2862 592 2897 1858.
625 2883 664 2887 —
694 2862 707 2883 2
733 2861 777 2895 27
806 2860 917 2895 Febr.
946 2860 1047 2894 1747.
1082 2880 1121 2884 —
1149 2861 1163 2882 '³
1192 2861 1233 2894 15
1260 2860 1374 2893 Mart.
1407 2860 1508 2894 1596.
