1971 3261
121 136 192 170 428
517 134 603 168 L1B.
630 135 702 168 III.
732 155 744 160 -
771 116 882 169 PARS
906 134 938 168 1.
967 155 979 161 -
1005 135 1062 169 De
1087 135 1352 170 &loramentis
1564 136 1657 172 Can.
1683 136 1755 171 985

122 255 251 291 neralis
288 265 421 295 norma,
459 264 564 299 quam
602 253 820 299 applicando
859 253 1072 298 subiungit):
1112 265 1184 289 non
1219 254 1394 290 credimus
1420 255 1448 290 ei
1478 254 1755 298 (Bartholomaeo

121 314 259 349 cuidam
284 313 470 354 monacho)
496 311 795 357 impedimentum
824 312 964 354 afferre,
992 312 1181 358 quominus
1208 312 1315 358 possit
1341 313 1495 359 provehi,
1529 313 1586 360 qui
1623 313 1659 348 in
1696 325 1755 349 cu—

123 372 260 408 nabulis
288 375 400 406 sectus
429 371 511 405 fuit:
542 371 625 416 quia
655 381 726 406 non
755 371 891 406 videtur
917 371 980 406 hoc
1005 382 1044 406 eo
1071 376 1225 418 tempore
1253 372 1448 414 affectasse,
1485 383 1552 418 quo
1586 373 1754 409 iudicium

120 430 230 466 animi
258 440 327 464 non
356 429 517 469 babebat,
554 429 756 475 praesertim
783 440 863 464 cum
889 429 926 464 in
941 429 1134 465 canonibus
1150 430 1394 476 Apostolorum
1409 431 1453 465 sit
1473 431 1657 467 manifeste
1674 442 1755 467 san-

121 491 240 529 citum,
271 488 360 534 quod
388 489 573 524 eunuchus
601 488 627 523 si
658 499 716 534 per
741 488 889 524 insidias
915 488 1098 524 hominurn
1116 489 1240 531 factus,
1261 490 1313 525 vel
1333 490 1380 525 ita
1397 495 1500 525 natus
1515 490 1559 524 sit
1576 491 1754 526 autetiam

121 549 157 583 in
187 547 423 594 persecutione
450 547 521 581 sint
546 547 575 582 ei
603 551 784 593 amputata
811 547 937 589 virilia,
965 552 998 583 et
1024 548 1151 593 dignus
1178 548 1234 587 sit,
1265 548 1372 594 possit
1398 549 1434 583 in
1450 548 1657 596 Episcopum
1679 561 1752 596 pro-

122 606 250 642 moveri
271 619 305 640 >›.

240 664 335 700 Bona
362 665 510 700 intentio
535 670 650 700 autem
679 676 749 700 non
776 665 963 701 excusabat
988 666 1032 701 ab
1066 666 1265 702 huiusmodi
1307 667 1572 712 irregularitate,
1614 668 1754 714 quando

123 724 320 760 huiusmodi
348 724 575 759 abscissionis
604 724 771 760 moralem
797 725 1053 761 deformitatem
1083 737 1153 760 non
1179 726 1304 761 aufert.
1333 731 1472 761 excusat
1499 738 1578 762 vero
1605 738 1625 762 a
1661 738 1758 773 prae-

121 784 213 819 dicta
239 783 492 828 irregularitate
520 783 610 818 iusta
635 795 741 819 causa
767 784 991 830 expostulans
1017 785 1280 820 abscissionem.
1308 785 1394 820 Nam
1421 785 1471 820 in.
1501 797 1531 821 c.
1561 785 1581 821 4
1609 786 1662 822 tit.
1679 786 1755 822 eod.

121 847 284 878 narratur
317 858 329 871 α
350 843 440 887 quod
467 841 504 876 B.
537 842 716 889 presbyter
741 842 899 887 (credens
926 854 961 878 se
987 843 1192 889 obsequium
1234 849 1408 890 praestare
1448 843 1527 885 Deo)
1571 845 1649 880 fecit
1686 844 1751 880 sibi

122 901 238 935 virilia
261 900 436 946 amputari
458 916 489 942 >›‚
517 905 550 936 et
575 901 762 947 respondet
789 901 899 937 Clem.
924 901 991 936 lll:
1026 918 1040 932 <z
1061 901 1231 945 Quocirca
1258 903 1481 943 mandamus,
1518 908 1692 948 quatenus
1725 904 1752 938 si

123 960 191 995 iam
229 959 361 994 dictum
402 959 650 1007 Presbyterum
688 961 776 995 alias
806 960 872 996 Deo
898 961 1044 1006 dignum
1073 961 1262 1003 inveneriS,
1292 961 1320 997 ei
1349 962 1560 997 sacerdotale
1586 962 1750 1005 officium,

122 1019 253 1064 absque
280 1018 400 1054 altaris
428 1019 623 1054 ministerio
649 1020 854 1055 auctoritate
880 1025 998 1055 nostra
1024 1020 1143 1062 fretus,
1161 1025 1193 1056 et
1212 1025 1284 1061 tua,
1306 1025 1405 1067 prout
1431 1021 1558 1056 videris
1584 1021 1754 1068 expedire,

121 1078 290 1113 concedas
310 1094 343 1112 ».
373 1077 461 1113 Cum
488 1089 568 1123 ergo
593 1078 817 1124 dispensetur
842 1079 886 1114 ab
913 1079 1169 1124 irregularitate
1187 1079 1298 1114 solum
1321 1080 1525 1125 partialiter.
1547 1079 1756 1126 supponitur

121 1147 197 1172 eam
225 1136 426 1172 incurrisse.
457 1138 569 1183 Atque
596 1138 632 1172 in
660 1148 690 1173 c.
720 1137 739 1171 5
766 1138 992 1184 subsequenti
1019 1138 1069 1173 ait
1088 1138 1164 1173 lnn.
1188 1138 1254 1173 111.-
1282 1155 1294 1168 «
1316 1138 1362 1174 Ex
1384 1144 1478 1185 parte
1496 1139 1540 1174 M.
1562 1139 1754 1186 Presbyteri

123 1196 186 1231 fuit
213 1196 436 1242 propositum,
465 1197 555 1242 quod
583 1208 663 1232 eum
689 1197 754 1232 sibi
782 1197 928 1233 sentiret
954 1197 1068 1243 leprae
1095 1198 1288 1243 perieulum
1316 1198 1514 1239 imminere,
1543 1198 1585 1233 de
1611 1198 1756 1234 consilio

122 1255 260 1297 medici,
290 1256 404 1291 virilia
432 1256 510 1291 fecit
536 1256 600 1291 sibi
628 1256 803 1297 abscindi,
833 1261 1117 1303 utpossetatam
1137 1257 1233 1302 gravi
1254 1257 1471 1292 infirmitatis
1491 1257 1572 1292 vitio
1591 1257 1752 1293 liberari:

123 1314 297 1357 Quoniam
339 1315 443 1359 igitur
480 1326 633 1351 canones
671 1314 734 1351 SS.
777 1315 931 1352 Patrum.
966 1316 1060 1350 hunc
1086 1327 1106 1351 a
1133 1316 1221 1351 sacri
1247 1316 1369 1352 altaris
1396 1316 1656 1352 ministratione
1682 1327 1751 1351 non

124 1373 321 1419 prohibent.
350 1374 559 1409 Mandamus
585 1380 758 1419 quatenus
785 1374 811 1409 si
840 1380 891 1410 est
918 1375 1000 1410 ita...
1029 1380 1063 1410 ut
1090 1375 1142 1410 sui
1171 1375 1356 1410 ministerii
1383 1375 1533 1411 officium
1552 1380 1754 1425 exequatur,

122 1432 266 1468 liberam
295 1434 344 1468 eis
370 1433 502 1468 tribuas
531 1434 729 1469 facultatem
751 1450 785 1468 ι.

244 1528 522 1572 procedamus
554 1529 603 1572 ad
641 1529 936 1586 inquirendum
971 1529 1022 1572 de
1054 1528 1117 1572 liis
1151 1532 1338 1585 personis
1381 1542 1461 1587 que
1505 1542 1752 1573 concursum

124 1603 331 1654 praestant
375 1599 425 1642 ad
476 1599 646 1643 alterius
694 1599 965 1643 homicidium
1018 1599 1080 1643 vel
1116 1600 1430 1646 mutilationem,
1466 1602 1519 1643 ita
1556 1605 1597 1642 ut
1631 1601 1753 1655 parti-

123 1671 235 1724 cipes
270 1672 367 1712 tiant
400 1669 524 1713 huius
556 1672 754 1713 criminis.
790 1670 1026 1713 Secundum
1063 1673 1125 1713 ius
1157 1669 1410 1713 Romanum:
1441 1670 1751 1726 «Singulorum

123 1743 334 1796 proprium
372 1746 432 1784 est
482 1740 792 1791 maleficium»,
843 1740 1062 1784 videlicet:
1107 1740 1319 1784 homicidii
1371 1741 1433 1784 vet
1485 1740 1755 1784 mutilationis

122 1813 279 1854 crimen
330 1814 366 1854 in
418 1812 526 1869 quod
578 1812 715 1867 plures
763 1825 857 1855 cum
903 1812 1273 1868 praemeditatione
1305 1816 1560 1855 concurrunt
1592 1813 1753 1855 actione

122 1884 301 1938 propria,
338 1883 624 1938 imputandum
658 1882 833 1939 singulis
865 1883 1094 1926 secundum
1120 1885 1313 1939 propriae
1337 1885 1509 1926 actionis
1534 1883 1753 1926 influxum.

126 1952 174 1996 Hi
209 1967 352 1997 omnes
377 1959 578 1997 vocantur
601 1956 757 2007 conrei,
778 1967 955 2010 quorum
974 1953 1099 2010 aliqui
1124 1959 1219 1997 sunt
1243 1954 1508 2010 principales,
1537 1953 1751 1997 videlicet:

124 2025 379 2079 mandantes,
415 2026 717 2083 consiliumque
751 2025 896 2069 efficax
934 2024 1194 2081 praebentes,
1226 2030 1349 2082 atque
1372 2038 1492 2081 opem
1519 2026 1751 2080 proximam

123 2098 400 2138 necessariam
436 2096 703 2152 praebentes,
738 2096 805 2139 alii
843 2109 940 2139 vero
974 2102 1068 2139 sunt
1115 2098 1254 2140 conrei
1306 2099 1469 2152 proprie
1516 2097 1752 2149 accessorii,

127 2166 272 2209 veluti:
309 2166 554 2223 praebentes
586 2167 805 2210 consilIum
839 2167 973 2224 quoad
1011 2170 1120 2210 viam
1154 2168 1406 2210 securiorem
1434 2166 1644 2210 homicidii
1672 2168 1751 2209 iam

125 2237 355 2290 deliberati,
402 2238 603 2281 auxilium
653 2251 732 2281 non
782 2240 1061 2282 necessarium
1112 2238 1162 2281 ad
1213 2240 1397 2281 criminis
1430 2239 1750 2294 exequutionem

123 2308 280 2362 dantes,
316 2308 615 2351 mutilationem
652 2322 730 2351 non
777 2309 1063 2365 impedientes,
1114 2310 1299 2352 favorem
1349 2313 1420 2351 aut
1467 2308 1752 2351 defensionem

122 2381 356 2423 criminOSis
389 2381 616 2423 tribuentes
649 2393 696 2423 30
739 2380 908 2424 similes.
959 2380 1103 2435 Quoad
1153 2392 1326 2423 coureos
1373 2382 1627 2422 accessorius
1671 2391 1750 2421 non

122 2450 266 2493 aderat
311 2451 611 2507 irregularitas,
645 2455 785 2507 utpote
829 2454 867 2493 in
919 2453 1006 2494 iure
1046 2464 1125 2493 non
1160 2462 1368 2506 expressa,
1403 2449 1630 2493 secundum
1668 2448 1750 2492 DD.

121 2523 368 2564 sententiam
403 2534 683 2573 communem,
717 2527 786 2565 aut
811 2526 979 2578 propter
1001 2522 1213 2564 fundatam
1238 2534 1380 2564 eorum
1406 2521 1750 2563 controversiam.

121 2589 267 2635 Com-ei
320 2605 417 2635 vero
471 2592 733 2648 principales,
782 2596 923 2648 utpote
969 2604 1094 2635 causa
1145 2604 1242 2634 vera
1278 2591 1444 2634 moralis
1477 2595 1546 2633 aut
1581 2589 1750 2647 physica

122 2662 336 2706 homicidii
371 2675 418 2706 30
468 2662 739 2706 nuntiationis
792 2662 1065 2713 voluntariae,
1113 2668 1432 2718 consequentem
1484 2659 1751 2704 incurrebant

124 2733 486 2789 irregularitatem.
520 2733 621 2776 Nam
648 2733 699 2776 de
725 2733 946 2777 mandante
969 2745 1017 2776 ac
1040 2732 1090 2775 de
1113 2732 1330 2776 consilium
1356 2727 1502 2775 efficax
1529 2730 1750 2788 praebente

125 2803 393 2859 intelligenda
427 2808 487 2847 est
519 2803 661 2859 regula
695 2804 748 2846 72
785 2803 888 2847 luris
922 2806 961 2846 in
1002 2802 1059 2846 6⁰:
1105 2818 1125 2843 ((
1149 2801 1228 2855 Qui
1268 2804 1365 2846 facit
1403 2815 1475 2858 per
1512 2801 1652 2853 alium,
1691 2805 1752 2844 est

127 2875 298 2930 perinde
336 2887 384 2918 ac
421 2877 453 2917 si
492 2876 613 2917 faciat
653 2887 725 2930 per
757 2877 940 2931 seipsum
963 2888 1009 2927 »3
1040 2879 1079 2917 et
1113 2874 1163 2917 de
1195 2873 1396 2916 auxilium
1435 2875 1669 2929 proximum
1701 2883 1749 2914 ac
