1971 3261
215 189 284 224 710
615 187 699 220 [ΑΒ.
726 186 796 220 III.
822 206 834 211 -
863 186 973 220 PARS
999 185 1029 220 I.
1057 205 1070 211 -
1096 186 1153 220 De
1177 185 1444 220 Sani-amentis
1516 184 1608 220 Gan.
1637 182 1839 218 1147-1148

213 305 544 348 extraordinario
570 306 800 347 ministerio
824 308 1180 347 sacramentorum
1206 303 1397 360 baptismi
1422 307 1462 346 et
1483 315 1625 346 sacrae
1657 316 1840 347 commu-

212 379 361 425 nionis,
395 378 505 418 iuxta
555 375 665 418 dieta
699 374 751 418 de
783 374 933 417 horum
984 377 1188 429 ministro,
1223 374 1362 417 lectori
1409 378 1546 418 autem
1581 387 1631 417 ex
1673 374 1837 417 ordina·

211 448 334 489 tionis
369 448 449 488 ritu
484 445 779 489 «benedicere
815 458 962 501 panem
996 449 1035 488 et
1070 446 1229 488 fructus
1261 458 1454 490 novos».

328 516 377 560 Et
411 519 449 559 in
485 516 548 559 his
580 515 774 559 omnibus
822 515 998 560 habetur
1031 518 1205 560 imitatio
1242 516 1448 574 quaedam
1481 520 1836 559 sacramentorum

209 588 343 645 quoad
378 586 742 630 sacramentalium
779 589 1071 631 ministerium.

330 658 426 701 565.
449 660 585 705 Ritus
605 672 666 704 ac
682 659 924 704 formulae
943 660 1386 704 sacramentalium.
1405 684 1456 688 —
1475 658 1630 701 Pariter
1646 657 1758 701 aede
1773 670 1836 713 po·

211 732 355 772 testate
373 728 689 772 sacramentalia
711 729 971 772 ministrandi
990 734 1187 773 statutum
1214 734 1274 772 est
1298 732 1336 772 in
1361 742 1449 773 can.
1472 741 1622 785 praec,
1645 733 1838 772 servatur

210 801 383 842 imitatio
417 804 772 842 sacramentorum
808 802 846 842 in
884 799 1259 843 sacramentalibus
1292 799 1551 856 peragendis.
1589 798 1690 844 Can.
1710 801 1836 845 1148.

210 871 234 923 ἓ
270 870 287 912 1
326 868 373 912 In
406 868 787 912 sacramentalibus
810 869 852 927 a)
885 869 1166 926 conficiendis,
1200 883 1376 926 nempe:
1400 882 1506 927 quae
1531 872 1569 912 in
1594 869 1717 913 rebus
1738 883 1835 913 con-

208 942 367 992 sistant,
402 954 439 984 v.
475 954 538 997 gr.
572 940 805 984 benedictio
837 943 1038 995 cinerum,
1065 940 1106 995 b)
1128 954 1200 983 sea
1223 939 1579 984 administrandis
1615 940 1833 984 videlicet:

208 1023 315 1068 quae
348 1016 537 1055 constant
569 1010 815 1065 actionibus,
849 1025 887 1052 V.
922 1025 984 1068 gr.
1019 1013 1056 1054 in
1093 1010 1379 1055 benedictione
1413 1011 1598 1054 mulieris
1620 1016 1710 1068 post
1743 1023 1833 1067 par—

208 1086 310 1136 tum,
344 1088 541 1125 accurate
573 1088 807 1135 serventur,
843 1083 975 1126 idest:
1010 1082 1109 1125 nihil
1144 1082 1350 1137 addendo,
1386 1082 1596 1137 mutando,
1621 1081 1686 1125 vel
1720 1082 1832 1125 aufe-

182 1145 350 1207 ‘rendo,
384 1153 494 1196 ritas
529 1166 706 1210 nempe:
745 1153 937 1210 psalmos,
970 1144 1235 1210 antiphonas,
1265 1167 1423 1210 preces,
1454 1166 1561 1211 quae
1598 1166 1832 1196 sacramen-

207 1222 303 1266 talia
337 1226 546 1280 integrant
581 1224 643 1267 vel
678 1237 823 1267 eorum
871 1225 1188 1279 confectionem,
1221 1224 1298 1268 sub
1331 1237 1413 1282 quo
1446 1225 1612 1268 nomine
1644 1237 1832 1280 compre-

206 1292 331 1337 hendi
363 1300 457 1337 sunt
491 1294 693 1338 dicendae
726 1295 890 1352 aliquae
923 1297 1240 1349 caeremoniae;
1275 1299 1454 1338 attamen
1490 1296 1527 1337 in
1562 1307 1720 1338 canone
1754 1307 1833 1337 me·

207 1369 421 1408 morantur
452 1364 584 1408 solum
620 1364 735 1422 (quia
769 1367 808 1408 in
835 1365 951 1409 libris
985 1366 1188 1422 liturgicis
1220 1366 1484 1422 complexive
1509 1368 1648 1409 vocari
1681 1365 1831 1423 solent)

208 1437 398 1478 «ritus»
436 1435 485 1479 ab
519 1435 710 1479 Ecclesia
741 1436 910 1494 probati
941 1436 1086 1480 saltem
1121 1439 1257 1491 tacite,
1291 1442 1415 1494 atque
1449 1439 1486 1480 in
1523 1437 1638 1481 libris
1672 1437 1831 1493 liturgi-

205 1507 264 1549 cis
299 1506 362 1549 vel
396 1509 436 1550 in
469 1507 559 1550 aliis
592 1508 630 1551 S.
665 1507 831 1564 Congr.‘
863 1507 1031 1551 Rituum
1066 1508 1258 1551 decretis.
1295 1534 1344 1540 -
1380 1507 1458 1551 Rit.
1492 1508 1611 1552 Rom.
1638 1509 1649 1530 ¹
1687 1507 1832 1565 probat

202 1581 422 1633 sequentes
456 1578 619 1634 regulas
651 1578 895 1634 generales:
937 1593 957 1619 «
981 1578 1018 1621 ⁶2.
1045 1577 1086 1621 ln
1121 1581 1231 1621 omni
1268 1578 1554 1622 benedictione
1586 1583 1702 1622 extra
1738 1577 1832 1622 Mis·

203 1660 306 1703 sam,
340 1648 452 1704 (nam
489 1651 526 1691 in
561 1648 682 1692 Missa
714 1654 810 1692 sunt
841 1649 1074 1692 ser‘vandae
1108 1648 1299 1693 rubricae
1322 1648 1496 1692 Missalis
1528 1649 1733 1705 Romani),
1759 1650 1828 1693 Sa·

204 1719 351 1762 cerdos
382 1719 527 1762 saltem
562 1719 880 1776 superpelliceo,
914 1725 954 1763 et
986 1720 1088 1763 stola
1124 1734 1196 1776 pro
1242 1723 1400 1763 ratione
1442 1722 1640 1777 temporis
1677 1724 1829 1775 utatur,

204 1791 279 1832 nisi
313 1789 431 1833 aliter
456 1793 493 1833 in
519 1789 669 1835 Missali
706 1795 882 1836 notetur.
909 1791 947 1836 3.
980 1792 1134 1834 Stanelo
1167 1804 1333 1848 semper
1367 1791 1596 1845 benedicat,
1621 1795 1660 1834 et
1687 1795 1829 1848 aperto

202 1862 347 1917 capite.
385 1861 425 1904 ln
467 1864 671 1918 principio
716 1865 919 1919 cuiusque
965 1862 1266 1906 benedictionis
1308 1863 1441 1906 dicat:
1473 1870 1527 1919 y.
1560 1861 1830 1906 Adiutorinm

201 1937 391 1974 nostram
425 1933 467 1974 in
500 1933 667 1976 nomine
706 1932 887 1976 Domini.
921 1933 967 1991 R)
994 1932 1086 1992 Quiv
1107 1932 1210 1992 fecit
1232 1933 1390 1977 coelam
1412 1938 1452 1976 et
1486 1939 1643 1976 terram
1674 1941 1727 1989 y.
1755 1932 1830 1976 Do-

200 2001 340 2044 minus
372 2002 590 2046 nobiscnm.
627 1995 687 2050 Po.
723 2003 779 2047 Ee
813 2019 904 2047 cnm
937 2004 1093 2063 spirita
1127 2010 1208 2049 tuo.
1235 2004 1273 2047 4.
1303 2004 1457 2048 Deinde
1490 2004 1653 2048 dicatur
1683 2001 1828 2048 Oratio

203 2075 383 2129 propria,
417 2086 497 2117 una
535 2074 596 2117 vel
633 2074 786 2131 plures,
834 2081 956 2132 prout
987 2088 1061 2118 suo
1095 2075 1184 2119 loco
1218 2080 1401 2118 notatum
1442 2076 1577 2119 fuerit.
1611 2075 1649 2117 ὃ.
1686 2074 1828 2118 Postea

203 2155 288 2186 rem
322 2144 544 2201 adspergat
577 2158 685 2202 aqua
722 2145 953 2200 benedicta,
978 2151 1017 2189 et
1041 2145 1109 2190 ubi
1143 2150 1329 2189 notatum
1356 2148 1492 2201 tuerit,
1517 2147 1670 2202 pariter
1693 2147 1828 2188 incen-

200 2218 278 2267 set,
310 2214 409 2257 nibil
444 2215 685 2261 dicendo».

318 2284 427 2328 {nter
452 2288 553 2329 ritus
571 2300 714 2331 omnes
746 2287 979 2344 praedictos
1010 2293 1204 2331 accurate
1226 2289 1468 2345 servandos,
1488 2293 1629 2332 notatu
1652 2288 1824 2345 dignum

200 2360 260 2397 est
292 2356 401 2412 quod
435 2359 668 2401 continetur
704 2360 742 2401 in
775 2358 803 2416 ξ
837 2358 875 2403 ⁶2.
915 2357 1272 2414 Consecrationes,
1306 2372 1413 2417 qnae
1447 2362 1560 2403 iuxta
1584 2359 1720 2403 datam
1753 2359 1824 2402 de-

199 2426 425 2469 finitionem
461 2440 604 2471 earum
628 2429 677 2472 ad
703 2429 825 2473 can.³⁵
850 2436 1002 2486 praec.⁵
1024 2430 1094 2486 §.¹¹²
1119 2433 1188 2473 1.¹¹¹
1215 2444 1381 2487 semper
1401 2436 1496 2474 sunt
1518 2433 1825 2484 constitutivae,

197 2510 247 2538 ac
277 2495 597 2553 benedictiones,
620 2512 729 2556 quae
765 2500 872 2544 idem
906 2506 1053 2544 sonant
1075 2513 1123 2544 ac
1148 2500 1251 2545 bene
1279 2501 1419 2545 dicere
1451 2501 1728 2558 adprecando,
1753 2501 1824 2545 ha-

197 2580 374 2624 rumque
396 2568 662 2625 subiungitur
694 2571 905 2614 distinctio
925 2588 933 2614 :
956 2571 999 2627 a)
1022 2572 1109 2614 sive
1132 2572 1430 2615 constitutivae
1461 2572 1823 2616 sacramentalium

195 2651 268 2681 seu
304 2652 441 2681 rerum
492 2638 820 2696 benedictarum,
854 2641 896 2699 b)
927 2642 1014 2685 sive
1051 2643 1312 2686 incocativae
1334 2643 1554 2687 effectuum
1580 2645 1821 2700 praesertim

193 2708 470 2764 spiritualium
520 2711 644 2754 rebus
677 2717 750 2755 aut
786 2715 983 2769 personis,
1018 2713 1206 2770 singulae
1255 2714 1559 2770 praedictarum
1608 2713 1824 2757 invalidae

194 2783 306 2831 sunl,
343 2779 474 2823 idest:
510 2780 662 2824 nullius
706 2782 876 2827 effectus
916 2799 934 2824 «
961 2797 1008 2827 ex
1044 2783 1256 2828 Ecclesiae
1296 2787 1586 2841 impetratione
1609 2800 1655 2841 )),·
1683 2789 1823 2841 utpote

315 2932 327 2953 ¹
354 2931 433 2966 Tit.
467 2932 569 2966 VIII.
600 2933 689 2978 Cap.
718 2935 747 2968 I.
777 2935 834 2969 De
861 2936 1228 2972 Benedictionibus.
