1971 3261
177 144 222 176 82
579 141 662 175 Lus.
691 141 763 174 ΠΙ.
794 161 806 166 -
833 141 944 175 PARS
970 141 1000 174 Ι.
1031 161 1042 166 -
1069 141 1127 175 De
1151 140 1416 177 Sacramentts
1531 142 1624 178 Can.
1654 143 1808 178 783-784

182 262 224 304 in
247 276 322 304 sua
346 260 538 310 dioecesi,
572 260 830 316 proindeque
855 259 1141 314 residentialis,
1163 257 1238 302 lzoe
1259 266 1568 304 sacramentum
1590 261 1718 304 etiam
1741 276 1807 305 θαυ-

183 332 354 382 [7·ιιηθιέ,
394 330 608 374 videlicet:
644 343 722 373 non
757 329 933 373 subditis
966 331 1124 373 ratione
1172 329 1384 386 domicilii,
1433 334 1550 388 quasi
1591 332 1806 386 domicilii,

181 408 250 447 aut
286 405 400 458 vagis
433 401 481 444 ad
517 413 703 443 normam
739 412 828 443 can.
866 400 933 453 94,
967 399 1153 456 leyitime
1173 400 1392 443 ministrat
1415 401 1542 446 idest:
1576 403 1804 446 secundum

181 486 371 524 canones,
408 471 491 514 nisi
518 471 647 513 obstet
679 469 720 527 a)
755 483 957 527 eoepressa
993 469 1144 526 verbis,
1178 470 1351 529 aliisque
1383 473 1525 528 signis,
1560 485 1640 515 non
1674 473 1808 516 solum

183 547 304 588 tacita
338 557 385 586 ex
423 543 551 591 sactis,
604 540 665 584 vel
717 540 897 595 silentio,
946 539 989 597 b)
1021 540 1190 598 proprii
1235 555 1377 585 eorum
1429 541 1655 586 Ordinam'i
1693 546 1807 587 iuxta

182 628 269 658 can.
307 614 357 656 94
388 611 619 670 prohibitio
652 610 863 667 generalis
899 611 960 654 vel
998 617 1187 668 respectu
1222 611 1330 655 illius
1362 611 1569 670 Episcopi,
1602 614 1712 671 quod
1748 614 1808 657 ul-

184 688 326 728 timum
362 684 512 726 decens
546 695 624 724 non
659 686 766 724 esset
802 683 890 725 sine
923 694 1046 725 causa
1080 682 1332 737 sufficiente,
1368 687 1549 727 attamen
1585 698 1656 740 pro
1691 684 1807 728 libitu

183 758 287 799 facta
321 754 454 797 obstat
488 754 666 796 lieeitati

299 828 323 879 ἓ
358 825 394 867 2.
429 823 477 867 Ιη
510 823 654 866 altena
686 822 883 875 clzoeeesoe,
916 823 1085 879 supple:
1126 839 1148 864 ‹<
1165 823 1392 880 Episcopus
1411 839 1451 877 ))
1486 829 1530 867 ut
1551 837 1690 881 supra
1713 839 1809 869 con-

181 901 378 950 secratus,
412 895 481 938 scd
517 894 652 951 quoad
688 894 794 937 lianc
832 893 1136 950 paragraphum
1172 896 1262 937 sive
1296 895 1571 938 residentialis
1602 898 1692 939 sixe
1716 898 1809 940 titu-

183 968 294 1018 laris,
327 965 487 1023 incliyec
519 966 558 1022 a)
590 964 763 1008 licentia
791 963 1019 1007 Ordiwarii
1045 963 1126 1007 loci
1149 964 1218 1008 ubi
1237 965 1814 1022 conferatconfirmationem,

184 1036 225 1094 b)
260 1036 407 1079 saltem
440 1034 758 1078 rationabiliter
787 1040 1076 1092 praesumpta,
1134 1034 1255 1078 idest:
1291 1047 1398 1089 quae
1431 1048 1480 1079 ex
1516 1036 1717 1092 probabili
1753 1050 1813 1081 ra-

182 1110 292 1151 tione
326 1106 593 1150 concedenda
626 1110 806 1162 putatur,
839 1107 872 1148 si
907 1110 1139 1162 peteretur,
1171 1105 1256 1148 Μετ’
1289 1111 1446 1163 ayatur
1477 1109 1519 1159 a)
1552 1106 1602 1150 cle
1617 1107 1812 1166 propriis

183 1177 361 1221 subditis
396 1179 551 1220 ratione
585 1176 783 1219 domicilii
821 1176 883 1219 vel
917 1178 1034 1234 quasi
1069 1176 1270 1220 domicilii
1294 1178 1333 1219 in
1358 1176 1448 1220 loco
1472 1177 1542 1221 ubi
1560 1179 1813 1222 confirmans

186 1249 510 1292 iurisdictionem
547 1249 622 1290 rite
655 1246 825 1300 obtinet,
869 1249 1061 1304 quamvis
1094 1252 1138 1290 ut
1170 1246 1432 1304 Apostolicus
1474 1247 1810 1305 Administrator,

186 1319 227 1377 b)
262 1318 408 1377 qzm'bus
432 1317 789 1374 confirmationem
813 1316 1004 1375 conferat
1024 1317 1245 1375 privatim,
1268 1317 1426 1361 scilicet
1445 1335 1452 1361 :
1474 1321 1542 1362 uni
1569 1318 1632 1362 vel
1656 1322 1811 1376 paucis,

188 1390 389 1434 meliusve
423 1402 502 1431 non
536 1391 574 1431 in
604 1387 792 1431 Ecclesia
829 1388 891 1431 vel
927 1390 1106 1431 oratorio
1145 1387 1309 1444 publico
1343 1388 1383 1445 c)
1417 1403 1466 1431 ac
1497 1389 1589 1432 sine
1606 1389 1751 1434 baculo
1774 1397 1814 1434 ec

184 1460 327 1514 mitra,
361 1462 456 1517 quia
480 1459 557 1502 hoc
581 1463 687 1502 esset
725 1475 747 1500 «
771 1458 1020 1514 pontificalia
1054 1471 1290 1502 exercere»
1321 1459 1430 1516 (can.
1456 1460 1537 1503 337
1561 1459 1589 1517 ‘3‘
1613 1460 1670 1518 ⁶2),
1695 1464 1815 1505 cuius

186 1533 371 1574 exercitii
407 1530 627 1574 liceitatem
663 1529 904 1572 moderatur
935 1529 1121 1572 eiusdem
1159 1535 1263 1574 cans.
1296 1530 1324 1587 ἓ
1358 1530 1377 1572 1
1415 1531 1672 1574 concordans
1697 1544 1814 1588 prae-

184 1604 311 1645 sentis
343 1603 512 1645 canonis
546 1603 813 1657 praescripto.

303 1673 371 1717 78.
406 1673 480 1718 De
512 1673 865 1718 confirmandis
897 1675 1028 1718 licite
1060 1674 1273 1719 subditis
1295 1674 1472 1719 alienis
1498 1687 1586 1730 per
1608 1678 1815 1732 presby-

186 1749 358 1790 terum.
390 1769 417 1773 —
452 1742 617 1785 Praeter
651 1742 935 1785 limitationem
956 1743 1089 1799 quoad
1115 1743 1424 1786 confirmandos
1448 1747 1607 1787 ratione
1640 1747 1742 1788 ritus
1764 1759 1815 1789 ex

185 1814 242 1872 ἓξ
275 1814 298 1856 4
333 1818 372 1856 et
407 1814 429 1855 ὃ
464 1818 566 1856 cans.
603 1813 703 1866 78¹2,
736 1817 774 1855 et
807 1812 929 1855 aliam
964 1813 1099 1870 quoad
1137 1815 1389 1856 territorium
1422 1827 1473 1857 ex
1497 1816 1522 1868 ἓ
1545 1814 1818 1859 3servandas

189 1898 261 1941 pro
298 1884 508 1927 validitate
550 1885 900 1939 confirmationis,
933 1883 1356 1941 subiungiturquoad
1384 1884 1604 1928 liceitatem
1629 1899 1704 1942 pro
1729 1889 1817 1944 qui-

190 1955 361 1999 busdam
398 1956 593 1997 ministris
625 1954 979 2010 extraordinariis,
1006 1967 1149 1998 norma
1171 1955 1435 2011 praecedenti
1455 1955 1615 2010 similis,
1635 1969 1814 2013 nempe:

190 2040 279 2069 ean.
315 2028 340 2067 7
347 2028 420 2067 84.
460 2023 701 2082 Presbytero
736 2038 895 2082 quoque
927 2023 1039 2078 licet,
1060 2024 1101 2081 a)
1125 2024 1163 2067 si
1185 2024 1417 2082 apostolico
1443 2024 1571 2068 locali
1589 2026 1817 2084 privileqio

190 2096 246 2138 sit
278 2096 479 2149 mumius,
514 2099 584 2138 aut
621 2111 643 2135 α
670 2098 706 2137 vi
744 2095 934 2138 indulti»
973 2099 1042 2139 aut
1080 2109 1173 2139 «ex
1208 2098 1297 2139 iure
1316 2098 1529 2139 communi
1553 2112 1591 2151 ›),
1618 2096 1660 2154 b)
1685 2097 1729 2140 in
1752 2097 1818 2141 de-

191 2166 357 2223 siymtto
389 2165 468 2208 sibi
502 2166 718 2209 territorio
752 2166 1001 2222 confirmare
1033 2165 1072 2222 c)
1106 2165 1234 2208 etiam
1265 2171 1501 2222 eoetraneos,
1526 2166 1644 2210 alteri
1668 2181 1818 2224 nempe

191 2237 377 2281 subditos
419 2236 615 2293 praelato,
659 2237 699 2288 d)
731 2236 816 2279 m'si
858 2236 903 2280 id
944 2236 1194 2293 generaliter
1229 2236 1597 2293 vel'singulariter
1630 2238 1818 2295 ipsorum

192 2307 570 2351 confirmandorum
619 2306 846 2350 ommno-'22‘
887 2321 1083 2365 empiesce
1128 2306 1265 2350 verbis
1297 2312 1367 2350 aut
1399 2310 1553 2364 scripto
1592 2307 1737 2352 aliisve
1769 2311 1820 2352 si-

193 2380 284 2434 gnis
318 2378 535 2431 zetuetfftnt
571 2378 679 2434 quod
714 2382 851 2421 tamen
887 2380 1058 2421 vetItum
1096 2377 1296 2421 validitati
1330 2378 1656 2461 confirmationis
1672 2391 1820 2436 sequu-

192 2453 257 2492 tae
291 2462 368 2491 non
404 2448 585 2491 obstaret
616 2449 666 2492 ad
703 2461 890 2492 normam
924 2461 1012 2491 can.
1058 2449 1105 2490 11
1136 2449 1162 2488 1.

312 2520 379 2562 79.
415 2521 749 2565 Ministrorum
784 2521 1172 2566 confirmationis
1217 2521 1459 2577 obligatio
1502 2523 1629 2566 hanc
1662 2522 1820 2566 confe-

195 2592 347 2635 rendi.
395 2615 421 2619 —
470 2589 591 2633 l'lene
634 2592 819 2646 exposita
864 2591 1146 2632 ministrorum
1193 2588 1452 2645 legitimitate
1495 2590 1545 2633 ad
1598 2592 1817 2634 contirma-

196 2662 348 2703 tionem
383 2664 468 2703 tum
507 2660 642 2703 valide
676 2665 761 2703 tum
797 2660 906 2704 licite
950 2660 1227 2715 tribuendam,
1273 2661 1348 2703 fuit
1390 2660 1704 2704 determinanda
1737 2663 1819 2703 sin-

314 2790 325 2811 1
354 2788 448 2823 Can.
479 2790 530 2823 11.
560 2789 769 2822 1rri⁴cantes
796 2793 868 2823 aut
894 2789 1195 2823 inhabilitantes
1221 2800 1287 2823 eae
1315 2793 1473 2822 tantum
1499 2789 1606 2833 leges
1620 2788 1821 2823 habendae

198 2841 305 2879 sunt,
335 2836 479 2880 quibus
507 2840 577 2870 aut
603 2842 732 2869 actum
761 2847 844 2870 esse
870 2836 1027 2870 nullum
1065 2840 1136 2870 aut:
1175 2835 1389 2870 inhabilem
1417 2847 1500 2870 esse
1526 2847 1729 2880 personam
1756 2847 1819 2869 ex-

198 2894 327 2927 presse
355 2884 416 2917 vel
442 2883 737 2927 aequivalenter
764 2883 962 2918 statuitur.
