1971 3261
99 114 172 147 218
488 110 574 146 Lm.
603 109 674 143 III.
705 128 718 133 -
747 108 855 142 PARS
896 107 928 141 Ι.
956 127 970 132 -
996 107 1054 142 De
1093 106 1359 142 Sacramentis
1542 105 1636 141 Can.
1662 104 1734 140 873

108 232 212 275 bene
250 216 434 275 clausula
471 231 620 272 inserta
657 226 835 271 ibidem:
873 237 1036 283 «quam
1061 230 1199 269 tamen
1233 238 1254 268 a
1289 227 1378 268 iure
1402 229 1643 281 potestatem
1668 237 1732 268 or·

106 302 311 346 dinariam
346 300 437 344 aliis
470 299 666 355 delegare
699 310 779 340 non
816 301 988 353 potest»
1027 295 1202 353 quilibet
1233 309 1282 339 ex
1319 294 1411 349 illis,
1444 294 1497 338 11⁰
1535 300 1574 338 et
1607 295 1733 352 Supe-

105 373 244 415 riores
278 370 468 427 reliqiosi
492 371 614 412 etiam
642 367 794 411 locales
816 367 1011 425 eoeempti,
1029 366 1099 409 sed
1126 379 1204 409 non
1231 365 1443 422 religionis
1467 365 1636 422 laicalis,
1660 367 1732 408 elsi

106 456 206 487 casu
240 444 319 485 sint
353 441 589 484 sacerdotes
615 438 644 492 ¹,
679 443 835 482 tantum
873 438 914 495 a)
949 451 1028 496 pro
1060 437 1150 480 suis
1173 435 1366 490 subditis,
1392 436 1488 480 hinc
1511 439 1635 479 etiam
1662 449 1735 492 pro

111 511 369 558 monialibus,
404 523 511 568 quae
544 507 838 566 Superioribus
873 506 1135 564 regularibus
1168 506 1356 559 subsunt,
1391 505 1433 563 b)
1457 505 1513 549 ad
1544 519 1736 549 normam

106 582 453 626 constitalionum
501 580 638 638 quoad
672 592 762 622 eam
797 578 1079 623 obtinendam.
1123 577 1399 621 exercendam
1433 578 1601 620 forsitan
1636 588 1733 633 erga

110 653 324 709 religiosos
359 652 538 708 hospites
570 650 756 693 eiusdem
791 649 1005 706 religionis
1037 649 1107 692 sed
1142 647 1312 691 alterius
1344 647 1506 701 domus,
1539 654 1609 690 aut
1641 659 1734 690 cum

109 725 390 767 reservatione
438 734 625 777 casuum,
673 733 781 778 quae
816 722 853 762 in
890 719 1089 776 religione
1136 720 1284 774 vigeat,
1320 722 1359 760 et
1392 718 1563 761 demum
1595 717 1730 775 quoad

106 808 199 838 eam
234 793 519 837 amittendam.

225 864 254 923 g
287 864 323 907 3.
358 863 472 907 Haec
504 861 745 906 iurisdictio
778 861 954 906 scilicet:
995 861 1243 904 «ordinaria
1277 861 1328 904 ad
1362 861 1643 904 confessiones
1666 872 1736 902 ex-

108 935 380 991 cipiendas»,
403 934 472 977 sed
499 933 679 976 totaliter
697 935 736 975 in
760 931 934 988 singulis
967 934 1221 975 enumeratis
1244 930 1321 974 sub
1352 930 1409 988 ἓξ
1434 930 1453 972 1
1481 934 1521 973 et
1545 930 1567 972 2
1602 934 1736 972 cessat

108 1006 150 1061 a)
185 1005 421 1048 omissione-
444 1003 576 1062 officii
608 1006 674 1047 cui
708 1004 871 1047 adnexa
916 1007 977 1046 est
1010 1004 1048 1045 in
1084 1015 1335 1059 unoquoque
1368 1014 1529 1055 eorum,
1554 1000 1609 1043 ad
1641 1013 1737 1043 nor—

110 1091 219 1119 mam
253 1090 341 1119 caiz.
368 1074 501 1128 183²,
536 1075 671 1133 quoad
696 1074 885 1118 diversos
920 1073 1063 1117 modos
1095 1072 1246 1130 quibus
1283 1074 1525 1115 «amittitur
1557 1072 1737 1115 officium

109 1147 504 1200 ecclesiasticum»,
558 1147 682 1188 etiam
732 1145 982 1202 quandoque
1018 1153 1061 1187 ut
1094 1143 1248 1187 ibidem
1282 1145 1307 1197 ἓ
1340 1142 1363 1186 2
1399 1155 1571 1198 ncmpe3
1605 1143 1638 1185 si
1673 1141 1738 1185 lex

111 1221 164 1262 ita
198 1222 357 1262 caveat.
413 1216 629 1260 «resoluto
663 1218 812 1274 quovis
862 1215 983 1258 modo
1019 1217 1107 1257 iure
1159 1216 1394 1270 Superioris
1426 1225 1447 1256 a
1489 1226 1572 1270 quo
1606 1213 1738 1256 fuerat

109 1302 352 1333 concessum
379 1303 419 1340 )),
453 1292 504 1343 et,
537 1291 632 1344 post
679 1286 931 1329 sententiam¹
971 1284 1373 1338 condemnatoriam,
1407 1297 1487 1341 qua
1529 1283 1742 1339 infligatur

112 1372 191 1403 una
226 1373 275 1403 ex
309 1357 578 1416 sequentibus
625 1359 825 1411 censuris,
860 1355 923 1399 rel
956 1355 1286 1399 deelaratoriom
1331 1366 1531 1397 censurae
1566 1356 1647 1397 iam
1682 1355 1741 1395 in-

109 1443 272 1483 cursae,
321 1429 359 1484 b)
392 1428 823 1472 eoeeomsmmn'eatione
857 1428 907 1471 ad
940 1439 1127 1470 normam
1171 1438 1261 1469 can.
1298 1425 1409 1468 2264
1430 1425 1459 1480 ³,
1495 1424 1535 1482 c)
1569 1437 1740 1482 suspen-

110 1501 229 1545 sione
261 1500 310 1543 ab
344 1499 496 1558 officio,
532 1511 656 1557 quam
693 1499 873 1555 explicat
909 1510 997 1542 can.
1036 1497 1162 1550 2279,
1186 1496 1214 1554 ξ
1239 1497 1254 1539 1
1281 1496 1310 1550 ⁴²,
1344 1496 1394 1539 ad
1429 1507 1618 1538 normam
1651 1507 1741 1538 can.

115 1572 225 1615 2284
247 1573 276 1625 5,
325 1571 367 1622 d)
399 1569 623 1613 ‘interdicto
660 1568 897 1625 particulari
945 1567 1147 1624 personali
1183 1567 1234 1610 de
1267 1579 1348 1624 quo
1383 1568 1420 1609 in
1455 1578 1544 1609 can.
1581 1564 1742 1617 22756,

111 1648 151 1685 et
184 1642 261 1686 hoc
295 1643 514 1685 adnotetur
547 1640 596 1683 ad
632 1639 746 1683 illum
781 1652 983 1683 canonem
1018 1641 1055 1681 in
1091 1651 1172 1695 quo
1206 1651 1284 1680 non
1320 1639 1579 1693 exprimitur.

231 1712 290 1756 Ex
325 1712 445 1756 dictis
480 1712 666 1765 insertur,
703 1713 900 1753 intereos
925 1708 1075 1767 quibus
1109 1710 1319 1751 ordinaria
1353 1707 1582 1750 iurisdictio
1605 1718 1741 1749 sacra-

115 1783 305 1827 mentalis
352 1783 616 1826 adiudicaiur
650 1783 688 1824 in
724 1793 881 1824 canone
914 1780 1058 1823 adesse
1108 1780 1393 1823 diversitatem
1431 1782 1620 1834 respectu
1654 1788 1743 1820 can.

118 1855 212 1907 199,
248 1862 274 1909 3·
310 1855 327 1896 1
365 1856 606 1897 statuentis:
657 1850 776 1905 «Qui
813 1852 1110 1895 iurisdictionis
1143 1855 1388 1907 potestatem
1424 1848 1546 1892 babet
1578 1847 1741 1891 ordina-

115 1929 232 1981 riam,
260 1930 391 1982 potest
413 1938 503 1968 eam
528 1924 647 1967 alteri
681 1937 730 1967 ex
766 1928 848 1966 toto
886 1922 948 1966 vel
975 1936 1023 1966 ex
1051 1927 1165 1978 parte
1190 1921 1440 1977 delegare»,
1469 1932 1575 1977 quae
1599 1930 1742 1962 norma

114 1995 320 2051 generalis
368 1994 600 2051 applicatur
635 1996 674 2036 in
709 2005 799 2037 can.
851 1991 934 2035 874
970 1997 1009 2035 et
1041 2004 1141 2048 seq,
1192 1995 1407 2048 postquam
1452 1993 1648 2032 statutum
1684 1993 1745 2030 est

233 2104 245 2125 1
265 2102 359 2137 Can.
389 2103 469 2136 501.
496 2105 514 2144 ἓ
545 2104 574 2137 1.

233 2151 246 2172 ‘2
267 2150 359 2184 Can.
392 2150 468 2183 183.
498 2152 517 2190 ξ
550 2154 577 2182 1.
615 2148 831 2181 Amittitur
868 2145 1039 2180 officium
1080 2145 1394 2179 ecclesiasticum
1432 2142 1747 2181 renunciatione,

117 2198 350 2243 privatione,
379 2196 587 2237 amotione,
617 2195 894 2235 translatione,
924 2195 1038 2238 lapsu
1065 2193 1258 2237 temporis
1283 2190 1497 2237 praefiniti.

233 2244 247 2266 3
266 2245 362 2278 Can.
391 2244 495 2277 2264.
526 2244 651 2277 Actus
689 2241 1018 2276 iurisdictionis...
1058 2240 1134 2274 fori
1162 2240 1314 2273 interni
1342 2239 1496 2283 positus
1523 2236 1570 2270 ab
1596 2247 1746 2270 excom—

115 2292 317 2327 municato
356 2295 416 2325 est
442 2291 630 2326 illicitus:
671 2294 724 2333 et,
757 2289 790 2322 si
817 2289 899 2322 lata
923 2288 1046 2322 fuerit
1084 2288 1289 2321 sententia
1326 2284 1647 2320 condemnatoria
1684 2282 1746 2316 vel

116 2338 386 2380 declamatoria,
414 2338 535 2372 etiam
562 2336 775 2380 invalidus,
804 2336 914 2370 salvo
939 2335 1180 2379 praescripto
1207 2346 1293 2368 can.
1322 2334 1428 2373 2261,
1457 2336 1476 2374 ξ
1502 2333 1536 2366 3.

234 2387 248 2408 4
267 2386 361 2421 Can.
390 2386 493 2420 2279.
525 2388 543 2426 ξ
573 2388 601 2418 1.
630 2383 844 2428 Suspensio
870 2383 917 2417 ob
944 2381 1069 2416 officio
1097 2382 1347 2426 simpliciter,
1376 2380 1483 2413 nulla
1522 2378 1676 2412 adiecta
1701 2376 1745 2410 Ii-

117 2434 339 2475 mitatione,
368 2437 480 2467 vetat
506 2443 661 2466 omnem
679 2436 812 2464 actum
829 2434 916 2464 tum
942 2429 1156 2475 potestatis
1171 2429 1323 2462 ordinis
1339 2432 1378 2461 et
1398 2424 1746 2467 iurisdictionis‚...

233 2482 246 2503 5
265 2481 358 2515 Can.
386 2481 492 2513 2254.
524 2479 564 2513 Si
591 2480 750 2512 incursa
782 2477 946 2512 tuerit...
969 2488 1133 2511 censura
1153 2475 1427 2520 suspensionis
1447 2485 1545 2518 quae
1563 2471 1745 2517 prohibet

115 2534 249 2565 actum
275 2526 564 2561 iurisdictionis
584 2527 625 2560 in
643 2525 725 2560 foro
752 2536 822 2559 seu
848 2525 1007 2559 interno
1022 2535 1090 2557 seu
1118 2533 1296 2563 externo,
1323 2529 1436 2556 actus
1459 2526 1520 2554 est
1547 2518 1746 2554 invalidus

117 2588 167 2609 ex
193 2587 249 2620 gr.
275 2575 472 2609 absolutio
510 2573 820 2612 sacramentalis,
849 2572 883 2606 si
909 2572 990 2606 lata
1014 2572 1070 2605 sit
1097 2571 1302 2605 sententia
1340 2568 1659 2603 condemnatoria
1684 2565 1747 2599 vel

118 2622 384 2659 declaratoria.
422 2627 491 2655 aut
518 2621 701 2665 Superior
739 2630 920 2664 expresse
955 2618 1124 2652 declaret
1151 2629 1190 2651 se
1219 2619 1342 2663 ipsam
1370 2614 1658 2649 iurisdictionis
1683 2624 1746 2657 po—

118 2676 303 2704 testatem
340 2679 543 2711 revocare3
585 2679 696 2701 secus
723 2672 782 2701 est
809 2667 979 2700 illicitus
1018 2670 1192 2705 tantum,
1230 2665 1309 2698 nisi
1336 2675 1357 2697 a
1384 2662 1567 2697 fidelibus
1594 2660 1744 2705 petitus

117 2717 240 2751 fuerit
265 2716 314 2750 ad
332 2727 506 2750 normam
532 2726 645 2748 mem.
675 2726 755 2748 can.
785 2714 889 2755 2261,
915 2717 934 2755 ξ
960 2714 995 2746 2.

234 2764 247 2786 6
266 2764 357 2798 Can.
384 2764 489 2798 2275.
531 2761 799 2796 Personaliter
825 2760 1094 2795 interdictiz...
1124 2759 1163 2792 20
1191 2757 1458 2792 Prohibentur
1493 2756 1746 2790 Sacramenta

119 2816 161 2845 et
188 2811 494 2845 Sacramentalia
519 2810 761 2851 ministrare,
790 2807 979 2842 conficere
997 2812 1037 2841 et
1056 2807 1242 2851 recipere,
1260 2805 1308 2839 ad
1333 2815 1509 2839 normam
1535 2814 1619 2836 can.
1640 2801 1746 2842 2260,

119 2862 139 2900 ξ
169 2860 202 2899 1,
231 2859 336 2892 2261.
