1971 3261
106 110 200 147 can.
228 110 433 147 loss-1089
620 111 704 145 Tl'r.
735 111 820 146 VII.
851 132 862 138 -
889 112 946 148 De
973 113 1233 148 Matrimonto
1672 116 1742 150 613

104 230 181 274 sub
212 229 259 289 §⁰
286 230 327 273 1ο
360 232 471 274 circa
509 229 783 283 validitatem,
816 231 893 275 sub
925 230 971 289 ἑο
997 231 1039 274 20
1075 232 1210 289 quoad
1242 231 1463 276 liceitatem
1489 236 1742 277 matrimonii

103 314 193 343 cun.
229 302 362 344 1083.
398 300 456 344 En
492 314 626 344 novus
660 303 683 355 g
720 302 754 344 1.
792 301 854 344 [ld
889 302 1202 346 matrimonium
1240 302 1378 346 valide
1409 304 1742 348 contraleemlmn

103 377 192 429 post
214 371 379 417 Codicis
405 374 592 428 vigorem
630 386 793 414 neeesse
826 378 886 415 est
920 376 1101 425 omniuo,
1128 379 1170 416 ut
1194 373 1489 417 contrahentes
1520 389 1598 432 qua
1625 377 1740 432 tales,

102 457 174 488 seu
209 444 308 487 dum
342 445 585 499 exprimunt
617 457 863 487 consensum
903 449 1109 495 mutuum„
1143 445 1227 488 sint
1259 452 1505 503 praesentes
1548 447 1596 490 ad
1635 451 1739 490 invi-

103 528 209 565 cem,
231 514 428 572 equidem
464 516 629 570 proprie
662 528 733 558 seu
761 514 944 571 physice,
971 529 1048 557 non
1086 515 1349 572 tlieleplionio
1377 517 1439 561 vel
1467 517 1738 575 tlielegrapho

108 584 170 629 vel
207 598 279 642 per
312 587 502 628 nuntium
538 590 607 628 aut
641 585 871 641 epistolam,
905 586 974 629 sed
1011 586 1051 641 a)
1076 586 1161 629 sire
1178 600 1258 644 per
1280 600 1323 629 se
1347 587 1442 645 ipsi,
1475 600 1522 632 ac
1557 593 1736 632 tantum-

107 656 228 699 modo
264 658 518 712 permittitur
568 655 603 699 b'
639 656 725 698 sie-e
754 670 831 713 per
859 663 1181 714 [woeuratorem
1215 660 1543 716 uniuscuiusque
1577 673 1735 716 eorum,

105 740 281 784 nempe:
316 728 383 783 qui
419 738 543 769 unam
577 727 706 770 solam
744 731 899 784 partem
938 733 1234 783 repraesentet.

223 809 448 845 Innocentius
475 809 515 844 lll
555 808 724 845 Brixiensi
766 809 933 856 Episcopo
972 810 1031 853 ita,
1061 810 1247 856 respondet
1274 812 1308 846 ¹:
1345 811 1475 847 «Tuae
1502 812 1736 849 fraternitati:

106 868 287 904 l'ostulasti
317 873 433 903 utrum
460 879 499 904 cx
527 868 609 903 solis
636 868 762 910 verbis,
788 873 821 903 et
859 879 897 904 ex
936 867 1064 914 quibus
1103 869 1367 904 matrimonium
1395 871 1631 906 contrahatur.
1673 872 1740 907 Nos

103 928 210 973 igitur
236 926 456 973 inquisitioni
486 932 564 962 tuae
590 927 706 962 taliter
731 929 994 973 respondemus,
1022 928 1115 973 quod
1144 928 1407 963 matrimonium
1438 929 1472 963 in
1494 929 1636 965 veritate
1662 941 1742 965 cou-

102 987 254 1023 trahitur
281 997 339 1033 per
366 986 562 1031 legitimum
590 986 652 1020 viri
694 991 726 1022 et
754 986 910 1021 mulieris
936 997 1171 1022 consensum:
1213 987 1271 1022 sed
1302 988 1495 1023 necessaria
1520 994 1602 1023 sunt
1629 1000 1739 1034 quan-

102 1052 175 1081 tum
214 1047 257 1082 ad
299 1046 486 1082 Ecclesiam
515 1046 619 1081 verba
656 1056 867 1081 consensum
907 1046 1139 1092 exprimentia
1165 1046 1206 1081 de
1235 1047 1419 1092 praesenti.
1460 1046 1545 1082 Nam
1573 1047 1667 1083 surdi
1707 1053 1741 1083 et

103 1106 191 1141 muti
219 1110 364 1152 possunt
389 1105 595 1140 contrahere
623 1105 889 1140 matrimonium
918 1115 978 1151 per
1003 1115 1213 1140 consensum
1240 1109 1401 1140 mutuum
1429 1105 1506 1140 sine
1532 1105 1670 1141 verbis:
1708 1110 1740 1141 et

104 1165 198 1211 pueri
238 1169 321 1200 ante
357 1175 470 1199 annos
510 1163 682 1209 legitimos
722 1174 781 1210 per
807 1163 911 1199 verba
937 1163 1010 1199 sola
1036 1174 1107 1199 non
1134 1164 1362 1205 contrahunt,
1391 1175 1469 1200 cum
1497 1164 1740 1209 intelligantur

103 1224 250 1260 minime
275 1225 475 1259 consentire
496 1238 527 1257 ».

220 1295 328 1339 Huic
363 1295 567 1339 Decretali
602 1297 795 1352 congruit
827 1295 916 1353 ἑὲ.
952 1295 1117 1353 Sponsi,
1155 1297 1214 1339 sic
1247 1295 1347 1339 dicti
1382 1295 1433 1339 ob
1468 1298 1737 1339 intentionem

101 1366 377 1410 contrahendi
401 1368 572 1422 praevie
596 1367 915 1415 manifestatam,
953 1365 1311 1408 matrimonialem
1336 1379 1581 1409 eonsensum
1613 1379 1738 1423 supra

101 1437 355 1494 explicatum
404 1436 648 1494 eoeprimunt
689 1439 901 1480 succincte
947 1436 1092 1489 verbis,
1127 1436 1314 1480 scilicet:
1372 1441 1580 1492 oretenus,
1615 1442 1740 1495 atque

101 1508 153 1552 ob
186 1508 321 1565 legem
355 1508 592 1564 liturgicam
627 1507 723 1552 Rit·
755 1507 888 1550 Rom.i
924 1509 1045 1551 unico
1081 1506 1209 1551 verbo
1254 1508 1553 1564 respondentes
1594 1508 1643 1552 ad
1680 1510 1739 1550 in-

100 1581 425 1637 terrogationem
460 1579 652 1636 parochi3
689 1579 861 1635 proinde
893 1581 1110 1636 sequitur:
1145 1593 1219 1622 nec
1250 1578 1583 1637 aequipollentia
1617 1580 1739 1637 siynu

104 1665 141 1693 v.
175 1664 236 1708 gr.
270 1651 565 1694 affirmativam
600 1652 749 1707 capitis
783 1649 1095 1693 inclinationem
1129 1649 1330 1693 adhibere
1362 1650 1467 1708 ipsis
1501 1650 1598 1693 lieet
1647 1664 1740 1707 pro-

103 1728 194 1778 pter
227 1721 305 1766 Rit.
341 1721 460 1765 Rom.
500 1726 539 1765 et
572 1721 649 1765 hoc
693 1724 867 1766 canonis
902 1723 1220 1778 praescriptum,
1255 1724 1450 1779 quamvis
1491 1722 1628 1765 valide
1681 1724 1741 1765 sic

99 1792 409 1846 contraherent,
442 1792 480 1834 si
513 1791 629 1850 loqui
655 1792 837 1850 possint.
887 1791 974 1835 Non
1019 1805 1140 1836 secus
1188 1804 1236 1836 ac
1270 1795 1308 1835 in
1343 1795 1411 1837 cit.
1447 1792 1668 1846 Decretali‚
1699 1797 1741 1836 et

101 1877 174 1920 per
205 1863 316 1907 hunc
349 1875 551 1907 canonem
580 1865 804 1920 exponitur
828 1863 927 1906 illud
964 1863 1059 1907 [ut.-
1091 1863 1224 1907 Rom.i
1259 1864 1273 1886 ²
1313 1880 1335 1905 «
1357 1877 1584 1907 consensus
1616 1863 1741 1907 debet

99 1948 189 1979 esse
221 1934 456 1989 amborum,
491 1939 531 1978 et
564 1948 787 1991 expressus
820 1934 960 1992 aliquo
994 1937 1113 1991 signo
1145 1934 1345 1990 sensibili,
1369 1937 1459 1978 sive
1483 1936 1553 1978 liat
1577 1948 1649 1991 per
1681 1949 1739 1989 se,

98 2008 188 2050 sive
222 2019 295 2063 per
329 2010 706 2062 procuratorem»,
739 2006 850 2063 quod
886 2019 995 2050 nunc
1028 2018 1195 2064 quoque
1231 2005 1350 2063 plene
1386 2008 1510 2062 viget.

220 2077 317 2121 488.
352 2079 720 2123 Matrimonium
755 2091 844 2134 per
876 2081 1265 2135 procuratorem.
1297 2103 1348 2107 —
1384 2076 1443 2121 De
1476 2077 1554 2121 hac
1588 2091 1631 2120 re
1664 2078 1740 2120 fuit

100 2147 303 2205 legislatio
337 2150 536 2192 canonica
573 2148 754 2204 perfecta
790 2161 862 2204 per
895 2150 1140 2192 cun.1089.
1175 2148 1273 2191 lnde
1307 2150 1367 2192 sic
1399 2148 1616 2191 exorditur
1646 2147 1674 2205 ξ
1699 2148 1734 2190 1.

98 2217 273 2273 Firmis,
305 2221 499 2276 quamvis
531 2221 570 2262 in
604 2232 747 2262 eorum
785 2221 950 2275 propria
979 2221 1017 2261 vi
1053 2231 1100 2262 ac
1126 2221 1343 2262 mutationi
1377 2218 1590 2273 subiectis,
1624 2217 1738 2261 dioe-

98 2289 274 2345 cesanis,
310 2290 485 2347 proinde
519 2289 841 2346 particularibus
874 2289 1037 2347 legibus
1069 2291 1161 2333 sive
1196 2291 1234 2332 in
1283 2289 1450 2346 Synodo
1498 2290 1587 2333 sive
1621 2295 1737 2333 extra

96 2361 312 2418 Synodum
335 2361 527 2415 conditis,
550 2360 738 2416 statutis,
763 2373 870 2418 quae
902 2363 934 2404 si
975 2376 995 2401 «
1021 2362 1287 2417 praescriptis
1321 2360 1443 2404 huius
1475 2359 1639 2404 Codicis
1672 2374 1739 2416 op-

99 2433 229 2488 posita
254 2447 274 2473 »
310 2433 406 2486 sint,
444 2447 464 2472 «
488 2431 746 2489 abrogantur
768 2447 788 2472 ))
819 2430 927 2489 (can.
955 2432 978 2474 6
1004 2444 1042 2475 n.
1069 2430 1147 2488 1⁰),
1170 2431 1240 2474 sed
1266 2429 1447 2489 desuper
1471 2431 1596 2475 idest:
1632 2432 1736 2474 infra

97 2502 175 2546 lioc
209 2504 514 2559 praescriptum
547 2516 620 2546 seu
655 2507 820 2559 praeter
854 2502 952 2546 illud
989 2501 1151 2545 actclitis
1190 2504 1269 2545 iam
1305 2514 1414 2545 nunc
1438 2504 1636 2558 temporis
1673 2501 1735 2544 vet

98 2578 136 2616 in
158 2578 390 2630 posterum3
414 2578 459 2616 ut
478 2573 808 2625 matrimonium,
828 2573 1009 2617 scilicet:
1034 2577 1273 2617 contractus
1296 2575 1366 2631 qui
1396 2574 1736 2629 «regitur-iure...

98 2646 221 2688 etiam
247 2646 487 2688 canonico»
515 2644 624 2702 (can.
649 2644 787 2699 1016),
810 2657 888 2701 per
907 2649 1245 2702 procuratorem,
1268 2646 1338 2701 qui
1374 2647 1532 2700 partem
1570 2656 1734 2700 reprae-

98 2720 246 2770 sentet,
280 2714 420 2758 calide
454 2715 638 2769 ineatur,
670 2719 731 2758 est
764 2728 863 2771 ergo
896 2714 1019 2758 liuius
1050 2714 1091 2773 ξι
1130 2730 1150 2755 ι(
1177 2714 1240 2758 lex
1277 2717 1487 2758 irritans»
1517 2713 1625 2771 (can.
1650 2714 1736 2770 li),

214 2871 224 2893 ¹
253 2870 294 2904 C.
323 2870 383 2910 25,
411 2869 468 2904 De
498 2880 628 2914 spons.
657 2874 698 2903 etz
723 2869 896 2903 matrim.
926 2871 974 2912 (1,
1004 2868 1084 2910 IV).
1115 2889 1158 2894 —
1184 2868 1198 2890 ‘-’
1225 2868 1317 2913 Cap.
1346 2870 1367 2902 2
1394 2880 1433 2902 n.
1454 2869 1486 2902 2.
1507 2867 1627 2902 huius
1654 2868 1733 2901 Tit.
