1971 3261
669 151 752 184 Trr.
783 151 869 185 VII.
899 171 912 176 —
939 151 996 185 De
1025 152 1282 185 Matrimonia
1722 148 1792 182 569

159 274 217 321 qui
247 273 305 309 uni
337 271 562 308 matrimonio
589 270 731 305 iunctus
757 274 821 311 est,
853 280 920 303 non
950 273 1059 315 potest
1093 268 1191 304 alteri
1227 267 1409 311 coniungi,
1438 271 1470 302 et
1497 266 1546 301 sic
1571 271 1622 302 est
1649 266 1793 312 liqamen

159 331 380 373 matrimonii,
410 330 461 366 vel
490 329 572 375 quia
598 328 714 364 deficit
743 328 915 374 proportio
941 328 982 363 ad
1010 328 1155 363 alteram
1185 337 1383 373 personam,
1408 331 1441 362 et
1468 326 1531 362 1166
1559 330 1697 372 propter
1714 325 1794 359 tria:

163 392 276 439 primo
303 390 444 437 quidem
473 393 611 435 propter
639 387 786 422 nimiam
814 387 1019 422 distantiam
1047 387 1089 421 ad
1119 386 1242 433 ipsam,
1269 391 1301 421 et
1330 386 1379 421 sic
1397 390 1446 421 est
1466 384 1648 432 disparitas
1667 384 1795 426 culam

162 450 314 487 secundo
341 453 479 496 propter
505 447 653 482 nimiam
684 445 979 492 propinquitatem
1009 450 1040 481 et
1068 446 1115 481 sic
1144 445 1285 492 ponitur
1324 444 1619 491 impedimentum
1649 443 1803 489 coartatio

163 512 266 555 (quae
291 511 431 553 sumpta
459 506 507 541 uti
536 505 781 552 propinquitas
811 515 1039 550 personarum
1067 503 1273 549 quintuplex
1303 505 1364 544 est‘v
1397 503 1527 538 scilicet
1559 502 1710 548 coqnatio
1729 502 1802 546 (na-

163 567 286 604 turale‘s
312 577 371 602 seu
399 564 701 609 consanguinitas.
732 563 882 609 coartatio
898 563 1091 610 spiritualis
1109 568 1142 598 et
1161 562 1312 608 coartatio
1334 562 1479 608 leaale's'),
1495 562 1621 597 deinde
1641 560 1800 607 affinitas.

164 637 253 673 quae
278 626 442 672 importat
470 623 767 670 propinquitatem
794 622 944 658 duarum
988 633 1215 668 personarum
1256 621 1390 657 ratione
1430 621 1551 656 tertiae
1579 620 1805 655 matrimonio

164 686 313 726 iunctae,
339 689 373 721 et
397 683 548 730 publicae
576 682 758 717 honestatis
784 681 932 725 iusticia,
961 682 995 716 in
1025 693 1093 727 qua
1118 686 1169 716 est
1196 680 1440 727 propinquitas
1467 680 1614 715 duarum
1644 689 1807 725 persona·

164 756 242 780 rum
270 743 405 779 ratione
431 742 552 778 tertiae
581 747 655 787 (per
683 741 947 776 matrimonium
977 740 1188 778 invalidum.
1229 751 1287 775 seu
1328 739 1613 775 concubinatum*
1646 738 1798 781 iunctae,

166 803 266 840 tertio
293 807 432 849 propter
459 800 652 837 indebitam
680 800 964 835 coniunctionem
992 799 1034 835 ad
1052 799 1161 845 ipsam
1191 799 1302 845 primo
1326 799 1450 834 factam
1479 798 1544 843 (vel
1571 797 1722 833 exterius
1748 797 1802 831 in-

165 863 329 906 tentam),
357 866 390 897 et
416 861 465 895 sic
491 859 637 906 impedit
664 859 833 894 crimea...
865 859 960 905 prius
987 870 1066 893 curn
1094 858 1169 904 ipsa
1195 858 1421 893 commissum
1451 857 1556 902 (quod
1586 854 1801 902 quadruplex

165 926 228 961 est,
259 927 289 956 et
319 919 589 966 impedimentum
617 924 761 964 raptas).

288 1051 385 1094 463.
421 1052 556 1096 Ordo
581 1063 822 1096 canonum
845 1061 1025 1106 sequens
1051 1052 1124 1093 est.
1152 1048 1390 1103 Praeposito
1410 1059 1499 1090 can.
1526 1045 1637 1088 1037
1663 1045 1806 1088 (161111-

170 1122 408 1179 pedimento
428 1122 697 1177 temporarie,
729 1119 807 1162 alia
842 1123 950 1173 511111,
976 1131 1096 1175 (11136,
1120 1120 1196 1160 nisi
1222 1118 1528 1174 dispensentur,
1553 1118 1806 1159 comitantur

171 1198 370 1250 perpetuo
394 1203 605 1248 personas,
629 1195 699 1234 aut
726 1192 865 1246 vigent
888 1189 1035 1232 saitem
1056 1194 1098 1232 ut
1119 1188 1419 1245 prohibitiones
1443 1188 1695 1230 matrimonii
1717 1188 1807 1229 iure

168 1264 324 1317 divino,
359 1267 399 1306 et
431 1262 534 1306 11366
555 1261 896 1318 praescribuntur
919 1260 1149 1304 canonibus
1179 1259 1442 1315 1068-1071,
1467 1263 1537 1302 3111
1559 1262 1647 1301 iure
1671 1257 1803 1300 66616-

170 1336 334 1378 siastico
369 1337 533 1390 urgent,
566 1345 614 1376 36
648 1334 916 1375 invenientur
952 1334 990 1374 in
1023 1337 1127 1389 seq.⁸
1162 1344 1291 1388 usque
1316 1330 1366 1373 ad
1391 1329 1548 1386 Capitis
1582 1329 1720 1378 tinem,
1745 1327 1807 1370 1115

171 1405 221 1449 ad
258 1406 437 1448 invicem
471 1405 530 1447 516
564 1402 779 1454 ordinatis,
816 1406 859 1445 ut
891 1414 998 1459 quae
1031 1409 1270 1458 supponunt
1315 1402 1469 1444 tactum
1511 1399 1630 1456 plene
1667 1398 1810 1441 volun-

171 1478 338 1530 tarium,
372 1477 463 1518 sive
498 1476 587 1517 iure
621 1473 765 1517 divino
799 1472 1003 1529 obligans,
1036 1475 1126 1517 sive
1161 1472 1281 1529 plane
1314 1471 1519 1526 illicitum,
1553 1470 1629 1514 sibi
1664 1482 1806 1513 succe-

171 1546 270 1589 dant
304 1547 439 1602 primo
473 1543 550 1588 sub
582 1556 672 1588 6311.
713 1543 974 1597 tow-1075,
1007 1548 1047 1587 et
1069 1543 1148 1586 alia
1167 1543 1492 1599 secundo‚quae
1516 1542 1806 1598 cognationem

172 1620 410 1673 supponunt
441 1617 531 1658 sive
566 1613 795 1657 naturalem
834 1627 905 1670 per
937 1626 1029 1657 can.
1068 1613 1191 1669 1076,
1230 1613 1357 1666 1077,
1381 1616 1470 1656 sive
1496 1611 1672 1655 naturali
1696 1612 1809 1654 simi-

175 1686 255 1730 lem
291 1700 362 1743 per
395 1698 485 1730 can.
521 1685 782 1728 1078-1080.

294 1757 391 1800 464.
429 1759 831 1814 Impedimentum
864 1758 1062 1802 aetatis.
1097 1781 1149 1786 —
1189 1755 1379 1810 Quatuor
1411 1759 1507 1798 sunt
1540 1755 1676 1810 capita
1711 1754 1813 1794 iuris

175 1828 455 1872 Decretalium
487 1827 565 1871 sub
589 1826 669 1870 tit.⁰
708 1842 728 1868 «
752 1826 810 1870 De
834 1827 1153 1883 desponsatione
1179 1826 1445 1883 impuberum
1466 1842 1485 1866 ))
1518 1823 1601 1882 (tv,
1624 1824 1681 1881 Ξ),
1705 1836 1813 1881 quae

175 1899 382 1943 illustrant
416 1900 478 1942 ius
513 1898 768 1954 praecedens
801 1899 911 1941 61163
937 1897 1174 1941 huiusmodi
1200 1897 1560 1954 impedimentum.
1584 1894 1747 1939 Scilicet
1774 1896 1813 1936 in

177 1983 265 2026 cap.
304 1970 325 2012 2
362 1971 583 2026 incipiente
621 1984 642 2010 <r
665 1968 741 2013 Ubi
777 1982 856 2012 non
891 1973 952 2012 est
985 1981 1253 2013 consensus...
1299 1968 1535 2024 (legitur)...
1579 1966 1817 2010 Districtius

179 2040 429 2095 inhibemus,
463 2053 513 2083 ne
546 2039 690 2097 aliqui,
723 2053 902 2097 quorum
938 2044 1113 2097 uterque
1140 2039 1203 2083 vel
1228 2039 1407 2083 alterati
1435 2042 1611 2082 aetatem
1638 2036 1816 2093 legibus,

182 2112 243 2156 vel
280 2111 508 2155 canonibus
539 2111 861 2154 determinatam
895 2123 974 2153 11611
1001 2112 1250 2167 pervenerit,
1273 2112 1594 2166 coniungantur.
1619 2106 1815 2164 (vigebat

180 2196 279 2240 ergo
311 2182 391 2226 tale
427 2182 770 2238 impedimentum
817 2184 905 2224 iure
951 2181 1145 2237 humano,
1196 2183 1278 2224 imo
1316 2182 1589 2224 confirmatur
1621 2193 1669 2222 eo
1703 2179 1815 2235 quod

180 2253 414 2311 subditur):
449 2253 533 2297 Nisi
569 2254 672 2296 forte
706 2252 850 2309 aliqua
881 2254 1173 2308 urgentissima
1207 2254 1453 2296 necessitate
1486 2252 1813 2294 interveniente:

182 2330 322 2381 utpote
357 2337 429 2381 pro
465 2323 570 2368 bono
606 2325 718 2380 pacis
741 2323 834 2366 talis
856 2325 1093 2367 coniunctio
1118 2322 1388 2368 tolleretur».
1422 2322 1532 2379 Ergo
1551 2321 1820 2379 quandoque7

182 2398 256 2440 etsi
294 2395 413 2439 valde
448 2408 554 2443 raro,
589 2394 930 2451 dispensandum.
966 2418 1019 2425 ——
1054 2394 1133 2438 Sed
1175 2407 1253 2438 non
1297 2407 1462 2451 semper
1502 2392 1690 2450 urgebat,
1723 2404 1819 2435 nam

184 2470 272 2511 iure
305 2471 527 2523 exceptum
563 2467 660 2509 fuit:
698 2467 775 2509 «si
809 2470 986 2509 aetatem
1021 2467 1060 2508 in
1097 2465 1232 2522 puella
1265 2478 1372 2523 quae
1415 2464 1567 2509 nubilis
1610 2477 1690 2507 non
1734 2467 1822 2507 erat

184 2540 330 2582 aetatis
364 2537 580 2594 prudentia
615 2536 879 2594 supplebat»
921 2538 958 2579 in
994 2549 1082 2592 cap.
1123 2535 1278 2580 «Tuae
1311 2535 1477 2580 Nobis»
1517 2536 1568 2578 14
1606 2535 1691 2592 (cit.
1725 2533 1825 2590 tit),

185 2622 256 2652 seu
291 2613 334 2652 ut
367 2608 544 2665 legimus
578 2610 616 2650 in
653 2619 744 2663 cap.
779 2609 802 2649 9
843 2623 863 2648 a
887 2606 945 2650 De
981 2607 1060 2650 illis
1093 2609 1163 2665 qui
1198 2609 1237 2651 in
1274 2609 1433 2651 minore
1475 2612 1608 2651 aetate
1652 2606 1824 2663 despon-

185 2684 370 2724 santur...
406 2679 723 2734 respondemus,
758 2678 867 2735 quod
903 2680 934 2721 si
972 2680 1024 2721 ita
1059 2679 1210 2721 suerint
1243 2681 1365 2722 aetati
1403 2680 1594 2735 proximi,
1619 2677 1729 2735 quod
1756 2690 1823 2733 po-

187 2751 341 2793 tuerint
373 2748 521 2805 6611613
554 2748 710 2792 63111311
745 2750 956 2805 coniungi,
992 2750 1163 2792 minoris
1194 2751 1340 2792 aetatis
1359 2751 1508 2792 intuitu
1532 2749 1717 2805 separari
1742 2760 1822 2790 non

188 2819 354 2876 debent,
388 2821 420 2862 si
457 2832 561 2862 unus
596 2821 634 2862 in
669 2819 794 2862 alium
833 2821 945 2862 visus
980 2820 1103 2862 suerit
1134 2822 1405 2872 consensisse,
1440 2833 1534 2864 cum
1570 2821 1692 2862 ineis
1715 2823 1826 2862 aeta·

189 2896 269 2934 tem
306 2889 565 2947 supplevisse
600 2889 754 2933 malitia
792 2889 982 2933 videatur
1005 2906 1044 2931 ».
1078 2889 1191 2934 Haec
1225 2896 1342 2934 613111
1374 2893 1433 2934 516
1466 2893 1700 2945 constituta,
1726 2891 1823 2947 qnia
