1971 3261
132 138 224 176 Can.
251 138 323 173 980
711 138 796 172 TIT.
827 138 890 172 Vl.
919 159 927 163 -
957 139 1012 173 De
1043 140 1186 174 Ordine
1686 140 1760 174 409

130 257 254 294 etesiae
291 257 362 291 sint
401 257 604 302 mancipati,
630 268 669 290 ex
697 257 796 291 cuius
834 258 974 292 servitio
999 262 1030 292 et
1057 258 1288 304 eleemosynis
1314 270 1334 293 a
1362 259 1427 304 piis
1461 258 1755 296 Cliristifidelibus

129 315 340 361 elargiendis
364 315 577 351 substentari
597 315 739 361 possint,
755 320 786 350 et
805 315 849 350 ab
867 316 986 350 cadem
1010 316 1158 352 Ecclesia
1184 317 1281 352 nullo
1307 329 1461 363 unquam
1491 323 1643 364 tempore
1660 329 1755 354 amo-

131 375 198 410 veri
228 374 278 410 vel
306 374 370 420 ipsi
399 374 557 410 recedere
583 379 770 419 nequeant,
800 375 864 408 nisi
892 375 992 409 alitor
1017 376 1066 409 eis
1095 376 1267 421 provisum
1298 377 1397 411 suerit
1420 392 1448 411 υ.

247 434 297 468 ΑΛ
331 433 475 468 dubium
514 433 629 479 itaque
660 448 672 463 «
697 432 767 468 Xll.
798 432 916 469 [trum
953 439 982 468 ct
1019 435 1163 480 quinam
1200 436 1320 470 titulus
1350 437 1391 470 ad
1419 448 1463 470 ss.
1491 435 1651 477 Ordines
1682 441 1755 482 post

129 491 248 528 Coust.
277 490 428 539 Sapienti
452 492 604 532 consilio,
633 492 877 536 subrogandus
903 498 944 526 sit
974 493 1072 527 titulo
1100 493 1285 528 ,llas-sionis.
1317 495 1427 540 quoad
1455 494 1617 529 alumnos
1644 495 1754 530 Colle·

127 551 276 595 giorum,
305 551 347 586 de
372 551 499 596 quibus
526 562 676 597 supra...
698 550 819 585 Emmi.
842 551 903 585 ΡΙ).
926 552 960 584 S.
984 551 1021 586 C.
1044 552 1195 587 Cous...
1217 554 1469 598 responderunt
1493 581 1514 588 ..
1536 554 1585 588 Ad
1607 553 1676 588 Xll.
1697 555 1753 589 At-

130 609 313 645 firmative.
333 614 365 645 et
383 609 645 654 subrogandum
672 620 747 645 csse
773 610 913 644 titulum
940 610 1071 645 servitii
1099 609 1264 646 Ecclesiae
1292 612 1389 646 titulo
1418 612 1599 648 missionis.
1620 613 1755 658 quoties

126 669 216 704 atius
242 669 434 705 canonicus
461 669 583 704 titulus
609 669 709 711 desit,
724 669 869 704 servatis
887 669 930 704 de
951 670 1023 704 iure
1042 670 1234 708 servandis.
1251 676 1349 716 prout
1371 671 1403 705 in
1425 672 1590 718 rescripto
1609 671 1641 708 S.
1658 671 1697 707 Η.
1713 670 1751 706 C.

128 739 188 774 pro
216 728 395 769 Hibernia,
424 729 491 764 diei
526 728 568 762 27
611 729 691 764 Maii
736 727 844 766 tetum
881 728 977 763 salvo
1017 729 1116 763 titulo
1155 729 1323 764 missionis
1363 741 1421 776 pro
1458 731 1624 773 alumnis,
1651 732 1708 776 qui
1735 744 1754 766 a

127 787 162 821 S.
192 787 318 833 Congr.
345 787 386 823 de
415 787 513 833 Prop.
540 788 790 834 dependent».
819 787 1045 822 Memoratum
1086 789 1290 833 rescriptum
1332 790 1381 823 sic
1421 791 1565 825 refertur
1585 793 1616 825 ¹:
1655 805 1668 822 «
1692 790 1758 826 l'ro

127 846 238 886 ,uratia
262 846 304 881 ad
333 846 617 892 quinquennium
645 848 678 888 (a
708 846 749 881 27
779 846 858 881 Maii
892 845 1017 890 1909);
1048 852 1082 881 ut
1112 847 1145 880 iu
1173 848 1337 882 omuibus
1371 853 1401 883 et
1437 849 1585 893 singulis
1622 850 1755 885 dioece-

126 905 222 940 sibus
250 904 450 941 Hiberniac.
479 905 610 949 clerici,
639 906 773 951 quoties
811 905 929 951 aliquo
967 906 1136 940 canonico
1163 906 1261 941 titulo
1287 913 1440 945 careant,
1466 908 1507 942 ad
1536 920 1579 942 ss.
1609 909 1756 944 maiores

127 962 279 1001 Ordines
318 966 508 1011 promoveri
549 970 679 1011 queant
718 964 818 1000 titulo
855 964 986 999 servitii
1010 963 1190 1001 Ecclesiae.
1222 966 1282 1000 boc
1313 972 1362 1001 est
1398 967 1574 1002 dioecesis.
1602 966 1752 1003 Cavcaut

121 1029 241 1060 autem
270 1025 444 1069 singuli...
477 1024 647 1071 Episcopi,
676 1029 725 1062 ut.
753 1024 811 1070 qui
841 1024 888 1059 ita
915 1024 1060 1069 promoti
1089 1030 1182 1059 sunt.
1213 1025 1376 1061 honestae
1411 1027 1675 1062 sustentationis
1702 1039 1754 1062 ra—

126 1083 281 1118 tionibus
307 1095 375 1118 uon
404 1088 558 1126 careant.
588 1088 621 1118 et
649 1088 683 1118 ut
713 1083 746 1121 ii.
774 1083 831 1128 qui
861 1083 953 1118 iuxta
980 1082 1017 1118 C.
1043 1082 1269 1130 Speculatores
1295 1089 1325 1119 et
1352 1085 1487 1120 decreta
1515 1086 1549 1120 S.
1577 1086 1615 1121 C.
1644 1087 1752 1122 Couc.

125 1143 475 1178 deexcardinatione
501 1148 533 1178 et
559 1154 586 1177 s.
613 1143 833 1178 ordinatione
861 1145 971 1186 (nunc
1002 1143 1045 1178 ad
1081 1143 1217 1178 Codicis
1251 1149 1421 1187 tenorem)
1448 1145 1489 1179 ad
1518 1145 1753 1181 iuramentum

128 1202 374 1247 praestandum
402 1206 576 1241 tenentur,
597 1202 677 1237 huic
703 1201 920 1247 obligationi,
941 1206 1040 1247 prout
1070 1202 1114 1236 ibi
1146 1204 1396 1248 praescriptum
1423 1210 1487 1247 est⁷
1508 1209 1539 1239 et
1559 1216 1627 1240 non
1649 1205 1749 1240 ultra.

124 1261 343 1296 satisfaciant
366 1275 394 1295 υ.
415 1260 478 1296 Pro
504 1261 568 1296 isto
596 1272 674 1296 vero
701 1261 801 1296 titulo
828 1261 1064 1296 iuramentum
1094 1272 1161 1296 non
1190 1262 1380 1307 requiritur
1405 1263 1446 1297 de
1472 1274 1540 1308 quo
1565 1264 1756 1299 emittendo

127 1330 186 1366 pro
212 1320 390 1355 missionis
417 1320 517 1355 titulo
544 1320 707 1355 vidimus.
734 1320 823 1355 sicut
848 1325 993 1366 apparet
1019 1321 1053 1354 in
1082 1320 1291 1356 resolutione
1311 1320 1344 1355 S.
1360 1320 1397 1356 C.
1413 1321 1516 1357 Cons.
1538 1324 1579 1357 ad
1607 1323 1752 1358 dubium

130 1393 144 1410 α
164 1378 254 1414 xiv.
286 1378 406 1415 L'trum
443 1379 557 1415 clerici
586 1378 748 1414 Statuum
788 1378 1051 1415 Foederatorum
1093 1380 1271 1415 Americae
1310 1380 1609 1426 Septentrionalis‚
1636 1384 1693 1428 qui
1723 1383 1752 1416 vi

127 1438 310 1484 peculiaris
337 1439 478 1476 indulti,
507 1450 527 1474 a
554 1437 589 1473 S.
621 1439 719 1474 Pout.
752 1450 809 1484 per
836 1438 1064 1475 Secretariam
1093 1438 1210 1474 Status
1236 1440 1292 1475 die
1317 1440 1337 1474 ⁵2
1365 1441 1438 1475 lan.
1473 1440 1558 1475 1909
1583 1443 1751 1485 concessi,

126 1501 373 1543 promoventur
397 1498 440 1532 ad
468 1509 512 1532 ss,
541 1495 692 1533 Ordines
731 1498 832 1532 titulo
869 1498 1000 1533 servitii
1041 1497 1222 1540 Ecclesiae,
1249 1504 1435 1534 teneantur
1471 1499 1629 1535 emittere
1664 1501 1753 1535 iura-

125 1562 282 1592 mentum
309 1567 385 1592 sese
412 1557 637 1603 mancipandi
667 1557 808 1592 servitio
833 1568 916 1592 suae
943 1556 1114 1593 Ecclesiae
1141 1569 1199 1593 seu
1226 1558 1435 1593 dioecesis...
1454 1559 1504 1593 Ad
1533 1558 1620 1594 xlv.
1647 1559 1754 1604 Nega-

123 1615 204 1656 tive‚
231 1615 297 1650 nisi
325 1616 367 1651 ad
396 1616 429 1651 id
456 1616 645 1661 adigantur
672 1616 706 1650 in
734 1616 874 1651 casibus
899 1627 919 1651 a
945 1616 1019 1651 iure
1045 1616 1222 1651 communi
1253 1618 1491 1664 praescriptis:
1523 1619 1609 1653 facta
1636 1624 1752 1654 tamen

123 1674 334 1720 obligatione
372 1675 541 1712 alumnis.
571 1676 628 1721 qui
669 1676 820 1721 gratuito
857 1676 890 1710 in
928 1676 1058 1711 bonum
1097 1676 1264 1712 dioecesis
1300 1677 1454 1719 aluntur,
1489 1678 1752 1723 promissionem

123 1735 288 1781 scriptam
315 1735 513 1779 emittendi.
543 1746 617 1771 sese
644 1735 790 1771 fideliter
817 1736 1044 1771 inservituros
1070 1747 1143 1772 esse
1172 1736 1328 1782 propriae
1354 1736 1498 1771 dioecesi
1521 1751 1549 1772 ».

241 1795 298 1837 (A.
321 1793 356 1829 S.
379 1793 414 1830 S.
437 1793 495 1829 Xll
522 1806 550 1840 p.
571 1793 668 1830 659).
698 1809 712 1826 a
734 1794 848 1830 Titulo
873 1795 1192 1831 administrationis
1220 1796 1426 1841 intelligitur
1451 1796 1638 1832 destinatio
1663 1797 1756 1832 ordi-

123 1853 232 1889 nandi
259 1854 302 1889 ad
330 1854 453 1889 munia
477 1854 724 1895 ecclesiastica,
747 1854 804 1889 ubi
827 1854 993 1901 Episcopo
1012 1855 1197 1892 videbitur.
1215 1855 1375 1890 obeunda
1395 1867 1472 1890 cum
1501 1856 1574 1890 iure
1599 1856 1642 1890 ad
1672 1868 1753 1901 peu-

122 1913 256 1948 sionem
291 1918 541 1958 congruentem
583 1925 644 1960 pro
684 1914 939 1950 sustentatione
964 1925 1003 1949 ex
1032 1914 1185 1951 fidelium
1225 1914 1460 1949 oblationibus
1499 1915 1748 1961 recipiendam.

123 1972 312 2008 dummodo
337 1983 375 2008 ex
403 1984 466 2008 sua
504 1973 607 2019 culpa
646 1973 814 2009 inhabilis
839 1974 881 2009 ad
910 1974 970 2009 illa
1007 1974 1121 2009 officia
1149 1985 1218 2009 non
1248 1974 1410 2009 reddatur
1433 1990 1460 2007 ι).
1494 1974 1538 2009 De
1565 1975 1626 2009 hoc
1653 1975 1756 2010 titulo

121 2031 250 2066 dicitur
268 2031 302 2066 in
325 2031 429 2067 Dec.is
449 2029 554 2067 Conc.
575 2031 670 2068 Plen.
689 2032 868 2068 Americae
890 2032 1031 2068 Latinae
1050 2044 1084 2068 u.
1104 2031 1192 2068 58⁶2:
1218 2048 1231 2064 «
1254 2032 1289 2067 ln
1313 2033 1438 2068 uostris
1457 2034 1657 2078 regionibus
1683 2035 1753 2068 suf-

125 2090 195 2125 ficit
220 2090 343 2126 titulus
379 2091 698 2126 administrationis
736 2102 796 2126 seu
836 2092 1021 2127 ministerii
1063 2092 1134 2128 sive
1174 2092 1303 2127 servitii
1343 2092 1520 2132 Ecclesiae,
1550 2092 1644 2128 iuxta
1672 2092 1749 2127 Dec.

123 2147 157 2185 S.
185 2147 222 2185 C.
249 2148 283 2185 C.
312 2149 378 2185 diei
408 2149 445 2184 21
477 2149 554 2185 lun.
589 2148 674 2184 1879
696 2164 711 2182 »
745 2150 966 2186 ...videlicet:
999 2165 1013 2181 α
1034 2152 1085 2185 An
1117 2151 1231 2196 praxis
1259 2150 1429 2186 Ecclesiae
1455 2151 1496 2186 de
1523 2149 1674 2197 Cbiapas
1701 2151 1751 2186 tin

124 2208 267 2250 Mexico)
295 2206 448 2244 Clericos
473 2209 515 2244 ad
554 2221 600 2243 ss.
629 2209 781 2250 ordines,
807 2209 908 2244 titulo
934 2209 1249 2245 Administrationis
1277 2210 1518 2255 promovendi,
1547 2211 1753 2246 sustinenda

122 2266 165 2300 sit
193 2266 227 2300 in
255 2266 414 2302 οῆεηἎΡ..
450 2265 485 2302 S.
516 2266 553 2303 C.
580 2266 663 2303 C.
685 2268 896 2314 respondere
922 2268 1078 2303 censuit:
1108 2268 1326 2303 Affirmatixe
1346 2282 1375 2303 ι).

239 2326 490 2361 Adnotandum
518 2327 608 2372 quod
637 2326 766 2361 ibidem
787 2327 889 2363 refert
909 2327 1098 2373 Episcopus
1117 2327 1160 2362 ab
1180 2327 1448 2373 Archiepiseopo
1466 2327 1645 2364 Mox-teano
1671 2339 1752 2363 con-

124 2384 322 2420 firmatum:
356 2400 370 2417 α
392 2385 510 2421 Praxis
544 2387 729 2432 ordinandi
764 2387 806 2422 ad
843 2387 935 2422 bunc
972 2387 1110 2422 titulum
1147 2398 1261 2422 sacros
1296 2387 1475 2423 ministros
1500 2388 1544 2423 ab
1571 2388 1752 2423 immemo-

121 2443 197 2479 riali
228 2444 456 2490 proficiscitur
481 2449 636 2491 tempore
656 2458 694 2488 1›;
722 2446 811 2492 quod
838 2457 912 2482 esse
937 2446 1163 2481 asserendum
1183 2446 1225 2481 de
1242 2446 1407 2481 omnibus
1423 2447 1602 2483 Americae
1622 2447 1754 2483 latinae

121 2502 322 2548 regionibus
347 2508 451 2539 testes
476 2509 559 2539 sunt
588 2504 649 2539 ΡΡ.
680 2502 786 2540 Cone.
818 2505 912 2540 Plen.
939 2505 1106 2551 implicite
1142 2505 1292 2551 idipsum
1330 2505 1364 2539 in
1401 2506 1622 2552 praelaudato
1651 2505 1750 2542 θεοῦ

120 2561 339 2598 confitentes.

241 2659 338 2704 333.
370 2662 518 2706 Tituli
551 2675 590 2706 s.
623 2663 949 2707 ordinationis
992 2675 1054 2706 ex
1097 2663 1201 2706 iure
1243 2663 1643 2717 supplementari.
1695 2687 1747 2692 —

127 2728 226 2771 Can.
261 2732 361 2773 981.
396 2732 421 2784 ἓ
456 2731 492 2773 1.
529 2731 573 2774 Si
606 2746 657 2774 ne
692 2745 798 2774 rmus
832 2731 995 2789 quictem
1032 2745 1077 2773 er
1115 2730 1253 2773 titulis
1291 2744 1433 2775 sacrae
1476 2732 1748 2776 ordinationis

241 2884 252 2906 ¹
279 2882 439 2918 Ibidem.
470 2884 546 2921 CO.
573 2885 604 2926 1,
634 2886 714 2921 682.
