1971 3261
153 178 249 214 Gan.
278 178 371 213 1004
735 178 820 213 ΤΙΤ.
850 179 917 213 VI.
947 199 958 205 -
985 179 1041 214 De
1073 180 1217 214 Ordine
1729 182 1798 217 473

153 296 203 340 Et
226 296 303 340 hoc
338 298 376 339 in
412 309 449 341 n.
484 295 553 339 Vll
588 299 673 353 ipse
710 296 958 340 Benedictus
993 296 1081 340 XlV
1109 297 1310 353 implicite
1335 298 1526 353 admittit,
1549 300 1656 356 quod
1688 300 1796 344 valet

151 367 204 410 de
237 366 328 409 aliis
363 366 572 410 Ecclesiae
605 366 818 410 orientalis
853 367 999 411 ritibus
1032 367 1247 411 ‘Armenis
1270 370 1490 424 exceptis),
1512 372 1622 413 iuxta
1654 373 1793 427 vigon-

153 441 235 480 tem
269 437 534 494 disciplinam
567 450 588 481 a
624 438 730 482 Sede
765 438 1002 494 Apostolica
1051 438 1283 495 probatam.
1320 465 1372 470 --
1408 438 1672 497 Quapropter
1719 444 1792 485 etsi

149 506 288 552 Codex
327 513 458 552 taceat
492 508 543 551 de
567 508 810 565 supplendis
833 509 1078 563 defectibus,
1103 523 1210 567 quae
1247 512 1283 552 in
1308 513 1438 553 sacris
1462 512 1794 556 ordinationibus

150 582 322 622 evenire
355 584 525 637 queunt,
559 592 607 622 eo
641 579 751 637 quod
790 585 958 636 propter
992 593 1082 625 can.
1123 581 1233 624 1002
1266 593 1358 624 raro
1392 586 1429 624 ct
1465 587 1629 637 praeter
1662 585 1791 626 inten-

151 652 303 693 tionem
338 650 532 694 accidere
564 649 757 705 debeant,
792 655 915 706 atquc
951 655 1048 693 tunc
1080 651 1147 695 SS.
1181 650 1559 708 Congregationmn
1586 655 1792 698 servanda

150 725 210 764 est
245 721 584 775 iurisprudentia‚
619 734 725 778 quae
758 734 778 764 a
816 721 999 778 probatis
1034 722 1288 766 Auctoribus
1325 736 1360 767 V.
1396 737 1456 780 gr.
1492 724 1541 766 cl.
1573 722 1692 768 Card.
1718 724 1793 769 Ga-

149 794 297 848 sparri‚
332 793 502 846 Wernz,
537 791 659 848 Many
692 797 798 835 esset
833 792 1046 847 discenda,
1074 793 1136 836 vel
1162 806 1305 837 earum
1336 797 1538 838 sententia
1564 797 1601 838 in
1627 796 1792 840 casibus

149 862 401 918 expetenda3
435 867 616 906 attamen
661 862 712 906 de
760 863 1002 919 supplendis
1037 877 1114 907 non
1153 864 1382 920 partialiter
1415 866 1550 922 quoad
1589 869 1711 909 ritum
1752 872 1792 911 et

148 935 447 986 caeremonias,
480 934 550 977 sed
587 947 636 976 ex
673 935 834 990 integro
870 933 1100 978 minoribus
1134 934 1363 987 ordinibus,
1398 936 1554 994 absque
1604 937 1684 981 ulla
1722 941 1792 981 mi-

146 1006 262 1047 nistri
284 1004 534 1061 negligentia
562 1004 836 1060 praecedente
860 1004 921 1048 vel
948 1005 1127 1059 defectu,
1148 1005 1366 1062 oportebat
1385 1007 1617 1056 consulere,
1643 1022 1788 1065 quam-

148 1076 209 1117 vis
246 1088 324 1117 non
363 1076 602 1132 frequenter
637 1075 674 1118 id
710 1077 890 1128 eveniat,
926 1080 965 1118 et
999 1078 1052 1118 ita
1099 1076 1281 1131 providit
1326 1091 1399 1132 per
1442 1092 1532 1122 carr
1570 1081 1701 1123 1004.
1748 1079 1791 1123 Si

146 1145 253 1203 quis,
287 1145 376 1188 ritu
409 1144 614 1188 orientali
647 1145 703 1188 ad
736 1145 903 1203 aliquos
938 1145 1110 1189 ordines
1129 1146 1306 1190 scilicet:
1343 1149 1471 1203 ipsam
1499 1151 1675 1205 primam
1702 1154 1787 1193 ton-

143 1229 299 1268 suram,
336 1216 397 1259 vel
435 1229 564 1274 usque
589 1216 638 1259 ad
677 1216 1013 1273 presbyteratum
1050 1230 1216 1274 quoque
1251 1217 1337 1260 iam
1368 1224 1587 1275 promollls
1622 1234 1645 1262 a
1680 1219 1790 1264 Sede

144 1286 386 1345 Apostolica
421 1301 493 1343 per
525 1288 563 1332 S.
589 1286 738 1344 Congr.
766 1301 838 1344 pro
870 1287 1056 1331 Ecclesia
1082 1288 1271 1332 orientali
1296 1289 1346 1332 ad
1373 1302 1560 1333 normam
1587 1304 1676 1334 can.
1705 1292 1786 1335 257

141 1357 199 1416 §g
226 1358 259 1408 1,
286 1357 308 1400 2
346 1357 557 1400 indultam
591 1357 838 1409 obtinuerit,
871 1371 953 1415 quo
993 1358 1182 1415 indigere
1222 1359 1423 1415 implicite
1446 1364 1660 1416 asseritur,
1679 1365 1788 1406 sicut

142 1430 318 1472 asseruit
351 1430 474 1472 etiam
510 1428 662 1473 Bened.
700 1427 789 1471 Xtv
827 1428 901 1472 loc.
936 1429 1280 1487 cit.,superi0res
1314 1432 1392 1473 iam
1416 1434 1593 1488 receptis
1616 1432 1787 1476 ordines

140 1498 401 1557 suscipiendi
434 1499 522 1542 ritu
546 1498 698 1554 latino,
722 1499 917 1557 equidem
944 1499 995 1543 ab
1021 1500 1142 1543 buius
1166 1502 1269 1544 ritus
1292 1500 1495 1559 Episcopo
1519 1503 1567 1546 ad
1596 1517 1786 1548 normam

141 1581 230 1612 can.
269 1569 380 1612 ‘1002
417 1568 470 1613 ibi
524 1572 854 1626 interpretatam,
904 1569 1021 1613 debet
1061 1570 1185 1628 prius
1217 1571 1305 1613 ritu
1340 1571 1488 1627 latino,
1526 1575 1563 1616 in
1600 1587 1680 1631 quo
1724 1574 1781 1618 di-

139 1641 287 1684 stincta
321 1640 583 1684 ordinatione
616 1644 775 1696 septem
809 1641 977 1684 ordines
1001 1642 1272 1685 conferuntur
1294 1643 1482 1699 singulis,
1507 1644 1695 1702 recipere
1717 1659 1780 1688 or-

137 1709 257 1754 dines
293 1713 485 1767 minores,
522 1725 622 1769 quos
657 1711 744 1754 ritu
777 1711 982 1755 orientali
1014 1726 1097 1755 non
1129 1712 1349 1770 receperit,
1385 1717 1580 1771 quamvis
1615 1729 1690 1760 nec
1713 1730 1778 1760 su-

139 1783 346 1837 periorem
382 1781 461 1824 illis
493 1781 630 1825 adbuc
665 1784 904 1838 recepisset,
941 1787 1065 1840 atque
1100 1782 1196 1826 binc
1220 1783 1391 1826 Armeni
1419 1783 1494 1827 boc
1519 1797 1677 1829 canone
1701 1799 1779 1829 non

138 1851 566 1909 comprehenduntur.

254 1939 375 1983 Quoad
402 1944 534 1975 ceteros
562 1939 688 1975 Bened.
721 1939 796 1975 XlV
825 1940 887 1976 loc.
917 1941 976 1975 cit.
1011 1946 1179 1976 «certam
1209 1942 1314 1977 tradit
1343 1942 1500 1987 regulam
1535 1943 1570 1977 in
1605 1948 1779 1989 posterum

137 1998 398 2040 servandam»,
428 1998 477 2034 sic
505 2009 564 2044 pro
590 1998 835 2035 Italo—Graecis
870 2000 1078 2035 decernens:
1111 2001 1172 2034 «si
1202 2001 1280 2047 quis
1310 2001 1379 2036 ritu
1415 2012 1537 2046 graeco
1576 2002 1723 2038 clericus
1749 2008 1782 2039 et

136 2057 256 2094 Lector
276 2062 413 2093 tantum
430 2058 494 2093 fuit
514 2058 684 2099 initiatus,
716 2059 743 2093 is
761 2063 952 2105 antequam
974 2059 1212 2096 subdiaconus
1230 2061 1412 2096 ordinetur
1432 2076 1461 2101 υ,
1482 2062 1539 2107 qui
1557 2061 1649 2108 apud
1668 2062 1781 2098 orien—

135 2117 240 2152 talem
268 2116 457 2152 Ecclesiam
489 2121 540 2152 est
567 2117 768 2153 immediate
794 2118 1012 2164 subsequens
1038 2119 1121 2154 ordo
1149 2120 1276 2160 minor,
1307 2134 1321 2152 (ι
1348 2125 1416 2155 tres
1445 2121 1597 2157 minores
1629 2119 1781 2157 Ordines

135 2176 282 2211 omissos
306 2175 408 2212 debet
434 2176 501 2211 ritu
530 2176 638 2212 latino
665 2177 853 2223 suscipere.
883 2175 918 2212 Si
949 2189 1039 2219 vero,
1071 2183 1205 2224 praeter
1234 2178 1383 2214 Lectoris
1410 2180 1583 2215 ordinem.
1611 2181 1655 2216 ad
1688 2180 1778 2216 Sub·

135 2235 360 2270 diaconatum
387 2235 493 2271 etiam
519 2246 644 2280 graeco
678 2236 747 2270 ritu
773 2236 945 2280 ascendit,
983 2241 1173 2283 antequam
1209 2237 1301 2274 inter
1338 2237 1509 2274 Diaconos
1545 2239 1628 2282 (ritu
1656 2239 1779 2283 latino)

136 2298 323 2340 cooptetur,
351 2305 390 2330 ex
418 2294 615 2330 minoribus
641 2295 827 2330 ordinibus
853 2296 956 2340 (ritus
984 2296 1101 2341 latini)
1136 2296 1386 2332 Exorcistatum
1424 2300 1667 2334 tantummodo
1700 2311 1780 2345 sup-

137 2353 230 2399 plere
255 2353 400 2398 cogitur,
426 2364 506 2389 cum
546 2365 605 2400 per
639 2353 940 2390 Subdiaconatum
980 2366 1103 2400 graeco
1133 2356 1202 2391 ritu
1237 2356 1415 2398 collatum,
1452 2357 1711 2404 Acolytbatum‚
1748 2363 1780 2393 et

135 2410 351 2448 Ostiaratum
379 2412 550 2459 recepisse
576 2418 760 2448 censeatur
779 2428 811 2454 »,
843 2418 959 2460 utpote
986 2414 1043 2460 qui
1066 2415 1100 2449 in
1122 2414 1180 2450 illo
1200 2414 1394 2451 virtualiter
1415 2417 1655 2454 continentur,
1678 2421 1779 2463 prout

132 2471 266 2506 eruitur
291 2482 330 2507 ex
360 2472 469 2507 forma
495 2472 728 2508 ordinationis
755 2472 992 2514 Subdiaconi;
1022 2485 1092 2509 non
1121 2474 1202 2509 item
1230 2475 1469 2510 exorcistatus.
1501 2489 1514 2507 <‹
1538 2476 1630 2511 ldem
1658 2477 1775 2512 dicen-

131 2530 216 2566 dum
243 2531 284 2566 de
306 2541 357 2572 eo,
384 2530 442 2577 qui
471 2542 542 2566 una
567 2542 647 2567 cum
674 2532 818 2578 reliquis
845 2532 1072 2568 inferioribus
1098 2531 1306 2574 Ordinibus,
1328 2533 1556 2570 Diaconatum
1585 2540 1645 2570 aut
1671 2536 1777 2571 etiam

134 2588 418 2636 presbyteratum
458 2601 580 2635 graece
617 2591 786 2637 suscepit,
814 2596 847 2627 et
875 2591 984 2627 latino
1013 2597 1129 2638 postea
1155 2592 1223 2627 ritu
1251 2593 1294 2627 ad
1334 2604 1472 2628 sacrum
1510 2593 1775 2640 Presbyteratus

131 2648 321 2694 respective
346 2649 518 2692 ordinem,
544 2654 604 2685 aut
632 2649 877 2696 Episcopatum
906 2651 1163 2697 promovendus
1185 2651 1243 2694 sit,
1263 2663 1303 2687 ex
1321 2653 1510 2698 apostolica
1530 2654 1773 2689 concessione:

130 2707 301 2742 nimirum
329 2707 561 2744 Exorcistatus
587 2709 744 2745 ordinem
773 2711 810 2744 in
840 2710 925 2756 ipso,
952 2715 1143 2756 antequam
1172 2710 1355 2758 Presbyter
1381 2712 1574 2755 ordinetur,
1604 2717 1663 2748 aut
1696 2712 1773 2759 Epi—

131 2777 256 2813 scopus
283 2771 517 2810 consecretur‚
546 2778 620 2803 esse
646 2768 883 2814 supplendum
907 2783 939 2803 ».

253 2844 350 2888 386.
390 2846 462 2891 De
494 2859 641 2892 sacra
673 2849 1014 2893 communione
1047 2850 1363 2905 suscipienda
1396 2851 1442 2894 in
1477 2863 1657 2895 sacrae
1695 2863 1770 2895 or-

131 2916 399 2962 dinationis
442 2918 553 2962 ritu.
578 2942 631 2947 --
656 2916 813 2961 Auctor
845 2920 932 2974 ipse
957 2917 1056 2961 Lib.¹
1081 2918 1132 2962 de
1156 2918 1314 2963 Eccles.
1337 2919 1578 2963 Hierarcbia
1618 2932 1707 2976 cap.
1745 2919 1768 2962 3
