1971 3261
190 161 262 195 416
598 161 682 195 Lrss.
711 161 783 195 III.
810 181 823 187 -
849 162 959 196 PARS
983 162 1014 196 Ι.
1042 183 1054 187 -
1081 162 1137 197 De
1162 162 1427 199 Sam-amentis
1626 137 1719 200 Gan.
1745 165 1817 200 984

190 286 323 324 strare
368 279 545 322 Domino
589 282 626 322 in
661 280 796 323 officio
829 280 1024 325 clericali.
1064 279 1213 324 Verum
1249 281 1344 325 licet
1375 294 1396 325 a
1432 282 1526 326 liliis
1559 288 1726 339 paterna
1761 285 1815 326 in-

191 353 444 395 continentia
479 350 613 393 modis
645 349 837 394 omnibus
871 351 1136 407 propellenda
1170 357 1384 396 noscatur:
1421 352 1510 409 (hic
1544 353 1630 396 vult
1662 353 1816 407 dicere,

194 425 304 465 iuxta
339 420 548 464 Glossam:
585 420 679 464 licet
711 421 782 463 filii
816 423 894 464 sint
931 421 1155 478 repellendi
1190 428 1359 480 propter
1392 429 1601 480 paternam
1644 426 1815 468 inconti-

194 494 392 545 nentiam)
417 508 423 531 :
474 493 506 533 si
556 497 692 534 tamen
739 491 873 544 aliter,
921 492 1071 548 dignus
1118 495 1310 536 inventus
1358 495 1491 547 tuerit,
1541 496 1816 550 permittimus

195 566 325 619 ipsum
372 562 554 605 ordinari
605 564 642 603 in
683 562 973 605 clericum»...
1007 561 1124 606 Unde
1156 565 1343 620 sequitur
1375 564 1484 621 quod
1520 564 1590 607 tilii
1624 565 1814 621 sacrilegi

191 632 402 683 antedicti,
437 634 631 689 quamvis
664 634 790 688 geniti
825 634 977 676 suerint
1009 646 1056 676 ex
1098 647 1226 677 uxore
1271 633 1465 690 legitima.
1510 640 1649 691 utpote
1691 635 1815 678 ducta

193 704 457 746 matrimonio
490 707 584 746 ante
618 708 759 746 votum
798 708 1010 747 contracto
1032 717 1107 747 nec
1133 707 1300 761 propter
1323 705 1430 748 istud
1454 705 1600 753 soluto,
1625 705 1814 762 sacrilegi

191 778 329 817 tamen
365 778 504 829 utpote
527 776 653 829 geniti
679 787 773 817 cum
802 776 882 817 voti
902 774 1098 817 solemnis
1124 775 1358 832 violatione,
1383 778 1593 832 patiuntur
1617 776 1813 819 natalium

191 844 398 888 defectum
434 857 480 887 ac
512 849 752 901 sequentem
789 845 1151 900 irregularitatem.

310 916 442 958 Posita
481 929 577 958 vero
613 915 917 971 illegitimitate.
952 916 1051 958 nihil
1087 918 1209 960 refert
1241 917 1291 960 ad
1317 930 1505 960 normam
1530 920 1814 974 prosequentis

190 989 382 1030 canonis:
417 986 503 1029 sire
534 985 820 1043 illeyilinm'tas
852 986 907 1029 sit
936 986 1121 1043 publica,
1153 1001 1201 1030 eo
1239 988 1349 1045 quod
1371 988 1621 1044 generaliter
1642 989 1704 1031 vel
1727 988 1813 1044 plu-

191 1058 305 1100 ribus
339 1062 432 1100 nota
465 1059 529 1106 sit,
564 1057 650 1099 sive
666 1056 828 1100 occulta
850 1060 991 1113 paucis
1010 1063 1115 1103 uota.
1135 1056 1236 1102 Cum
1264 1071 1362 1101 vero
1386 1058 1654 1115 illegitimitas
1676 1059 1811 1116 quoad

190 1131 279 1171 eius
311 1128 481 1171 effectus
513 1131 734 1171 canonicos
769 1131 893 1184 possit
926 1129 1094 1181 auferri,
1127 1143 1174 1172 eo
1207 1130 1317 1187 quod
1351 1129 1392 1172 hi
1423 1143 1566 1173 omues
1601 1130 1663 1173 rel
1684 1132 1814 1173 maior

191 1212 333 1242 eorum
360 1212 453 1255 pars
479 1199 729 1245 relaxentur,
754 1199 868 1242 addit
891 1212 1021 1243 canon
1047 1202 1310 1256 exceptiones
1333 1199 1456 1243 huius
1473 1201 1812 1257 irregularitatis:

190 1269 274 1312 uisi
305 1269 469 1327 fuerint
500 1278 539 1323 a)
572 1269 812 1327 leyi'tiimzti,
852 1270 912 1313 vel
953 1283 1070 1327 «per
1107 1271 1363 1328 subsequens
1412 1277 1627 1328 parentum
1678 1273 1814 1314 matri-

192 1343 418 1383 monium»
458 1341 506 1383 ad
543 1354 729 1384 normam
764 1353 852 1384 can.
891 1341 1016 1389 1116,
1051 1346 1089 1384 et
1123 1347 1219 1385 tunc
1245 1344 1330 1398 ipso
1356 1345 1456 1393 iure,
1485 1342 1549 1386 vel
1572 1341 1623 1386 ab
1646 1342 1812 1386 homine

189 1414 368 1455 scilicet:
405 1425 477 1468 per
511 1414 755 1467 rescriptum
789 1413 906 1455 Sedis
939 1412 1201 1468 Apostolicae
1234 1415 1288 1456 ita
1323 1418 1366 1456 ut
1404 1429 1425 1454 α
1449 1415 1487 1455 in
1522 1413 1713 1457 omnibus
1745 1426 1811 1457 ae·
1842 1448 1843 1451 ,

189 1484 462 1540 quiparentur
496 1482 703 1538 legitimis.
740 1484 814 1524 nisi
850 1482 960 1525 aliud
996 1495 1190 1538 expresse
1223 1488 1389 1526 cautum
1427 1485 1549 1526 luerit
1574 1500 1592 1524 ))
1642 1486 1680 1526 in
1725 1486 1812 1527 iure

188 1555 293 1609 (can.
333 1552 476 1609 1117),
513 1552 553 1609 b)
587 1552 650 1595 vel
682 1559 774 1596 rota
808 1552 1028 1595 sollemnia
1060 1554 1257 1610 professi,
1292 1567 1339 1597 eo
1373 1554 1481 1611 quod
1508 1557 1545 1596 in
1571 1566 1661 1610 cap.
1688 1555 1705 1596 1
1734 1553 1810 1597 De-

189 1623 404 1667 cretalium
440 1626 577 1677 citato,
613 1629 699 1679 post
738 1623 884 1667 rerba:
927 1639 945 1664 <1
969 1624 1019 1667 ad
1053 1637 1193 1667 sacros
1225 1624 1391 1667 ordines
1425 1638 1502 1667 non
1537 1637 1810 1681 promorean-

190 1701 255 1738 tur
279 1712 316 1750 »,
351 1688 626 1738 subinfertur:
666 1710 685 1735 «
711 1697 785 1738 nisi
820 1700 887 1738 aut
926 1695 1113 1738 monachi
1154 1696 1266 1748 fiant,
1309 1695 1370 1739 vel
1411 1698 1450 1738 in
1490 1684 1811 1752 congregatione

189 1768 386 1810 canonica
431 1765 678 1822 regulariter
724 1768 933 1819 viventes,
981 1766 1274 1822 praelationem
1321 1779 1420 1809 vero
1463 1766 1697 1809 nullatenus
1741 1766 1810 1810 ba-

191 1838 310 1881 beant
335 1853 373 1880 )).
469 1839 479 1844 “

309 1931 345 1965 x'i
373 1942 452 1976 ergo
480 1932 582 1967 huius
609 1932 733 1978 capitis
758 1932 844 1968 tales
862 1932 1034 1975 illegitimi
1055 1933 1167 1967 adbuc
1184 1933 1456 1978 impediuntura
1477 1932 1685 1967 Praelaturis
1702 1932 1812 1978 ipsius

186 1989 289 2025 etiam
319 1989 464 2025 Ordinis
483 1992 508 2031 1,
538 2002 683 2036 nempe:
712 2002 731 2026 a
759 2002 903 2026 munere
930 1990 1125 2037 Superioris
1144 1991 1298 2029 maioris,
1319 1996 1351 2026 et
1372 1996 1545 2037 praeterea
1563 1991 1723 2036 quamvis
1740 1991 1811 2026 suf-

188 2048 308 2084 ficiens
347 2049 504 2084 videatur
527 2050 570 2085 ad
597 2051 834 2096 exceptionem
862 2050 1020 2085 habitum
1046 2050 1192 2086 induere
1216 2050 1350 2086 ordinis
1377 2049 1540 2095 religiosi,
1568 2055 1685 2085 tamen
1712 2048 1747 2086 S.
1773 2048 1810 2085 C.

187 2119 290 2154 super
316 2113 407 2143 statu
435 2108 660 2154 Regularium
680 2110 693 2131 2
720 2109 889 2155 implicite
918 2109 1105 2144 declaravit
1141 2109 1389 2155 professionem
1424 2109 1551 2154 requiri
1588 2108 1808 2150 sollemnem,

186 2167 328 2212 quando
363 2168 591 2212 interrogata:
633 2182 647 2199 «
675 2168 704 2202 2.
739 2167 886 2203 Possunt
915 2168 1147 2203 Provinciales
1173 2169 1377 2214 dispensare
1404 2178 1483 2203 cum
1511 2167 1651 2203 novitiis
1675 2167 1810 2203 defectu

189 2225 359 2260 natalium
387 2225 627 2261 laborantibus
653 2231 735 2262 ante
759 2226 984 2262 emissionem
1012 2232 1169 2262 votorum
1197 2226 1434 2267 sollemnium,
1464 2227 1507 2261 ad
1535 2227 1597 2261 hoc
1626 2231 1660 2260 ut
1688 2226 1741 2261 bis
1757 2237 1810 2261 or-

186 2284 287 2320 dines
301 2285 525 2321 conferantur
535 2286 565 2321 ἲ).
576 2311 597 2320 ..
612 2285 875 2321 rescribendum
891 2286 1125 2321 mandavit:
1141 2287 1192 2321 Ad
1208 2285 1239 2320 2.
1251 2286 1465 2321 Affirmative
1475 2296 1534 2331 pro
1547 2285 1657 2331 prima
1667 2290 1811 2321 tonsura

186 2348 219 2378 et
245 2344 385 2379 ordines
414 2345 575 2385 minores,
601 2350 802 2390 quantenus
828 2344 1061 2380 Provinciales
1086 2355 1125 2380 ex
1153 2345 1272 2391 Aplco.
1295 2344 1430 2379 indulto
1448 2344 1601 2389 legitime
1628 2349 1711 2383 (non
1731 2355 1811 2390 ergo

186 2402 236 2438 eis
261 2403 475 2448 competebat
503 2414 542 2439 ex
568 2403 658 2447 iure)
683 2404 859 2448 gaudeant
886 2403 1048 2439 facultate
1073 2403 1301 2450 dispensandi
1318 2415 1421 2450 super
1438 2403 1530 2438 dieta
1548 2403 1809 2448 irregularitate,

186 2471 296 2506 eaque
325 2466 482 2496 revocata
518 2472 587 2497 non
626 2462 727 2497 fuerit
747 2475 778 2495 ».
810 2461 920 2496 Etiam
948 2461 1033 2496 illud
1062 2462 1226 2507 probatur
1253 2462 1315 2496 hac
1343 2461 1488 2502 ratione,
1516 2461 1597 2507 quia
1623 2461 1728 2496 huius
1753 2461 1810 2496 de-

186 2519 324 2555 cretalis
349 2525 503 2566 tempore
529 2520 641 2556 solum
667 2525 740 2556 erat
765 2521 944 2556 sollemnis
959 2521 1124 2567 professio
1142 2520 1178 2555 in
1198 2520 1418 2556 Monasteriis
1436 2525 1467 2556 et
1486 2520 1811 2565 congregationibus

187 2578 365 2614 canonicis
380 2579 583 2624 regulariter
596 2579 808 2619 viventibus,
829 2591 916 2625 quae
934 2579 1074 2625 quidem
1093 2579 1279 2624 designant
1298 2577 1450 2615 Ordines
1469 2579 1604 2625 proprie
1622 2578 1809 2624 regulares.

305 2637 570 2682 lrregularitatis
599 2638 866 2674 fundamentum
892 2638 941 2673 sic
965 2649 985 2673 a
1006 2637 1042 2673 D.
1062 2638 1124 2673 Tb.
1143 2638 1290 2673 traditur
1307 2639 1331 2672 3.
1354 2652 1369 2670 <‹
1391 2630 1591 2684 Respondeo
1607 2637 1808 2682 dicendum,

186 2696 278 2741 quod
305 2696 454 2731 ordinati
476 2696 511 2730 in
531 2697 682 2742 quadam
698 2697 868 2741 dignitate
890 2708 968 2742 prae
985 2697 1064 2732 aliis
1082 2697 1354 2732 constituuntur.
1378 2696 1415 2731 Et
1434 2696 1509 2732 ideo
1526 2707 1566 2732 ex
1585 2696 1735 2742 quadam
1751 2695 1810 2731 bo-

309 2815 320 2836 1
348 2814 394 2848 In
420 2826 504 2848 can.
532 2814 600 2848 504
626 2814 778 2859 legitur
810 2830 823 2844 ‹
843 2814 890 2849 ad
915 2826 1059 2848 munus
1087 2814 1307 2860 Superioris
1325 2815 1482 2849 maioris
1502 2814 1696 2848 inhabiles
1714 2817 1808 2847 sunt:

187 2861 315 2905 qui,...
346 2872 426 2895 non
454 2865 546 2895 sunt
572 2873 620 2895 ex
646 2861 827 2906 legitimo
853 2862 1106 2896 matrimonio
1132 2862 1217 2896 nati
1238 2877 1268 2895 υ.
1310 2881 1352 2888 -
1390 2862 1403 2884 '2
1441 2862 1488 2895 20
1512 2862 1594 2897 Ian.
1623 2861 1723 2895 1860.
1766 2881 1807 2884 —

188 2908 202 2930 3
228 2907 363 2954 Suppl.
381 2920 414 2953 q.
431 2908 615 2943 XXXIX.
633 2920 665 2942 a.
689 2910 722 2943 5.
