1971 3261
141 117 238 152 Can.
268 114 422 150 732-733
670 113 780 147 PARS
806 112 837 146 I.
866 133 878 138 -
907 112 964 147 De
990 112 1255 146 Sczcrmnentz's
1738 108 1779 142 17

263 230 541 290 Quia'tamen
568 233 580 256 ¹
621 246 744 276 «non
787 232 1033 288 intelligitur
1072 233 1264 273 iteratum
1309 229 1419 287 quod
1466 230 1649 271 nescitur
1691 241 1780 270 esse

147 309 302 351 sactum
327 322 367 361 )›‚
400 311 538 363 atque,
572 309 614 348 ut
657 306 712 348 ait
755 304 793 349 S.
830 302 954 359 Greg.
990 301 1061 346 M.:
1103 314 1227 344 «non
1279 304 1531 343 monstratur
1575 301 1781 348 iteratum,

142 378 254 435 quod
291 390 370 420 non
403 378 528 420 certis
562 376 725 419 indiciis
758 374 991 418 ostenditur
1026 375 1101 416 rite
1126 376 1340 429 peractum
1363 387 1402 423 )),
1426 369 1717 427 praescribit§
1741 370 1778 413 2.

147 448 193 491 Si
227 462 320 491 vero
351 446 551 503 prudens,
588 459 736 503 nempe
762 450 851 502 post
876 445 1118 501 diligentem
1146 444 1509 499 investigationem
1535 440 1779 491 adhibitam,

143 519 317 563 {lichiam
351 518 509 573 emistis,
544 520 634 561 sive
668 517 840 561 dubium
875 518 926 559 sit
961 517 1183 572 positivum
1224 514 1327 557 bene
1363 513 1579 556 fundatum
1615 525 1692 554 non
1729 524 1777 554 ex

149 590 377 634 rationibus
411 589 612 644 futilibus,
646 591 736 631 sive
768 590 820 631 sit
852 589 1095 643 negativum
1144 584 1196 628 ol)
1246 585 1528 628 delicientiam
1575 585 1779 626 rationum

144 663 446 719 quaesitarum,
481 665 565 704 tum
618 661 773 703 motiva
822 657 1039 702 dubitandi
1087 658 1338 713 proveniant
1370 669 1419 699 ex
1455 656 1782 699 circumstantiis

147 733 257 788 facti,
293 737 332 775 et
366 736 534 789 propter
567 730 643 774 lloc
681 735 852 774 vocatur
885 729 1057 773 dubium
1095 729 1203 781 t'acti,
1227 733 1314 770 tum
1350 726 1577 783 procedant
1603 725 1667 768 illa
1695 738 1779 767 mo·

148 806 247 851 tiva,
280 805 458 860 cognitis
490 807 603 846 certo
638 803 733 845 facti
768 800 1090 854 conditionibus,
1124 813 1172 842 ex
1209 811 1332 842 causa
1372 798 1641 841 dissensionis
1675 799 1781 839 inter

147 875 345 919 Doctores
378 877 487 918 circa
523 873 614 916 talis
646 875 893 916 sacramenti
923 871 1193 924 validitatem,
1213 870 1323 926 quod
1349 869 1580 926 appellatur
1604 867 1777 911 dubium

147 949 261 991 iuris.
295 947 334 990 Si
370 959 469 1002 ergo
506 947 654 988 mentis
686 949 815 987 status
848 946 896 986 sit
933 943 1036 995 talis,
1071 942 1179 999 quod
1218 941 1283 984 illa
1310 954 1387 983 non
1412 940 1637 984 adhaereat
1669 939 1777 982 allii·-

148 1020 318 1061 mationi
344 1019 478 1073 potius
510 1028 635 1073 quam
671 1016 877 1071 negationi
902 1016 1013 1057 circa
1036 1012 1280 1056 alterutram
1307 1016 1548 1068 sequentem
1574 1012 1780 1068 quaestio-

149 1101 267 1139 nem3
302 1088 343 1143 a)
378 1100 474 1129 num
507 1099 667 1135 revera,
702 1099 773 1128 seu
799 1085 849 1128 de
874 1086 992 1138 lacto,
1019 1083 1060 1139 b)
1086 1082 1148 1125 vel
1171 1097 1269 1125 mem
1292 1086 1551 1125 sacramenta
1578 1081 1642 1124 illa
1668 1086 1781 1124 certo

150 1160 378 1201 ministrata
412 1156 552 1200 'aalide
584 1155 740 1200 collata
772 1155 950 1213 fuerint,
975 1157 1027 1197 ita
1065 1159 1106 1197 ut
1137 1156 1230 1211 quis
1265 1153 1461 1196 moralem
1487 1153 1779 1196 certitudinem

146 1243 227 1273 non
261 1233 551 1285 consequatur,
588 1232 684 1271 tunc
718 1226 791 1269 sub
824 1225 1078 1279 conditione,
1101 1225 1245 1268 saltem
1281 1229 1481 1281 concepta
1516 1224 1777 1277 interne,sed

147 1301 226 1342 iuri
260 1300 517 1342 conformius
544 1297 681 1341 verbis
704 1309 924 1353 expressa:
954 1313 976 1338 «
998 1298 1030 1339 si
1056 1309 1134 1339 non
1160 1309 1202 1338 es
1233 1294 1474 1352 baptizatus,
1499 1296 1782 1347 confirmatus,

142 1368 422 1423 ordinatus»,
463 1381 513 1411 ne
552 1370 701 1411 iniuria
742 1368 810 1410 liat
853 1367 1116 1423 praecedenti
1153 1367 1322 1409 soi-sitan
1362 1366 1523 1409 validae
1557 1365 1782 1417 collationi,

144 1439 301 1482 ilerum
335 1439 403 1496 (ad
438 1443 655 1482 externam
689 1440 873 1495 speciem
897 1438 1006 1495 quod
1041 1438 1205 1494 attinet)
1230 1437 1490 1494 conseratur,
1516 1450 1563 1480 ac
1588 1439 1640 1479 ita
1665 1441 1777 1480 certa

142 1511 299 1554 evadat
332 1510 529 1554 alterutra
564 1509 746 1555 collatio.
780 1509 819 1553 ld
856 1511 966 1553 enim
1003 1510 1228 1566 requiritur
1250 1522 1299 1551 ex
1325 1512 1683 1551 sacramentorum
1718 1521 1780 1551 eo-

146 1595 240 1625 rum
276 1583 518 1625 necessitate
543 1585 627 1624 tum
656 1580 847 1637 baptismi
876 1594 947 1637 pro
970 1579 1172 1633 subiecto,
1198 1584 1281 1622 tum
1307 1579 1465 1622 ordinis
1497 1579 1632 1637 quoad
1664 1578 1778 1634 alios,

150 1652 211 1697 vel
248 1666 297 1696 ne
331 1652 465 1696 tidelis
498 1652 795 1695 detrimentum
833 1653 1012 1708 patiatur
1051 1652 1316 1708 perfectionis
1363 1664 1413 1693 cx
1465 1651 1782 1694 confirmatione

143 1724 376 1767 derivatae.
405 1739 427 1764 α
450 1723 499 1767 Et
533 1723 625 1767 ideo
658 1726 782 1767 etiam
821 1725 1032 1767 morituris
1057 1722 1133 1766 lioc
1158 1722 1523 1780 (confirmationis)
1546 1734 1780 1765 sacramen-

147 1800 234 1839 tum
269 1795 451 1838 dandum
487 1800 559 1851 est,
596 1800 639 1838 ut
674 1797 711 1838 in
748 1796 1053 1838 resurrectione
1088 1795 1259 1850 perfecti
1294 1798 1533 1850 appareant,
1553 1793 1782 1836 secundum

146 1866 248 1910 ill-ud
344 1866 368 1886 ‘⁶
394 1865 532 1910 Donec
566 1879 840 1910 occurramus
879 1878 1023 1908 omnes
1063 1866 1102 1908 in
1151 1867 1283 1908 virum
1333 1866 1559 1921 perlectum
1597 1866 1634 1906 in
1670 1877 1782 1907 men-

143 1949 287 1981 suram
321 1940 468 1981 aetatis
502 1937 771 1994 plenitudinis
804 1936 953 1981 Clu-isti
980 1972 1035 1991 ,Η
1071 1940 1114 1979 ut
1145 1938 1201 1979 ait
1236 1938 1282 1978 D.
1316 1935 1387 1979 Th.
1413 1951 1433 1977 »
1458 1934 1484 1979 ³.

270 2008 336 2051 12-
373 2010 687 2055 observandi
735 2011 857 2054 ritus
908 2022 967 2054 ac
1015 2009 1373 2054 caeremoniae.
1420 2033 1446 2036 —
1495 2005 1620 2051 Conc.
1671 2006 1782 2049 Trid.

146 2079 265 2135 (sess.
304 2079 386 2134 Vll,
431 2079 489 2123 De
531 2082 803 2123 sacramentis
838 2082 875 2122 in
922 2078 1094 2135 genere)
1129 2078 1259 2122 edidit
1291 2091 1382 2122 can.
1418 2077 1533 2121 Xlll:
1573 2093 1593 2119 «
1616 2078 1656 2122 Si
1692 2080 1784 2135 quis

144 2150 315 2204 dixerit,
351 2155 538 2207 receptos
561 2157 600 2194 et
623 2150 874 2207 approbatos
909 2149 1118 2193 Ecclesiae
1150 2148 1380 2193 catholicae
1405 2151 1519 2201 ritus,
1548 2151 1585 2191 in
1609 2148 1781 2192 solemni

148 2226 506 2265 sacramentorum
551 2221 909 2265 administratione
953 2219 1140 2264 adhiberi
1186 2225 1417 2275 consuetos,
1451 2224 1522 2263 aut
1560 2222 1783 2271 contemni,

147 2296 220 2334 aut
252 2294 339 2334 sine
375 2297 543 2348 peccato
576 2305 598 2335 a
634 2294 831 2335 ministris
877 2305 949 2348 pro
995 2290 1111 2334 libito
1154 2293 1302 2343 omitti,
1336 2296 1406 2334 aut
1441 2293 1477 2333 in
1520 2303 1650 2333 novos
1681 2289 1783 2333 alios

151 2375 226 2418 per
256 2375 566 2420 quemcumque
609 2362 881 2407 ecclesiarum
934 2367 1138 2419 pastorem
1186 2364 1335 2405 mutari
1382 2375 1522 2418 posse3
1562 2360 1781 2405 anatliema

147 2435 261 2476 sit».
296 2433 402 2477 Huic
435 2434 661 2478 concordat
694 2435 974 2491 disciplinaris
1008 2435 1046 2476 in
1081 2433 1233 2477 (lodice
1267 2448 1357 2476 (viu.
1385 2435 1492 2476 733.
1526 2434 1613 2489 {1-
1652 2431 1697 2475 ln
1720 2446 1783 2474 sa-

146 2505 377 2547 cramentis
410 2504 679 2561 conficiendis
704 2519 742 2550 v.
767 2520 827 2562 gr.
853 2506 1112 2548 sanctissima
1136 2504 1400 2559 eucharistia,
1426 2503 1783 2547 admintumuistis

149 2587 199 2617 ex
236 2580 351 2631 parte
384 2577 635 2620 conferentis
668 2589 728 2632 ea,
763 2591 812 2619 ae
844 2575 1126 2633 suscipiendis
1154 2580 1342 2632 respectu
1379 2578 1560 2632 ipsorum
1597 2575 1781 2617 tidelium

145 2645 200 2688 ad
226 2645 293 2689 illa
317 2646 622 2702 accedentium,
646 2653 845 2690 accurate
867 2652 1088 2690 serventur
1109 2646 1300 2703 (scilicet,
1325 2647 1506 2689 studium
1536 2645 1783 2689 adhibeatur

150 2717 188 2759 in
224 2717 506 2773 quorumlibet
539 2718 884 2775 adimplenieiito)
918 2717 1041 2765 ritus,
1078 2717 1153 2761 lioc
1197 2723 1256 2760 est
1302 2717 1502 2760 l'ormulae
1546 2729 1593 2760 ac
1639 2729 1782 2772 preces

269 2824 278 2844 ¹
308 2823 397 2867 Cap.
424 2834 491 2857 un.
522 2824 578 2858 De
605 2824 746 2858 clerico
765 2835 832 2868 per
851 2823 997 2857 saitum
1015 2828 1193 2868 promoto
1213 2823 1274 2867 (V,
1295 2824 1353 2867 99)
1376 2823 1425 2856 X.
1444 2844 1487 2847 —
1514 2823 1527 2845 ²
1546 2822 1605 2856 Ad
1625 2821 1782 2866 Ephes„

148 2869 213 2909 IV,
241 2871 297 2904 13.
325 2890 367 2897 —
394 2872 408 2893 3
434 2871 478 2905 P.
506 2872 541 2905 3.
571 2883 605 2916 q.
633 2871 797 2906 LXXII.
831 2883 864 2905 a.
892 2871 915 2905 8
943 2871 989 2905 ad
1016 2872 1078 2905 4¹¹³.

232 2948 328 2976 BLAT
354 2964 371 2970 -
398 2949 522 2977 Comm.
553 2950 637 2978 Tem.
667 2951 745 2978 (sod.
771 2950 844 2977 Im:
871 2949 953 2977 Can.
