1971 3261
129 151 223 188 Gan.
250 152 320 186 883
652 152 736 186 Trr.
766 152 831 186 IV.
863 173 874 177 —
902 153 956 188 Dc
985 155 1228 188 l’oenitentia
1689 157 1757 191 237

245 270 440 314 Extensio
464 269 624 314 Dccreti
644 284 766 327 supra
789 271 903 314 relati
929 272 1006 316 sub
1028 273 1073 330 §⁰
1101 272 1143 316 1⁰
1167 286 1360 316 concessa
1387 275 1457 316 t'nit
1485 288 1556 330 per
1582 275 1693 317 l'ium
1723 275 1752 317 X

126 341 176 385 ad
201 340 545 398 supplicationem
572 341 757 384 eiusdem
783 343 948 398 (Longrffi
971 345 995 386 ¹.
1031 357 1153 399 quam
1182 346 1233 386 ita
1257 349 1395 386 serrat
1435 347 1640 401 vigentem
1665 347 1692 400 ς’
1718 346 1753 388 2.

128 409 301 464 Quoties
336 424 428 453 cero
462 410 581 452 nucis
617 411 657 452 ιή
695 411 846 453 itinere
884 413 1101 461 consistat,
1127 419 1348 470 antequam
1374 428 1473 470 ergo
1497 415 1546 456 ail
1575 414 1683 457 illius
1709 417 1752 457 ti-

125 495 217 525 uem
254 483 473 538 pertingat,
505 487 682 538 possunt
719 482 917 538 praedicti
954 484 1192 527 sacerdotes
1224 498 1316 527 cum
1354 498 1430 527 una
1465 498 1512 527 cx
1555 486 1754 528 conditio-

123 552 244 596 nibus
275 552 352 596 sub
387 552 519 594 littera
554 551 611 604 h),
658 552 941 610 confessiones
975 554 1166 611 crcipere
1200 564 1237 606 a}
1274 560 1357 597 lum
1393 554 1592 611 fideliwn,
1627 558 1748 599 etiam

124 623 412 679 religiosorum
448 627 738 678 exemplorum
772 624 1001 667 secundum
1037 638 1127 669 can.
1164 626 1260 680 3519,
1295 630 1417 683 atque
1454 627 1752 683 religiosarum.

120 694 190 737 sed
225 693 276 737 atl
311 706 498 736 normam
533 705 622 736 can.
667 693 764 747 522,
799 707 846 737 ac
883 695 1056 750 proinde
1081 698 1112 737 si
1137 695 1266 738 altare
1292 697 1418 739 lixum
1447 697 1580 740 locum
1607 697 1752 741 babeat

121 767 159 808 in
193 766 290 808 navi
340 767 452 807 iuxta
489 763 583 808 Dec.
629 764 666 808 S.
702 763 852 821 Congr.
889 764 966 808 nn.
1005 768 1041 808 in
1081 765 1239 809 Viccnsi
1262 768 1289 820 ‘²7
1343 772 1437 810 tnnc
1478 774 1589 811 certo
1626 783 1750 824 propt¹

122 835 236 890 illud,
287 837 381 893 quia
418 840 460 878 ut
493 837 719 878 oratorium
770 835 1091 892 semipul)licum
1143 837 1378 880 habendum
1432 844 1489 881 cst
1524 840 1751 883 secundnm

121 904 314 950 Codicem
349 919 528 963 quoque,
565 907 621 948 uti
657 905 734 949 hoc
768 906 968 949 (letinitur
1002 909 1039 949 in
1075 920 1165 951 can.
1206 908 1328 957 1188,
1364 908 1460 953 ⁴:2⁰³:
1507 909 1578 966 qni
1613 910 1754 952 tiilcles¹

122 978 290 1034 praefati
325 977 472 1035 quavis
504 975 555 1020 cle
587 991 715 1019 cuasa
749 975 805 1019 ml
840 977 976 1019 navim
1014 977 1215 1021 accedant
1253 992 1289 1019 v.
1324 993 1384 1035 gr.
1421 981 1470 1022 au
1507 993 1595 1022 cam
1634 983 1754 1023 intro-

119 1048 391 1105 spicienclam,
426 1047 474 1090 ad
514 1048 765 1091 visitandum
801 1050 1047 1104 navigantes
1081 1048 1296 1105 quosdam,
1331 1050 1380 1093 a‹l
1417 1064 1576 1093 merces
1603 1051 1752 1095 velien-

119 1119 194 1163 das
239 1119 302 1163 vel
339 1119 592 1173 vendendas,
639 1121 795 1162 motivo
836 1119 1005 1162 demum
1048 1120 1134 1162 solo
1171 1121 1392 1176 peragendi
1438 1124 1752 1169 contessionem,

121 1189 164 1247 b)
199 1195 285 1233 tum
333 1203 491 1241 eorum,
525 1192 615 1233 sive
663 1203 804 1234 secum
844 1190 906 1233 x‘el
943 1193 981 1233 in
1016 1191 1094 1233 alia
1130 1193 1224 1233 navi
1275 1194 1576 1248 navigantium,
1616 1193 1676 1235 vel
1716 1196 1751 1235 in

118 1263 288 1306 civitate
329 1265 471 1318 portus
516 1261 757 1318 degentium
803 1266 912 1315 actu,
948 1261 1019 1319 qui
1053 1261 1156 1319 ipsis
1189 1262 1475 1306 sacerdotibus
1509 1264 1559 1307 (le
1603 1264 1753 1321 quibus

118 1344 244 1389 supra
278 1331 334 1375 ad
369 1338 527 1375 terram
559 1331 706 1386 obiter,
743 1332 781 1375 id
818 1337 901 1376 est:
936 1331 1054 1376 brevi
1091 1337 1276 1388 tempore
1301 1338 1387 1390 post
1421 1334 1470 1377 ad
1508 1348 1655 1378 navem
1692 1349 1751 1377 re-

118 1403 282 1455 dituris,
331 1401 641 1461 appellentibus
676 1402 868 1459 confiteri
910 1408 1061 1461 petant
1095 1416 1243 1460 eosque
1283 1403 1420 1446 valide
1452 1419 1500 1446 ac
1534 1404 1648 1447 licite
1680 1404 1745 1447 al)—

119 1473 279 1518 solvere
332 1487 404 1530 per
437 1474 548 1531 quod
584 1475 627 1517 tit
661 1476 853 1531 exceptio
902 1487 994 1518 can.
1029 1474 1126 1518 881.
1160 1474 1209 1518 Et
1243 1488 1337 1518 cum
1371 1475 1607 1518 sacerdotes
1642 1475 1750 1519 illins

121 1544 198 1588 loci
247 1545 487 1588 confessarii
548 1545 684 1588 forsan
740 1544 913 1588 limitata
968 1545 1103 1601 quoad
1154 1557 1274 1588 casus
1328 1547 1537 1601 potiantur
1591 1547 1752 1589 iurisdi-

117 1617 266 1667 ctione,
321 1615 512 1659 additur:
545 1615 674 1658 etiam
708 1629 733 1658 α
767 1615 934 1658 casibus
990 1615 1223 1659 Ordiwario
1273 1616 1354 1659 loci
1406 1617 1648 1671 reservatis,
1684 1621 1751 1674 qui

118 1687 171 1731 ab
204 1689 302 1744 ipsis
335 1686 640 1744 appellentibus
675 1689 856 1743 ignorari
891 1692 1005 1730 certo
1040 1692 1377 1744 praesunmntur,
1410 1687 1481 1730 sed
1518 1687 1594 1731 hoc
1628 1693 1752 1731 statu-

119 1763 206 1802 tum
240 1762 300 1801 est
332 1762 614 1815 congruenter
657 1758 706 1801 ad
743 1760 1042 1802 reservationis
1075 1763 1265 1801 naturam
1302 1761 1338 1801 in
1384 1760 1570 1816 sequenti
1620 1761 1754 1815 capite

117 1828 424 1886 explicandam,
458 1842 552 1873 cum
589 1829 829 1873 sacerdotes
880 1831 1141 1885 navigantes,
1176 1834 1217 1872 ut
1252 1829 1449 1884 diximus,
1484 1842 1561 1872 non
1596 1829 1647 1873 ab
1680 1830 1755 1873 Or-

118 1900 290 1944 dinariis
323 1913 393 1943 eos
425 1899 768 1957 approbantibus,
802 1900 874 1944 sed
909 1899 961 1944 ab
995 1900 1071 1944 hoc
1095 1913 1256 1943 canone
1282 1900 1610 1943 iurisdictionem
1648 1900 1752 1944 lianc

117 1970 464 2015 sacramentalem
515 1973 825 2027 nanciscantur,
880 1973 1009 2028 posita
1048 1971 1286 2028 praedictae
1321 1973 1358 2013 in
1394 1970 1436 2024 ἑο
1474 1970 1514 2013 1⁰
1550 1971 1755 2014 facultatis

117 2043 388 2086 confessionis
421 2042 619 2086 audiendi
654 2043 907 2086 conditione.

238 2113 314 2157 Hic
348 2115 407 2168 §²¹⁸
441 2113 560 2170 plene
594 2116 785 2171 congruit
820 2116 944 2157 citato
979 2113 1169 2168 Decret0‚
1203 2113 1272 2156 sed
1310 2114 1413 2156 sacta
1449 2118 1506 2156 cst
1541 2113 1752 2170 ampliatio

119 2197 193 2241 per
225 2186 474 2228 omissionen
509 2183 721 2228 clausulae
755 2184 890 2229 finalis
925 2186 1053 2240 istius,
1089 2197 1259 2240 nempe:
1300 2183 1566 2226 «dnmmodo
1600 2189 1751 2236 tamen,

118 2254 227 2312 quod
262 2254 313 2298 ad
346 2255 578 2299 secundum
613 2267 754 2299 casum
789 2259 962 2311 spectat,
1012 2254 1207 2307 (scilicet:
1242 2253 1318 2297 sul)
1354 2253 1486 2297 littera
1526 2253 1582 2310 b),
1618 2254 1752 2297 nullus

120 2327 158 2369 in
194 2325 298 2382 loco,
335 2326 399 2369 vel
434 2328 582 2370 unicus
625 2330 785 2370 tantum
820 2328 869 2369 sit
904 2325 1101 2369 sacerdos
1148 2324 1416 2382 aclp1·obatuS‚
1451 2329 1489 2368 et
1524 2325 1640 2368 tacite
1676 2325 1751 2368 loci

121 2393 372 2442 Ordinarius
405 2397 508 2441 adiri
544 2402 777 2454 nequeat».

239 2550 252 2571 1
274 2549 319 2583 13
345 2549 436 2584 Dec.
466 2549 570 2583 1906.
602 2570 641 2574 —-
670 2550 683 2572 ³2
703 2550 725 2583 4
751 2549 866 2583 Mart.
899 2549 987 2582 1901
1016 2548 1062 2582 ad
1089 2548 1136 2582 V.
1165 2560 1201 2582 n.
1228 2549 1334 2583 4069.

237 2597 251 2619 3
272 2596 362 2631 Can.
406 2597 509 2631 1188.
538 2600 557 2638 ἓ
584 2598 619 2630 2.
649 2597 722 2630 Est
749 2608 839 2630 vero
875 2596 1158 2630 oratorium:...
1198 2596 1236 2628 ‘20
1261 2596 1600 2640 Semi-publicum,
1639 2595 1670 2627 si
1711 2595 1750 2627 in

119 2643 365 2678 commodum
383 2644 556 2678 alicuius
582 2645 882 2678 communitatis
911 2643 972 2677 vel
999 2648 1134 2677 coetus
1154 2642 1328 2676 fidelium
1359 2654 1403 2676 eo
1430 2642 1750 2676 convenientium

119 2695 294 2725 erectum
320 2692 385 2732 sita.v
416 2702 543 2736 neque
571 2691 738 2725 liberum
766 2691 906 2735 cuique
935 2690 987 2724 sit
1015 2689 1113 2723 illud
1140 2689 1259 2724 adire.

236 2738 333 2778 Imo,
363 2750 443 2772 non
469 2749 581 2773 secus
607 2740 690 2779 fiat,
719 2750 763 2772 ae
790 2738 1024 2772 observatur
1062 2741 1241 2781 respectu
1267 2737 1475 2770 mulierum
1503 2736 1542 2769 in
1574 2735 1749 2780 qualibet

119 2785 226 2825 navi,
254 2785 455 2829 arguendo
481 2797 528 2820 ex
556 2785 822 2820 declaratione
861 2784 1094 2819 authvntiea
1118 2784 1165 2818 ad
1192 2795 1276 2820 can.
1302 2785 1370 2818 522
1401 2784 1546 2818 citata:
1582 2799 1594 2812 «
1614 2789 1683 2816 aut
1712 2783 1747 2815 in

118 2832 203 2867 loco
228 2832 277 2867 ad
302 2832 519 2867 audiendas
545 2833 757 2867 mulierum
786 2832 1051 2866 confessiones
1080 2831 1258 2876 legitime
1285 2830 1484 2865 destinato
1505 2846 1536 2864 ν.
