1971 3261
177 139 247 174 294
579 135 662 168 Lus.
690 134 760 168 III.
785 154 798 159 -
826 133 936 167 PARS
961 133 991 167 Ι.
1017 153 1029 158 -
1056 132 1113 167 De
1138 132 1405 167 Sacramenta&
1614 131 1707 167 Gan.
1734 131 1803 166 912

177 256 296 302 digent
324 259 460 302 propter
486 253 748 299 suscipiendum
778 251 953 297 baptisma
979 250 1070 297 quod
1095 250 1205 285 abluit
1233 250 1364 285 omnia.
1397 250 1544 285 Additur
1576 250 1612 284 iu
1642 250 1804 285 formulis

183 314 360 350 «servatis
386 311 561 348 consuetis
587 310 847 346 conditionibus
868 324 881 341 »
913 320 1019 355 supra
1045 309 1240 349 declaratis,
1269 313 1302 344 et
1330 308 1471 354 planum
1500 313 1561 343 est.

298 386 313 405 «
332 371 389 406 35.
419 369 642 416 impertiendi
666 367 916 414 Indulqemiam
939 367 1126 411 plenariam
1155 367 1305 412 singulis
1330 378 1370 402 ex
1397 367 1488 402 clero
1514 370 1602 410 (tum
1621 367 1803 408 saeculari,

177 437 250 468 tum
277 431 448 476 religioso,
478 428 638 474 quamvis
664 427 861 472 exemptis),
889 427 948 472 qui
976 429 1012 470 a)
1042 437 1100 472 per
1125 426 1282 472 quinque
1310 426 1432 460 saltem
1459 425 1533 461 dies
1559 429 1678 470 (mane
1694 437 1734 461 ac
1753 437 1807 462 ve-

177 492 288 537 spere)
307 489 412 524 sacris
432 487 613 523 Exercico'aets
642 486 939 530 {meditationum
967 486 1190 529 concionum,
1224 485 1412 520 lectionum
1433 485 1681 530 spiritualium,
1706 496 1809 531 quae-

176 560 325 595 cumque
352 549 505 594 ipsarum
535 546 620 580 fiant
647 546 683 580 in
713 543 912 588 communi)
939 544 1174 586 interfuerint,
1202 555 1252 585 ac,
1279 543 1311 588 b)
1334 548 1595 579 sacrosanctum
1613 543 1738 579 Missae
1755 555 1808 579 sa-

177 608 346 644 crificium
373 602 597 646 celebrantes
627 604 677 640 vel
709 604 833 639 saltem
860 604 903 639 ad
932 602 967 639 S.
998 602 1167 650 Synaxim
1195 603 1402 638 accedentes
1430 603 1580 648 (etiamsi
1616 603 1810 638 sacerdotes

179 668 262 708 sint,
291 666 434 702 forsitan
462 663 617 710 impediti
645 663 687 698 ad
714 662 994 705 celebrandum),
1023 664 1052 705 c)
1082 661 1155 708 pias
1181 661 1223 696 ad
1256 661 1364 696 Deum
1392 672 1508 707 preces
1538 661 1698 705 (vocales)
1725 662 1809 697 effu-

179 726 294 762 derint
321 728 396 771 (pro
424 723 534 766 libito,
563 722 622 758 sed
649 721 837 768 quinquies
864 720 975 759 Pater.
1008 721 1079 756 Ave
1108 725 1139 756 et
1167 719 1282 755 Gloria
1312 725 1403 755 certo
1433 720 1644 764 sufficerent)
1685 731 1745 767 pro
1782 733 1809 755 s.

181 785 272 820 Fidei
294 783 540 829 propagatione
567 780 744 825 (taxative,
773 780 865 826 quod
893 779 980 815 bene
1006 783 1155 822 notetur,
1188 780 1344 825 insuper)
1364 784 1395 814 et
1423 779 1518 814 iuxta
1537 784 1690 815 mentem
1708 774 1809 815 Sum-

182 844 228 878 mi
257 842 479 882 Pontificis»‚
507 844 607 886 prout
634 839 781 882 videtur,
811 838 994 874 actualiter
1021 838 1214 883 regnantis,
1244 838 1343 872 cuius
1369 837 1585 882 delegatione
1617 842 1668 873 est
1695 837 1810 873 indul-

181 901 298 946 gentia
324 911 500 936 concessa.

302 975 315 992 «
333 958 389 996 36.
416 958 636 996 Concedendi
667 958 946 994 benedictionem
974 957 1207 1004 Apostolicam
1236 957 1400 1001 (scilicetz
1433 957 1468 991 in
1496 957 1639 992 nomine
1673 955 1809 992 Summi

182 1020 371 1063 Pontificis)
399 1030 478 1055 cum
508 1017 719 1064 Indulqemia
743 1017 899 1064 plenaria
937 1017 1102 1052 omnibus
1141 1015 1441 1056 christifidelibus,
1482 1016 1561 1059 (sub
1600 1027 1668 1061 quo
1705 1026 1811 1051 censu

180 1079 325 1114 veniunt
351 1089 488 1124 quoque
514 1077 664 1122 religiosi
705 1076 870 1122 exempti,
912 1076 1087 1121 iidemque
1128 1075 1353 1110 missionarii*
1397 1075 1455 1121 qui
1495 1081 1529 1118 a)
1570 1074 1812 1120 spiritualibus

181 1138 360 1173 Exercitiis
386 1148 445 1173 seu
472 1137 579 1183 (quod
609 1147 668 1182 pro
694 1136 817 1171 eodem
845 1135 1010 1179 sumitur)
1036 1135 1142 1170 sacris
1172 1133 1405 1177 Missionibus,
1434 1134 1476 1169 de
1502 1134 1629 1179 quibus
1661 1134 1696 1168 in
1729 1144 1809 1169 can.

183 1195 285 1237 1349,
312 1201 330 1239 ξ
361 1197 373 1231 1
404 1196 566 1241 (scilicetx
587 1206 673 1241 quas
696 1195 770 1230 «ad
789 1205 928 1239 gregem
950 1194 1015 1229 sibi
1035 1193 1261 1229 commissum
1283 1193 1463 1229 habendas
1481 1197 1603 1228 curent
1623 1192 1809 1239 parochi»,

180 1261 239 1292 aut
265 1255 496 1302 vice—parochi
526 1255 577 1291 vel
607 1254 837 1297 missionarii)
866 1253 958 1288 ultra
986 1253 1207 1288 medietatem
1237 1252 1468 1296 (dierum,vel
1483 1252 1740 1296 exercitiorum)
1760 1252 1813 1286 in-

181 1315 377 1356 terfuerint⁷
406 1314 438 1357 b)
465 1314 699 1349 benedictioni
728 1324 808 1348 cum
836 1312 946 1348 Cruce
974 1312 1010 1346 in
1048 1311 1116 1347 fine
1157 1315 1350 1357 postremae
1388 1310 1567 1346 concionis
1605 1311 1671 1355 (vel
1712 1310 1814 1357 paulo

184 1376 272 1419 post)
299 1373 554 1419 impertiendae
581 1383 658 1407 vere
686 1372 918 1418 poenitentes,
949 1371 1071 1415 (idestz
1098 1370 1247 1415 gratiam
1275 1370 1457 1414 habentes)
1484 1369 1632 1405 confessi
1659 1369 1740 1410 (nisi
1769 1369 1814 1405 ab

184 1432 248 1467 hac
274 1432 305 1467 vi
333 1443 411 1467 can.
441 1430 523 1476 931,
552 1434 570 1477 ς’
598 1431 616 1465 3
644 1430 908 1476 dispensentur)
934 1440 975 1465 ac
1000 1440 1099 1464 sacra
1125 1428 1383 1465 Communione
1408 1428 1525 1464 refecti
1554 1428 1625 1473 (his
1650 1428 1814 1464 omnibus

185 1491 322 1537 praevie
347 1491 514 1536 impletis)
542 1490 756 1530 adstiterint,
785 1494 890 1535 atque
918 1488 1030 1535 (prius
1049 1488 1102 1523 vel
1121 1490 1250 1534 postea)
1272 1490 1301 1531 c)
1320 1487 1516 1528 ecclesiam,
1539 1487 1606 1531 (vel
1624 1487 1813 1523 oratorium

186 1550 377 1596 publicum,
411 1561 525 1585 «nam
553 1550 635 1585 baec
661 1549 783 1584 eodem
814 1549 887 1583 iure
914 1559 982 1594 quo
1007 1548 1173 1583 ecclesiae
1199 1552 1398 1592 reguntur»
1431 1558 1509 1582 can.
1541 1546 1642 1589 1191,
1669 1551 1688 1589 ς»
1717 1546 1749 1589 1)
1777 1547 1813 1581 in

185 1620 253 1655 qua
279 1610 465 1644 conciones
492 1608 689 1644 huiusmodi
719 1609 880 1653 (nempez
910 1607 1049 1642 illarum
1077 1617 1254 1642 sacrarum
1284 1606 1505 1650 Missionum)
1533 1606 1706 1641 habentur
1728 1612 1814 1650 (non

183 1668 304 1712 aliam)
329 1668 449 1703 devote
476 1667 693 1702 visitaverint
721 1666 827 1712 (ultra
856 1666 1095 1701 interventum
1125 1669 1311 1710 utrumque
1339 1675 1444 1710 supra
1461 1664 1623 1708 dictum),
1644 1664 1678 1707 d)
1698 1664 1815 1710 ibique

184 1727 269 1769 (non
297 1730 393 1761 extra
419 1726 546 1772 ipsam)
576 1736 634 1771 per
658 1724 800 1770 aliquod
828 1724 997 1770 temporis
1024 1723 1175 1770 spatium
1205 1723 1531 1768 (indeterminatum
1559 1734 1591 1758 v.
1621 1734 1669 1768 gr.
1696 1722 1814 1758 decem

185 1786 416 1829 minutorum)
447 1785 521 1831 pias
547 1787 622 1828 (seu
649 1783 763 1819 cordis
789 1784 917 1819 affectu
944 1794 1006 1829 pro
1032 1783 1188 1818 humana
1216 1782 1416 1827 fragilitate)
1442 1782 1486 1817 ad
1515 1782 1622 1817 Deum
1654 1782 1815 1827 (forsitan

184 1843 245 1881 SS.
272 1845 485 1885 interventu)
516 1853 631 1889 preces
659 1842 825 1887 (vocales)
851 1842 1039 1878 effuderint
1067 1842 1244 1884 (taxative)
1274 1852 1333 1887 pro
1360 1845 1501 1876 sanctae
1527 1840 1620 1876 Fidei
1648 1851 1815 1887 propaga-

183 1904 278 1939 tione
303 1908 336 1939 et
362 1903 457 1938 iuxta
485 1907 637 1938 mentem
665 1900 801 1937 Summi
835 1900 1042 1936 Pontificis»
1074 1905 1110 1936 ut
1137 1911 1250 1947 supra,
1278 1905 1311 1936 et
1349 1900 1472 1936 saltem
1511 1900 1717 1945 implicitam
1751 1899 1815 1936 sub

184 1963 381 1998 intentione
408 1961 669 2006 indulgentiam
697 1959 872 1996 lucrandi.

308 2020 395 2055 «37.
425 2019 644 2056 Concedendi
674 2019 709 2053 in
736 2023 815 2054 actu
842 2018 1048 2054 visitationis
1076 2017 1323 2065 (singularum)
1362 2017 1598 2063 paroeciarum
1641 2017 1691 2060 (in
1729 2027 1816 2062 quas

191 2082 403 2118 «distinctas
432 2083 545 2125 partes
587 2078 800 2113 territorium
827 2077 1012 2112 cuiuslibet
1038 2076 1206 2112 dioecesis
1233 2076 1410 2111 dividatur
1431 2087 1470 2115 »;
1499 2086 1577 2111 can.
1603 2073 1685 2115 216,
1723 2079 1741 2116 ,ξ
1782 2076 1813 2109 1χῚ

185 2147 218 2177 et
249 2139 355 2186 «pari
386 2138 487 2174 modo
517 2138 702 2172 vicariatus
736 2136 947 2182 apostolicus
985 2140 1017 2171 et
1057 2136 1274 2182 praefectura
1313 2135 1502 2181 apostolica
1540 2134 1598 2170 ubi
1637 2135 1818 2170 commode

188 2200 259 2236 fieri
299 2198 436 2245 possit»
481 2199 514 2241 (ξ
553 2197 620 2239 ‘tls
647 2196 862 2242 proindeque
901 2195 1079 2239 additur):
1116 2195 1482 2240 quasi-paroeciarum
1522 2199 1621 2238 (nam
1662 2194 1727 2229 hae
1765 2193 1818 2229 di:

185 2258 333 2293 stinctae
359 2260 473 2302 partes
503 2255 560 2289 «si
593 2254 776 2300 peculiaris
796 2258 908 2289 rector
933 2253 1065 2289 eisdem
1094 2253 1195 2288 fuerit
1222 2253 1434 2298 assignatus,
1464 2253 1511 2288 ita
1543 2252 1816 2299 appellantur»,

186 2327 284 2352 secus
311 2314 456 2350 veniunt
483 2313 548 2348 sub
575 2313 731 2356 nomine)
767 2317 799 2347 et
840 2311 1062 2355 missionum,
1102 2322 1166 2347 nec
1203 2322 1271 2347 non
1306 2313 1598 2347 communitatum
1634 2316 1705 2346 tam
1744 2322 1817 2347 sae-

186 2374 356 2410 cularium
386 2372 546 2417 (forsitan
573 2371 811 2416 collegiorum⁷
841 2370 891 2406 vel
921 2371 956 2404 in
999 2371 1176 2405 communi
1219 2369 1410 2404 viventium
1449 2380 1543 2405 more
1576 2369 1815 2414 religiosorum

187 2434 261 2468 sine
289 2432 389 2473 votis)
418 2442 523 2476 quam
551 2430 793 2474 religiosorum
823 2432 984 2475 (nempez
1017 2429 1108 2475 «qui
1138 2433 1213 2464 vota
1242 2433 1494 2474 nuncuparunt
1521 2428 1557 2462 in
1585 2427 1703 2473 aliqua
1739 2427 1818 2463 reli-

183 2492 285 2537 gione
306 2505 319 2522 ι)
350 2502 415 2526 can
444 2487 525 2531 488,
554 2501 589 2523 n.
617 2488 662 2527 70,
693 2488 832 2524 etiamsi
857 2491 1006 2534 exempti
1038 2488 1178 2531 fuerint,
1211 2491 1384 2532 quatenus
1411 2498 1532 2522 omnes
1563 2486 1721 2522 «debent
1760 2485 1816 2521 Vi-

183 2550 265 2586 carii
293 2554 326 2585 et
353 2548 520 2584 Praefecti
551 2547 736 2593 Apostolici
767 2558 826 2593 per
851 2557 899 2587 se,
930 2547 980 2582 vel
1008 2547 1035 2581 si
1065 2546 1219 2591 legitime
1248 2546 1406 2591 impediti
1437 2545 1578 2586 fuerint,
1617 2556 1676 2591 per
1709 2545 1816 2580 alium

185 2608 355 2644 visitare»
385 2618 463 2643 can.
486 2605 564 2646 301,
584 2602 606 2652 ξ
630 2606 660 2640 ’2.
694 2604 879 2642 Obiectum
906 2610 1022 2641 autem
1049 2605 1285 2651 concessionis
1311 2608 1377 2649 est)
1395 2616 1401 2639 :
1422 2610 1459 2640 ut
1477 2604 1736 2649 indulgentiam
1752 2603 1820 2650 ple-

185 2667 321 2703 nariam
349 2677 419 2701 una
445 2665 517 2700 vice
544 2669 683 2700 tantum
713 2667 790 2710 (pro
817 2674 1028 2710 unaquaque
1047 2663 1257 2706 visitatione)
1279 2664 1403 2699 lucrari
1424 2663 1559 2709 possint
1576 2662 1818 2699 christifideles

188 2727 320 2772 (omnes
345 2723 551 2770 supradicti)
581 2723 770 2758 dummodo
797 2722 935 2758 contriti
963 2722 1088 2766 (idestz
1117 2722 1152 2756 in
1182 2727 1274 2757 statu
1293 2722 1450 2766 gratiae),
1471 2721 1619 2757 confessi
1638 2720 1722 2761 (nisi
1743 2721 1817 2756 iure

183 2788 392 2821 excusentur
416 2794 435 2817 a
462 2782 694 2826 confessione)
720 2793 759 2817 ac
786 2794 814 2816 s.
843 2781 890 2817 Co
900 2781 1106 2816 mmunione
1132 2780 1248 2816 refecti
1269 2780 1380 2826 (prius
1399 2780 1450 2816 vel
1468 2784 1573 2815 antea
1590 2780 1648 2815 sed
1668 2780 1816 2815 durante

186 2843 396 2886 visitatione)
426 2842 499 2888 pias
525 2842 567 2876 ad
600 2841 709 2877 Deum
736 2851 854 2887 preces
881 2840 1053 2885 (ubilibet,
1083 2839 1187 2876 etiam
1214 2840 1324 2883 domi)
1364 2839 1516 2875 fuderint
1555 2849 1616 2885 pro
1653 2850 1680 2873 s.
1723 2837 1814 2874 Fidei
