1971 3261
191 188 260 222 518
591 187 674 221 Lus.
701 186 771 221 ΙΙΙ.
798 206 811 211 -
837 186 948 221 PARS
973 186 1005 220 Ι.
1035 206 1047 213 -
1074 186 1131 221 De
1156 187 1420 222 Sacramenta
1494 187 1587 223 Can.
1617 187 1819 223 1031-1032

193 308 253 348 ius
272 310 329 347 est
349 306 566 348 assistendi
589 305 852 347 matrimonio
871 319 893 344 »
912 306 1026 347 iuxta
1046 303 1363 361 explicationem
1384 304 1521 348 datam
1543 307 1581 348 in
1601 306 1818 349 can.10⁶20

192 379 216 429 ,ξ
250 376 286 430 1,
317 374 627 432 publicationes
660 374 843 417 nondum
881 376 1066 430 inceptas
1095 380 1277 432 perayat
1310 374 1372 417 rel
1406 377 1590 432 inceptas
1620 375 1822 430 absolvat,

193 447 385 503 idemque
418 451 610 488 servetur
643 444 695 489 ab
727 458 775 488 eo
803 447 908 488 «cui
944 458 1023 488 non
1058 450 1119 488 est
1151 447 1214 488 ius
1247 446 1463 489 assistendi
1500 449 1820 490 matrimonio».

191 517 243 559 de
278 515 424 559 barum
460 518 572 559 exitu
609 515 815 559 relaturus
847 515 964 559 alteri
1005 515 1198 572 equidem
1233 515 1310 559 sub
1342 521 1517 570 secreto,
1549 522 1588 559 et
1622 516 1688 561 hic
1720 517 1823 561 alter

192 601 278 629 rem
311 586 474 644 deserat
508 599 721 643 exponens
745 586 1032 642 impedimenti
1057 598 1198 629 casum
1221 599 1315 630 cum
1341 587 1447 629 lictis
1480 586 1717 631 nominibus
1749 601 1820 631 seu

194 657 432 708 initialibus,
465 657 591 700 idest:
624 656 805 699 reticens
837 656 1008 699 nomina
1043 670 1304 712 sponsorum,
1327 656 1383 700 ad
1415 657 1496 700 Ioci
1532 656 1826 710 Ordinarium,

193 731 225 771 si
260 730 442 771 fortassis
477 732 720 785 potestatem
756 726 855 770 illud
890 728 1157 784 dispensandi
1184 727 1250 771 liic
1283 727 1445 783 habeat,
1466 728 1528 771 vel
1559 729 1615 772 ad
1648 729 1821 772 Sacrani

198 799 638 853 l’oenitenliariam,si
672 798 859 856 qualibet
892 811 941 841 ex
977 810 1100 842 causa
1125 800 1183 842 sic
1208 800 1295 842 lieri
1330 804 1531 855 oporteat,
1556 800 1606 843 ad
1641 799 1825 843 obtinen-

194 871 287 913 dain
323 871 686 926 dispensationem.

310 943 357 984 2⁰
389 940 442 984 Si
474 941 818 997 impedimentum
858 945 1018 983 certum
1059 945 1101 983 ut
1138 953 1276 997 supra,
1310 941 1366 983 sit
1395 940 1605 998 publicum
1643 942 1823 985 scilicet:

194 1011 381 1068 pluribus
414 1016 555 1054 notum
589 1013 714 1054 etiam
749 1011 924 1054 relative
958 1011 1008 1054 ad
1044 1010 1196 1065 locum,
1230 1010 1271 1068 3)
1305 1016 1344 1054 et
1377 1010 1601 1069 detegatur
1633 1018 1731 1055 ante
1762 1012 1825 1054 in·

193 1087 333 1140 ceptas
364 1081 684 1140 publicationes,
717 1080 931 1139 paroeltus
966 1080 1203 1124 declaratus
1227 1083 1265 1124 in
1290 1082 1348 1124 n⁰.
1371 1082 1414 1124 1Ο
1439 1082 1620 1125 ulterius
1652 1096 1704 1125 ne
1730 1096 1828 1140 pro-

194 1152 326 1207 cedat,
360 1166 466 1210 quae
501 1157 621 1209 urget
661 1151 885 1209 prohibitio
916 1151 1047 1195 donee
1078 1152 1421 1210 impedimentum
1451 1159 1719 1196 removeatur
1751 1167 1823 1210 pro

194 1226 280 1267 t'oro
314 1230 486 1268 externo
519 1223 847 1282 quomodolibet,
870 1223 1015 1267 saltem
1051 1237 1124 1280 per
1156 1224 1524 1280 dispensationem,
1547 1225 1656 1282 quod
1692 1225 1825 1281 impli-

194 1297 273 1338 cite
305 1297 450 1338 asserit
482 1307 612 1338 canon
649 1308 720 1351 per
753 1294 1005 1338 clausulam:
1040 1294 1121 1337 etsi
1152 1294 1510 1351 dispensationem
1534 1295 1721 1338 eiusdem
1757 1298 1828 1338 ini-

196 1366 434 1423 pedimenti,
470 1366 540 1409 sed
573 1379 651 1423 pro
683 1366 778 1423 soro
813 1365 1095 1409 eonscientiae
1128 1371 1291 1407 tantum
1332 1379 1428 1408 vere
1471 1364 1679 1409 obtentam
1712 1371 1826 1409 certo

195 1437 323 1492 norit,
355 1437 397 1485 b)
432 1437 470 1479 si
502 1436 727 1494 deteyatur
760 1436 1121 1494 qualitercumque
1151 1442 1247 1494 post
1277 1436 1469 1494 primam
1496 1443 1570 1479 aut
1603 1436 1826 1480 secundam

194 1507 537 1566 publicationem,
569 1507 677 1565 quod
713 1510 956 1564 contingere
1000 1512 1132 1564 potest
1175 1508 1282 1563 apud
1328 1506 1557 1565 quemlibet
1599 1507 1826 1564 parochun]

198 1577 498 1635 publicationes
531 1576 994 1635 facientem,paroebus
1027 1577 1093 1620 hic
1123 1576 1432 1635 publicationes
1461 1578 1656 1635 perficiat
1688 1583 1729 1621 et
1762 1578 1828 1622 ille

204 1664 223 1689 ((
247 1651 312 1692 cui
349 1651 411 1692 ius
444 1654 504 1692 est
537 1649 754 1692 assistendi
790 1650 1100 1691 matrimonio»
1138 1662 1226 1690 rem
1259 1647 1444 1692 scilicet:
1490 1647 1654 1692 obstare
1689 1651 1829 1692 matri-

199 1722 334 1763 monio
371 1719 579 1776 publicato
604 1720 948 1776 impedimentum
972 1720 1023 1763 ad
1047 1717 1319 1764 Ordinarium
1354 1719 1532 1772 deferat,
1569 1719 1697 1763 veluti
1732 1733 1752 1763 3
1787 1733 1830 1764 se

197 1793 412 1834 excutiens
445 1793 482 1834 in
518 1805 611 1834 eum
646 1791 697 1835 de
730 1791 807 1834 hoc
842 1793 1106 1834 matrimonio
1144 1791 1471 1847 dispositionem.

315 1861 451 1905 Tertia
486 1861 729 1918 hypothesis
761 1862 1050 1905 consideratur
1082 1861 1159 1905 sub
1181 1860 1209 1919 ξ
1232 1862 1269 1905 3.
1299 1860 1469 1904 Demum
1501 1861 1540 1904 si
1571 1861 1734 1904 nullum
1766 1860 1832 1904 de-

200 1938 350 1975 tectum
373 1930 506 1990 suerit
530 1932 886 1990 impedimentum,
906 1946 980 1975 nee
1002 1931 1170 1975 dubium
1190 1946 1264 1975 nee
1287 1937 1459 1986 certum,
1478 1934 1691 1989 supposita
1708 1931 1830 1975 huius

198 2006 344 2060 capitis
377 2016 583 2047 canonum
608 2003 887 2058 observantia,
905 2002 1118 2061 parochus
1142 2004 1193 2047 de
1216 2016 1298 2060 quo
1322 2005 1407 2060 agit
1430 2007 1539 2046 totus
1562 2015 1692 2047 canon
1719 2015 1833 2060 prae-

199 2088 306 2130 sens,
331 2074 510 2132 eapletis
539 2073 897 2132 publicationibus
929 2074 1075 2117 saltem
1098 2074 1442 2132 aequipollenter
1475 2073 1526 2117 ob
1560 2073 1830 2130 dispensatio-

201 2158 307 2200 nem,
343 2144 398 2188 ad
431 2145 697 2189 matrimonii
730 2144 1065 2201 celebrationem,
1098 2150 1265 2188 servato
1298 2158 1388 2189 can.
1416 2145 1543 2200 1030,
1566 2147 1591 2199 ἓ
1617 2145 1655 2200 1,
1679 2135 1727 2188 ac
1760 2157 1832 2201 per

200 2218 475 2259 assistentiam
525 2216 784 2273 personalem
834 2221 902 2259 aut
951 2218 1262 2260 concessionem
1313 2216 1503 2260 licentiae
1546 2216 1595 2259 ad
1645 2228 1829 2259 normam

200 2299 290 2330 can.
319 2287 444 2341 1095,
466 2289 491 2341 ἓ
515 2287 538 2330 2
563 2292 602 2330 et
633 2299 725 2331 can.
751 2287 878 2341 1097,
910 2292 1058 2344 partes
1092 2286 1307 2342 admittat,
1330 2300 1401 2330 seu
1437 2292 1480 2330 ut
1513 2289 1568 2329 ait
1601 2285 1679 2331 Rit.
1713 2285 1830 2330 Rom.

201 2357 297 2414 (loc.
330 2360 397 2401 cit.
432 2371 469 2400 n.
505 2357 548 2415 8)
583 2362 782 2416 quantum
826 2360 863 2400 in
898 2371 941 2401 se
975 2362 1035 2400 est
1073 2358 1166 2401 «ad
1213 2357 1534 2401 celebrationem
1580 2359 1830 2400 matrimonii

203 2428 450 2484 procedatur
474 2445 514 2471 J).

318 2499 415 2542 4623-
451 2500 678 2557 speciale
722 2502 1080 2557 praescriptum
1113 2502 1176 2546 de
1208 2512 1448 2557 vagorum
1492 2501 1834 2546 matrimoniis.

202 2596 254 2601 —
288 2569 347 2613 Ex
382 2569 461 2613 Rit.
496 2570 615 2615 Rom.
651 2571 746 2627 (loc.
772 2573 840 2614 cit.
867 2584 903 2615 n.
941 2572 984 2624 6)
1020 2576 1080 2614 est
1113 2570 1357 2627 desumptus
1389 2584 1479 2613 ean.
1515 2572 1647 2613 1032.
1683 2568 1834 2613 Matri·

203 2640 339 2684 monio
372 2654 585 2697 vayorum,
621 2647 705 2684 tuin
740 2645 876 2698 sponsi
912 2641 1033 2684 simul
1067 2653 1114 2685 ac
1147 2653 1337 2697 sponsae,
1372 2641 1479 2699 quod
1516 2653 1624 2695 raro,
1657 2646 1743 2684 tum
1779 2640 1834 2683 al-

203 2713 478 2767 teriusutrius,
512 2712 619 2768 quod
672 2713 930 2769 frequentius
977 2713 1155 2765 eveniet,
1188 2710 1239 2754 de
1271 2710 1417 2769 quibus
1451 2711 1495 2754 in
1528 2725 1617 2754 can.
1652 2713 1721 2762 91,
1754 2713 1831 2754 sci-

204 2782 325 2825 licet:
364 2782 585 2824 «Persona
621 2783 800 2826 dicitur:
843 2794 973 2838 vagus
1006 2784 1037 2825 si
1071 2781 1218 2825 nullibi
1266 2781 1524 2825 domicilium
1573 2780 1723 2825 habeat
1768 2780 1830 2824 vel

202 2855 319 2909 quasi
354 2852 610 2896 domicilium
637 2869 675 2906 n,
699 2858 737 2896 et
771 2855 889 2896 cuius
917 2868 939 2893 «
963 2855 1154 2909 proprius
1188 2852 1393 2909 parochus
1428 2852 1491 2895 vel
1519 2849 1769 2897 Ordinarius
1791 2867 1830 2903 »,

204 2924 327 2966 etiam
363 2929 405 2966 ut
444 2925 752 2966 «matrimonio
788 2922 896 2966 licite
929 2925 1120 2966 assistant
1155 2923 1262 2980 (can.
1299 2923 1426 2974 1097,
1459 2922 1487 2980 ξ
1519 2923 1558 2976 1,
1593 2936 1658 2965 nn.
1686 2921 1743 2973 ⁶20,
1769 2920 1832 2978 30)
