1971 3261
212 82 281 116 342
607 82 689 114 1213.
715 64 788 115 111,
817 101 830 106 -
857 81 966 115 PARS
993 81 1023 114 I.
1051 101 1064 106 —
1091 81 1147 116 De
1173 81 1438 116 Sam-amentis

1644 81 1736 117 Gan.
1765 82 1836 117 939

213 206 297 244 tum
332 214 403 258 per
435 213 477 243 se
511 213 589 242 non
624 213 711 242 esse
744 199 794 242 de
828 201 1072 243 necessitate
1110 199 1233 242 medii
1269 200 1320 242 ad
1356 200 1530 243 salutem
1555 216 1594 255 )›,
1627 202 1680 245 ita
1707 205 1748 245 ut
1771 215 1836 245 ne-

210 274 441 316 cessitatem
487 272 663 326 proximi
707 274 936 313 extremam
981 283 1060 313 non
1105 272 1340 325 constituat,
1374 272 1450 313 nisi
1485 273 1523 313 in
1559 284 1655 315 casu
1698 272 1834 316 decla-

211 342 339 385 rando
372 340 449 384 sub
481 353 570 384 can.
605 340 703 384 943.

920 503 1066 540 CAPUT
1091 504 1130 539 ll.

664 588 719 622 De
745 587 918 622 subiecto
943 588 1140 623 extremae
1167 588 1378 624 unctionis.

211 715 463 811 przieblbri93iin
485 768 593 810 potest
614 764 678 798 nisi
703 763 807 799 fideli.
831 764 888 809 qui
912 769 984 809 post

208 812 373 858 adeptum
401 822 503 846 usum
534 811 679 846 rationis
716 811 759 846 ob
798 811 984 846 infirmita-

208 865 277 894 tem
305 859 355 895 vel
381 859 519 894 senium
548 859 583 893 in
605 858 756 904 periculo
775 858 895 894 mortis
913 870 984 894 ver-

210 911 314 942 setur.

542 720 561 759 §
603 716 630 750 l.
669 716 829 752 Extrema
866 716 985 752 unctio

256 958 274 995 ξ,
301 954 334 987 ⁶2.
366 953 401 988 ln
428 953 548 988 eadem
569 952 774 988 infirmitate
793 952 857 988 hoc
876 964 985 988 sacra-

209 1005 367 1036 mentum
394 1000 509 1036 iterari
538 1010 608 1034 non
637 1004 756 1045 potest,
788 1000 854 1035 nisi
888 999 984 1035 infir-

209 1060 286 1084 mus
314 1052 387 1094 post
413 1051 607 1093 susceptam
639 1048 838 1082 unctionem
859 1058 984 1083 conva-

208 1096 310 1131 luerit
334 1100 368 1131 et
394 1095 430 1129 in
456 1095 552 1130 aliud
580 1094 670 1130 vitae
687 1095 876 1130 discrimen
897 1095 983 1129 inci—

207 1143 303 1178 derit.

255 1190 339 1225 CAN.
369 1187 448 1224 941,
478 1211 493 1214 -
522 1189 673 1232 Quando
699 1189 879 1225 dubitatur
898 1200 982 1224 num

208 1237 370 1272 infirmus
396 1248 498 1272 usum
525 1237 671 1272 rationis
697 1237 863 1281 attigerit,
896 1248 983 1271 num

207 1285 243 1319 in
272 1285 424 1331 periculo
451 1284 571 1319 mortis
598 1284 711 1330 reipsa
745 1289 899 1319 versetur
932 1284 981 1319 vel

208 1343 293 1367 num
329 1336 485 1367 mortuus
523 1331 580 1374 sit,
623 1331 685 1366 hoc
723 1336 981 1367 sacramentum

206 1379 425 1414 ministretur
449 1378 515 1414 sub
541 1378 753 1414 conditione.

254 1425 338 1462 CAN.
368 1425 445 1461 942.
477 1447 493 1451 -
522 1425 593 1461 Hoc
619 1430 879 1461 sacramentum
911 1437 980 1461 non

1058 722 1108 752 est
1127 717 1378 753 conferendum
1398 718 1467 752 illis
1486 719 1543 764 qui
1566 719 1834 765 impoenitentes

1058 764 1095 798 in
1123 765 1308 800 manifesto
1336 770 1473 811 peccato
1502 766 1635 801 mortali
1658 771 1835 802 contuma-

1058 812 1142 847 citer
1170 809 1410 858 perseverant;
1440 814 1531 859 quod
1559 813 1585 847 si
1606 813 1669 849 hoc
1687 814 1832 849 dubium

1060 859 1172 899 fuerit,
1200 860 1400 895 conferatur
1426 860 1490 895 sub
1517 860 1729 896 conditione.

1106 904 1185 941 CAN.
1216 904 1297 941 943.
1322 928 1337 932 -
1360 907 1512 942 infirmis
1528 912 1644 943 autem
1663 908 1736 954 qui,
1753 919 1832 944 cum

1058 964 1141 988 suae
1168 955 1296 989 mentis
1322 959 1497 1000 compotes
1515 960 1644 997 essent,
1666 955 1751 991 illud
1771 956 1836 991 sal-

1058 1005 1126 1035 tem
1147 1001 1315 1046 implicite
1336 1002 1508 1047 petierunt
1526 1007 1585 1037 aut
1601 1003 1835 1039 verisimiliter

1059 1047 1251 1094 petiissent,
1282 1048 1416 1084 etiamsi
1457 1049 1583 1085 deinde
1620 1061 1743 1085 sensus
1782 1051 1834 1086 vel

1057 1106 1159 1130 usum
1186 1096 1331 1131 rationis
1367 1096 1562 1138 amiserint,
1603 1097 1834 1133 nihilominus

1056 1142 1213 1178 absolute
1241 1143 1457 1187 praebeatur.

1105 1188 1189 1225 CAN.
1220 1188 1301 1225 944.
1333 1212 1349 1216 -
1371 1190 1541 1234 Quamvis
1559 1191 1622 1227 hoc
1636 1202 1833 1227 sacramen-

1058 1241 1130 1272 tum
1160 1248 1219 1283 per
1237 1249 1273 1273 se
1293 1249 1361 1274 non
1381 1238 1425 1273 sit
1443 1239 1485 1274 de
1504 1239 1710 1274 necessitate
1729 1239 1833 1275 medii

1055 1284 1098 1319 ad
1126 1284 1288 1326 salutem,
1320 1286 1452 1321 nemini
1481 1290 1598 1321 tamen
1630 1286 1710 1322 licet
1747 1286 1833 1322 illud

1058 1331 1253 1376 negligere;
1283 1338 1315 1368 et
1341 1333 1437 1368 omni
1466 1333 1580 1368 studio
1601 1338 1634 1368 et
1651 1334 1834 1379 diligentia

1057 1380 1253 1414 curandum
1281 1385 1317 1415 ut
1344 1380 1488 1421 infirmi,
1526 1381 1608 1416 dum
1644 1381 1696 1416 sui
1733 1381 1833 1427 plene

1056 1431 1231 1472 compotes
1257 1433 1352 1469 sunt,
1382 1427 1466 1463 illud
1494 1427 1676 1474 recipiant.

325 1544 421 1588 283.
449 1547 708 1601 Inscriptio
733 1547 909 1602 capitis
928 1549 976 1590 et
994 1547 1116 1591 ordo
1136 1559 1390 1591 canonum.
1408 1571 1463 1576 -—
1483 1545 1677 1602 Sequitur
1698 1545 1833 1604 Caput

206 1614 260 1671 ΙΙ,
274 1618 391 1659 cuius
405 1618 616 1672 inscriptio
630 1619 688 1659 sic
703 1620 763 1659 est
778 1615 1062 1672 intelligenda:
1086 1615 1144 1659 De
1161 1615 1341 1660 subiecto
1361 1617 1677 1660 determinando
1694 1618 1830 1675 quoad

209 1686 478 1739 validitatem,
504 1687 725 1730 liceitatem
749 1699 796 1729 ac
821 1687 1006 1730 eiusdem
1033 1686 1325 1744 obligationem
1350 1688 1602 1744 suscipiendi
1621 1693 1834 1731 eoetremae

207 1757 417 1800 unctionis
449 1762 776 1812 sacramentum,
809 1760 927 1801 cuius
961 1762 1150 1801 naturam
1185 1759 1353 1802 edocuit
1386 1772 1459 1802 nos
1492 1771 1621 1802 canon
1657 1759 1754 1803 937.
1778 1785 1835 1789 ——

206 1828 380 1871 Proinde
414 1840 503 1871 can.
543 1828 626 1871 940
661 1828 909 1871 determinat
931 1828 1105 1872 subiecti
1132 1829 1390 1872 conditiones
1413 1830 1548 1886 quoad
1578 1829 1833 1874 validitatem

205 1911 252 1942 ac
286 1899 536 1942 infirmitatis
568 1912 747 1956 quoque,
784 1903 951 1955 propter
983 1899 1092 1957 quod
1128 1902 1362 1944 necessario
1395 1902 1582 1958 sequitur
1623 1913 1712 1944 can.
1747 1901 1827 1944 941

205 1970 256 2013 de
290 1969 562 2013 ministrando
599 1969 662 2012 vel
698 1983 818 2013 secus
851 1969 929 2014 hoc
962 1975 1268 2013 sacramentum
1306 1973 1342 2013 in
1377 1971 1625 2028 quibusdam
1661 1973 1835 2015 circum·

205 2043 385 2094 stantiis3
411 2040 462 2083 de
497 2040 674 2083 liceitate
709 2046 845 2084 autem
871 2041 1223 2084 administrandae
1246 2047 1457 2085 extremae
1483 2044 1686 2086 unctionis
1708 2055 1831 2086 causa

204 2111 378 2154 subiecti
411 2111 735 2154 sollicitudinem
772 2111 981 2155 Ecclesiae
1016 2113 1266 2168 patefaciunt
1301 2125 1389 2155 can.
1427 2113 1524 2160 942,
1568 2113 1666 2166 943,
1709 2118 1831 2170 atque

205 2182 373 2225 deinum
407 2181 700 2237 obligationem
736 2187 925 2238 respectu
959 2185 1233 2239 susceptionis
1265 2184 1391 2227 edicit
1423 2197 1497 2227 can
1534 2184 1632 2226 944.

322 2298 402 2335 284.
430 2303 685 2335 Subiectum
714 2304 936 2336 extremae
964 2304 1183 2338 unctionis
1211 2304 1378 2337 validae
1406 2314 1454 2337 ac
1481 2305 1532 2337 de
1561 2305 1830 2338 huiusitera-

201 2360 330 2394 tione.
361 2380 401 2383 —
430 2358 536 2394 Cone.
566 2359 658 2394 Trid.
688 2359 767 2403 (loo.
795 2360 853 2394 cit.
884 2371 958 2405 cap.
990 2360 1025 2401 2,
1052 2360 1169 2396 docet:
1204 2361 1302 2396 «Res
1338 2372 1437 2407 porro
1475 2366 1507 2397 et
1544 2362 1684 2397 effectus
1726 2361 1830 2397 huius

201 2418 408 2453 sacramenti
437 2417 506 2451 illis
533 2418 650 2453 verbis
676 2418 890 2464 explicatur:
920 2418 958 2454 Et
984 2419 1093 2455 oratio
1117 2419 1194 2455 fidei
1216 2420 1367 2455 salvabit
1384 2420 1584 2461 infirmum;
1605 2425 1638 2456 et
1655 2420 1832 2455 alleviabit

201 2488 280 2513 eum
310 2476 497 2520 Dominus3
525 2481 557 2511 et
584 2477 610 2511 si
641 2477 676 2511 in
712 2477 861 2523 peccatis
887 2479 943 2519 sit,
972 2478 1194 2514 dimittentur
1218 2479 1268 2520 ei;
1298 2490 1351 2514 res
1377 2479 1507 2515 etenim
1535 2480 1618 2515 haec
1643 2479 1755 2524 gratia
1780 2484 1831 2515 est

201 2534 351 2581 Spiritus
377 2533 510 2577 Sancti,
543 2536 642 2570 cuius
672 2535 788 2570 unctio
814 2536 952 2577 delicta.r
981 2536 1008 2570 si
1037 2548 1125 2582 quae
1151 2537 1233 2577 sint,
1262 2538 1377 2573 adhuc
1402 2538 1587 2584 expianda.
1624 2549 1664 2573 ac
1703 2537 1830 2584 peccati

201 2593 366 2639 reliquias
391 2593 575 2638 abstergit:
605 2598 637 2629 et
662 2595 795 2638 aegroti
825 2594 980 2630 animam
1006 2595 1159 2636 alleviat,
1188 2601 1220 2631 et
1246 2596 1445 2638 confirmat,
1475 2607 1639 2642 magnam
1668 2597 1704 2631 in
1723 2607 1762 2632 eo
1779 2597 1830 2632 di·
1897 2596 1900 2601 “
1951 2575 1969 2603 ⁴

202 2654 304 2688 vinae
330 2652 587 2687 misericordiae
615 2652 777 2688 fiduciam
804 2653 1000 2698 excitando,
1021 2665 1089 2700 qua
1116 2654 1278 2690 infirmus
1309 2655 1524 2697 sublevatus,
1558 2660 1592 2691 et
1630 2655 1739 2691 morbi
1779 2656 1831 2690 in-

202 2711 392 2751 commoda,
419 2721 459 2746 ac
486 2710 621 2746 labores
648 2711 756 2747 levius
783 2712 860 2753 fert,
892 2713 1143 2748 tentationibus
1176 2714 1369 2755 daemonis,
1410 2715 1576 2750 calcaneo
1614 2715 1828 2757 insidiantis,

205 2770 340 2806 facilius
378 2769 521 2810 resistit,
561 2774 593 2804 et
631 2770 816 2807 sanitatem
843 2771 996 2818 corporis
1023 2772 1208 2813 interdum,
1243 2773 1300 2808 ubi
1329 2774 1435 2809 saluti
1463 2774 1604 2809 animae
1629 2773 1830 2819 expedierit,

202 2827 474 2873 consequitur»,
503 2832 534 2862 et
563 2827 597 2861 in
627 2838 705 2863 can.
735 2827 755 2862 2
781 2828 954 2864 definivit:
986 2843 1001 2861 «
1027 2829 1062 2865 Si
1090 2830 1168 2876 quis
1193 2831 1332 2873 dixerit,
1362 2842 1498 2867 sacram
1525 2831 1746 2866 infirmorum
1765 2842 1829 2866 un-
