1971 3261
200 172 265 206 114
598 170 682 204 LIB.
712 169 783 203 III.
814 189 825 195 -
853 169 963 204 PARS
989 169 1019 203 I.
1049 189 1058 196 ·
1087 170 1144 204 De
1169 169 1434 204 Sacramentis
1546 168 1638 204 Can.
1665 169 1825 205 soe-807

199 296 294 344 tam,
327 289 540 348 impertiri
563 289 709 347 nequit
737 288 1013 341 Ordinarius,
1032 293 1072 331 et
1094 293 1396 346 consequenter
1430 287 1649 344 prohibitio
1683 289 1824 345 plures

200 363 341 403 missas
373 359 609 403 celebrandi
646 364 814 414 urgeret
847 357 896 401 ad
933 371 1119 400 normam
1154 370 1243 403 can.
1279 358 1347 412 81,
1381 357 1467 400 nisi
1494 372 1598 409 eccm,
1620 358 1826 415 prudenti

199 430 331 488 ipsius
365 429 535 483 iudicio,
575 429 669 471 «ad
706 441 827 485 quem
866 431 1054 481 pertinet,
1091 433 1173 471 tum
1219 429 1270 471 de
1313 440 1410 471 vera
1444 431 1700 472 necessitate.
1737 434 1822 472 tum

198 501 247 544 de
290 500 556 557 possibilitate
602 499 717 556 (alia)
763 500 960 541 canonica
1008 498 1191 542 remedia
1234 498 1484 555 applicandi,
1519 500 1626 542 ferre
1663 504 1826 543 senten-

198 573 293 613 tiam
320 586 339 611 »
365 571 391 617 ²,
416 570 573 613 scilicet
596 570 646 612 de
671 567 978 611 conditionibus
1001 570 1137 611 statim
1171 567 1442 624 explicandis,
1466 573 1506 611 et
1528 571 1645 612 cuius
1670 569 1825 612 iudicio

197 653 273 682 non
308 640 524 683 evidenter
557 651 731 682 erroneo
767 638 1040 681 deserendum
1074 643 1146 686 cst,
1172 637 1212 695 a)
1233 643 1409 695 propter
1429 638 1653 695 penuriam
1688 652 1826 682 sacer-

195 710 352 763 dotum,
385 712 478 767 quia
513 712 544 753 si
579 710 683 752 alius
717 709 914 752 sacerdos
947 709 1111 752 adesset
1145 722 1223 751 non
1259 709 1496 765 impeditus,
1532 714 1665 765 posset
1699 712 1736 752 in
1761 724 1825 753 se-

194 783 335 838 quenti
369 782 612 823 necessitale
646 779 820 835 obligari
859 792 931 835 per
966 779 1213 835 Episcopum
1258 779 1307 822 ad
1332 778 1643 833 celebrandum,
1677 780 1823 823 saltem

194 851 359 908 (plaudo
392 856 499 894 esset
531 850 736 905 subditus,
767 853 803 892 vi
830 863 920 894 can.
951 850 1044 904 1⁶27,
1071 849 1112 906 b)
1147 848 1216 892 die
1246 848 1355 907 festo
1388 848 1691 907 depraecepto,
1716 852 1827 894 sicut

194 926 254 964 est
286 923 409 964 etiam
449 921 580 964 «dies
615 921 914 975 dominicus»,
949 921 998 962 ad
1034 932 1221 962 normam
1261 932 1350 963 can.
1389 919 1516 974 1427,
1550 919 1590 976 c)
1623 920 1827 964 notabilis
1868 915 1871 917 ’

193 990 379 1047 fidelium
409 1005 512 1049 pars
545 991 731 1034 absolute
766 990 1069 1034 consideranda
1103 989 1148 1047 d)
1183 988 1344 1032 Missae
1376 989 1550 1033 adstare.
1581 1004 1664 1033 von
1688 991 1824 1048 possit

197 1076 242 1106 νᾳ
268 1076 328 1118 gr.
365 1067 530 1119 propter
564 1063 811 1118 parvitatem
847 1060 1083 1104 Ecclesiae:
1118 1072 1224 1118 quae
1252 1054 1449 1104 'conditio
1493 1073 1573 1104 non
1614 1063 1824 1113 existeret,

192 1135 223 1175 si
257 1133 593 1176 commoditatem
629 1137 891 1175 sectarentur
924 1130 1080 1186 fideles,
1118 1130 1182 1174 vel
1221 1130 1410 1174 voluntas
1443 1133 1502 1174 eis
1534 1131 1707 1175 deesset.
1738 1131 1825 1176 Sub

194 1203 256 1246 his
288 1217 386 1259 ergo
419 1202 727 1247 conditionibus
764 1207 895 1258 potest
929 1203 1131 1258 impertiri
1166 1204 1398 1245 neccssaria
1443 1201 1614 1245 facultas
1653 1201 1821 1246 binandi

192 1287 263 1317 seu
301 1274 360 1317 bis
393 1273 629 1317 celebrandi
664 1274 811 1316 eodem
847 1274 936 1327 die3
970 1286 1053 1316 ‘non
1076 1277 1137 1315 est
1161 1277 1300 1315 atatem
1323 1272 1368 1315 in
1393 1272 1483 1315 eius
1507 1270 1717 1317 Ordinarii
1744 1273 1821 1317 loci

190 1349 412 1401 potestate,
445 1357 550 1401 quae
585 1344 757 1400 proinde
791 1343 885 1387 Sedi
922 1343 1184 1399 Apostolicae
1230 1347 1482 1399 reservatur,
1512 1342 1660 1401 plures
1698 1357 1822 1402 quam

192 1414 298 1457 duas
333 1413 486 1457 Missas
520 1428 600 1458 uno
634 1415 700 1457 die
737 1419 900 1470 praeter
933 1418 1129 1470 exceptos
1164 1416 1279 1457 initio
1321 1416 1492 1457 canonis
1525 1416 1620 1472 quia
1655 1414 1823 1470 dicitur,

192 1484 323 1527 eidem
356 1484 567 1527 sacerdoti
589 1484 850 1542 permittere,
879 1484 1002 1527 idest:
1027 1484 1268 1527 facultatem
1294 1484 1394 1527 dare
1417 1484 1468 1527 de
1492 1496 1572 1541 qua
1598 1486 1635 1526 in
1660 1483 1739 1528 hoc
1760 1483 1822 1542 §Q

311 1556 407 1598 ila.
443 1557 715 1612 Dispositio
750 1557 945 1600 animae
977 1556 1041 1600 ad
1076 1556 1442 1600 celebrandum.
1481 1579 1508 1584 —
1551 1553 1672 1598 Conc.
1708 1553 1819 1600 Trid.

193 1628 231 1668 in
265 1625 383 1669 Doc.⁰
419 1626 635 1669 doctrinali
663 1626 677 1647 ²
712 1627 789 1668 ait:
830 1626 908 1668 «Si
943 1637 1021 1667 non
1055 1624 1175 1668 decet
1198 1624 1247 1667 ad
1282 1636 1421 1668 sacras
1455 1623 1558 1667 ullas
1592 1625 1824 1668 functiones

191 1699 428 1754 quempiam
464 1696 680 1750 accedere,
715 1698 789 1738 nisi
823 1700 986 1749 sancte,
1022 1699 1148 1749 certe,
1183 1708 1263 1752 quo
1299 1697 1429 1751 magis
1462 1697 1671 1749 sanctitas,
1697 1700 1736 1738 et
1759 1695 1819 1738 di-

196 1769 344 1810 vinitas
377 1766 566 1810 caelestis
599 1766 721 1809 huius
754 1767 1003 1809 sacramenti
1039 1767 1129 1808 viro
1163 1765 1389 1808 christiano
1422 1769 1635 1822 comperta
1669 1770 1742 1819 est,
1773 1778 1825 1808 eo

193 1837 431 1894 diligentius
463 1850 614 1880 cavere
649 1837 716 1880 ille
749 1836 885 1890 debet,
920 1849 978 1894 ne·
1003 1835 1161 1893 absque
1195 1848 1343 1892 magna
1378 1837 1626 1889 reverentia,
1662 1839 1701 1878 et
1732 1847 1822 1878 san-

192 1912 332 1952 ctitate
365 1909 414 1951 ad
450 1909 487 1951 id
525 1908 835 1965 percipiendum
871 1907 1062 1961 accedat,
1099 1909 1340 1963 praesertim
1374 1920 1470 1950 cum
1497 1906 1564 1949 illa
1590 1905 1709 1963 plena
1745 1907 1824 1949 ior·

195 1979 359 2022 midinis
396 1978 520 2022 verba
554 1978 662 2034 apud
698 1977 941 2034 Apostolum
966 1978 981 2000 ³
1017 1977 1226 2034 legamus:
1260 1975 1384 2030 “Qui
1410 1977 1633 2020 manducat
1656 1980 1696 2019 et
1718 1975 1824 2020 bibit

194 2050 375 2106 indigne,
409 2049 606 2092 iudicium
652 2048 728 2092 sibi
774 2049 998 2092 manducat
1041 2053 1080 2091 et
1125 2047 1241 2101 bibit,
1274 2061 1354 2091 non
1399 2047 1633 2099 dijudicans
1670 2060 1822 2103 corpus

197 2119 355 2162 Domini
381 2153 418 2175 „.
453 2119 591 2174 Quare
625 2121 936 2162 communicare
985 2118 1137 2161 volenti
1183 2117 1450 2161 recolendum
1496 2122 1555 2161 est
1589 2120 1627 2160 iu
1662 2130 1820 2160 memo·

195 2192 295 2233 riam
329 2192 417 2233 eius
452 2194 716 2245 praeceptum
743 2190 781 2233 ⁴:
817 2188 1016 2232 “Probet
1048 2194 1186 2232 autem
1231 2190 1413 2245 seipsum
1458 2188 1580 2231 homo
1605 2221 1643 2242 „.
1676 2187 1819 2231 Eccle-

192 2262 355 2304 siastica
388 2265 524 2303 autem
560 2260 815 2303 cousuetudo
849 2259 1046 2314 declarat,
1083 2271 1173 2302 eam
1222 2258 1506 2315 probationem
1541 2260 1820 2302 necessariam

193 2344 295 2385 esse,
330 2335 372 2373 ut
407 2330 540 2373 nullus
572 2329 648 2373 sibi
684 2333 874 2373 conscius
908 2332 1064 2386 peccati
1100 2329 1298 2385 mortalis,
1323 2330 1593 2385 quantumvis
1625 2328 1702 2372 sibi
1727 2341 1818 2372 con·

195 2403 311 2444 tritus
347 2401 548 2450 videatur,
582 2400 737 2457 absque
783 2403 1006 2456 praemissa
1049 2399 1340 2443 sacramentali
1384 2400 1640 2443 consessione
1674 2399 1724 2442 ad
1759 2411 1821 2442 sa·

191 2484 303 2515 cram
339 2471 631 2514 eucharistiam
666 2472 866 2514 accedere
898 2470 1108 2514 debeat».
1142 2469 1249 2526 Ergo
1284 2472 1345 2513 ius
1378 2470 1568 2512 divinum
1615 2471 1817 2526 praecipit

191 2541 532 2585 sacramentalem
566 2541 865 2583 confessionem
902 2539 1259 2597 praemittendam,
1284 2541 1523 2596 ceteroquin
1549 2551 1696 2582 arcens
1719 2551 1815 2582 con-

192 2614 323 2655 scium
356 2616 485 2654 status
520 2613 675 2666 peccati
712 2611 896 2654 mortalis
928 2623 949 2653 a
983 2622 1100 2653 sacra
1134 2622 1287 2654 mensa.
1313 2631 1368 2638 —
1395 2610 1590 2666 Sequitur
1623 2611 1663 2652 in
1698 2608 1818 2652 [)66.0

192 2683 302 2727 cit.⁰:
343 2680 504 2734 «Quod
540 2693 561 2723 a
596 2680 831 2723 christianis
865 2680 1071 2735 omnibuS,
1095 2682 1217 2723 etiam
1242 2679 1293 2723 ab
1327 2681 1375 2722 iis
1407 2679 1708 2734 sacerdotibus,
1729 2681 1816 2736 qui-

194 2752 268 2796 bus
300 2766 350 2795 cx
384 2752 517 2794 officio
552 2750 786 2794 incubuerit
819 2750 1045 2801 celebrare,
1079 2749 1181 2793 haec
1214 2750 1361 2793 Sancta
1395 2750 1587 2806 Synodus
1616 2753 1818 2805 perpetuo

310 2860 320 2881 1
348 2856 587 2891 Benedictus
603 2856 697 2890 XIV
711 2868 767 2901 ep
787 2870 803 2889 «
820 2856 1067 2891 Declarasm
1090 2855 1132 2889 16
1147 2855 1261 2889 Mart
1282 2855 1386 2897 1646,
1405 2856 1470 2897 ἓ9.
1491 2875 1531 2880 ——
1548 2854 1679 2888 ²Sess.
1700 2853 1814 2898 XIII,

192 2918 274 2950 cap.
305 2905 389 2939 VII
419 2904 732 2937 ——'³IadCor
762 2904 831 2943 XI
860 2902 1245 2937 ⁴2⁹—41ad00r
1275 2901 1344 2943 XI,
1370 2902 1426 2936 28.
