1971 3261
101 168 194 204 Can.
221 168 378 203 986-987
682 166 765 200 ΤιΤ.
794 166 856 200 VI.
885 187 895 192 -
924 168 981 201 De
1011 168 1154 202 Ordine
1661 169 1730 202 437

100 286 152 330 ob
186 289 385 330 rationem
422 284 605 329 1nnoc¹.l
639 298 762 341 supra
798 287 962 328 citatam
1001 291 1124 342 pabit,
1159 301 1206 329 ex
1244 287 1466 343 praedietis
1499 286 1731 330 defectibus

99 359 322 401 contractis
354 360 448 399 ante
484 355 748 412 baptismum5
793 355 869 398 hoe
913 362 1104 412 suscepto
1138 360 1411 412 supervenire
1447 357 1729 413 irregularita-

100 432 194 471 tem.
231 425 312 469 Nee
346 428 566 470 obiiciatur
599 424 799 468 absonum
834 438 945 468 esse:
984 431 1021 468 ut
1068 441 1115 469 ex
1163 432 1241 469 lam
1278 428 1434 470 eiiii-aci
1469 432 1729 471 sacramento

98 499 136 540 in
173 496 339 544 bonum,
376 497 692 552 irregularitatis
727 497 839 551 prius
874 508 951 537 non
987 499 1200 539 existentis
1236 497 1342 539 malo
1366 497 1600 540 subiectum
1627 499 1728 540 irre-

100 570 180 611 tiri.
210 567 310 610 Nam
340 569 550 611 evanescit
580 565 801 609 difficultas
825 579 874 608 ex
899 567 1230 610 consideratione
1250 569 1358 625 quod
1382 582 1453 624 per
1479 568 1724 624 baptismum

99 640 368 696 consequitur
402 637 510 680 illius
542 637 774 681 subiectum
812 636 1065 679 habilitatem
1102 638 1150 680 ad
1187 638 1353 681 ordines
1384 640 1682 694 suscipiendos,
1709 653 1728 682 a

99 709 250 768 quibus
285 711 464 751 maxime
499 707 691 761 distabat,
723 710 917 765 quamvis
952 713 1119 763 propter
1153 709 1357 752 del'eetum
1394 715 1510 753 antea
1547 713 1723 753 existen-

100 786 180 824 tem
215 779 336 823 simul
372 785 411 823 et
445 779 578 835 legem
613 781 871 831 canonicam,
906 780 970 821 eui
1007 792 1083 820 non
1122 782 1234 834 prins
1267 780 1337 823 sed
1366 794 1472 823 nunc
1496 781 1728 833 subiicitur,

100 855 310 895 remaneat
345 850 558 894 exclusum
594 850 644 893 ab
678 848 894 892 ordinibus
945 848 1054 892 licite
1106 854 1261 892 lantum
1315 852 1573 907 recipiendis.
1609 851 1655 894 Et
1691 854 1727 894 in

98 922 176 966 hoc
209 921 308 965 nihil
345 926 515 978 apparet
552 923 695 964 rationi
733 923 868 963 minus
902 933 1148 976 congruum.

219 992 315 1036 354.
353 993 424 1038 De
456 994 567 1038 aliis
599 1006 774 1038 sacrae
797 993 1124 1037 ordinationis
1147 994 1521 1048 impedimentis.
1548 1019 1603 1023 —
1626 992 1725 1037 Can.

98 1066 206 1107 987.
232 1064 336 1107 Sam
360 1062 612 1120 sz'tnplim'ter
630 1062 845 1120 impediti:
867 1061 1027 1105 scilicet
1047 1063 1344 1118 impedimento
1364 1067 1640 1107 communiter
1658 1077 1726 1120 ap-

99 1134 262 1191 pellato,
288 1147 366 1177 non
405 1133 602 1189 peculiari
637 1135 803 1176 nomine
835 1135 942 1176 sicut
977 1132 1284 1189 irregularilas3
1324 1139 1447 1191 atque
1484 1137 1537 1177 uti
1572 1135 1623 1178 ab
1658 1135 1722 1177 illa

98 1205 338 1249 distinctum
364 1219 411 1247 ex
440 1210 583 1247 natura
608 1216 680 1247 sua
708 1217 786 1247 non
809 1205 886 1246 erit
919 1208 1180 1260 perpetuum,
1214 1204 1283 1247 sed
1320 1207 1517 1260 temporis
1551 1205 1726 1248 decursu

102 1276 165 1319 vel
190 1275 275 1319 sola
302 1275 409 1319 illius
432 1275 605 1318 subiecti
633 1275 832 1318 industria
853 1277 975 1318 etiam
996 1275 1298 1329 auferemlum3
1323 1278 1516 1332 quamtis
1540 1277 1723 1319 eiusdem

99 1347 363 1404 perdurantis
396 1349 477 1389 sint
509 1346 682 1389 effectus
716 1346 839 1389 iidem
874 1358 922 1389 ac
956 1359 1005 1388 ex
1032 1346 1337 1402 irregularitate
1363 1349 1652 1402 provenientes
1676 1348 1724 1390 ad

98 1431 285 1461 normam
321 1431 411 1461 ean.
446 1418 543 1462 968.

217 1489 315 1533 355.
351 1491 427 1535 Ob
461 1494 717 1546 parentem
749 1491 1091 1535 acatholicum.
1127 1515 1178 1519 —
1229 1490 1423 1546 Sequenti
1471 1490 1591 1532 modo
1631 1503 1726 1532 enn-

100 1566 312 1603 meranlnr
347 1559 427 1602 illi:
448 1560 501 1602 1⁰.
540 1558 656 1613 Filii,
678 1574 756 1602 non
778 1562 856 1603 iam
879 1564 1048 1616 nepotes
1066 1573 1114 1603 ex
1138 1559 1242 1602 linea
1264 1565 1430 1616 paterna
1455 1562 1564 1602 iuxta
1589 1559 1728 1603 Decla-

99 1633 298 1674 rationem
333 1629 374 1675 C.
409 1630 448 1674 S.
482 1629 618 1676 Officii
646 1631 657 1653 ¹
697 1647 719 1672 c<
743 1630 984 1674 Haereticos
1007 1631 1057 1674 ad
1084 1631 1206 1674 tidem
1231 1630 1476 1674 catholicam
1503 1645 1729 1675 conversos

97 1701 193 1760 (sub
226 1715 315 1745 can.
352 1703 450 1757 985,
486 1702 528 1744 t0
562 1702 812 1759 quandoque
845 1702 1186 1759 comprehensos)
1211 1715 1258 1745 ac
1284 1703 1388 1745 tilios
1423 1702 1725 1745 haereticorum

98 1775 167 1830 qui
203 1775 241 1815 in
278 1772 437 1816 haeresi
475 1775 700 1829 persistunt
736 1773 797 1816 vel
836 1775 984 1816 mortui
1019 1775 1195 1827 sunt,ad
1223 1776 1401 1830 primum
1428 1778 1465 1817 et
1499 1774 1726 1816 seeundum

97 1844 275 1900 gradum
312 1857 383 1900 per
417 1844 566 1887 lineam
603 1849 832 1900 paternam,
869 1858 940 1901 per
964 1849 1192 1888 maternam
1216 1858 1315 1888 vero
1334 1845 1381 1887 ad
1406 1847 1582 1901 primum
1609 1846 1728 1887 dum-

99 1919 211 1959 taxat
243 1928 332 1958 esse
367 1915 633 1970 irregulares,
678 1915 854 1973 ideoque
898 1916 1205 1972 dispensatione
1252 1916 1452 1971 indigere„
1487 1922 1525 1957 nt
1561 1915 1609 1958 ad
1647 1920 1730 1957 ton-

99 1999 238 2030 suram
274 1991 313 2029 et
345 1987 512 2029 ordines
547 1992 929 2042 promoveantur»,
964 2000 1070 2045 quae
1105 1988 1331 2031 declaratio
1356 1988 1427 2030 t'uit
1463 1988 1553 2029 data
1588 2000 1731 2030 seeun-

98 2058 195 2102 dum
231 2070 319 2114 cap.
363 2058 411 2100 15
445 2057 502 2100 De
537 2057 756 2101 haereticis
789 2058 832 2114 (Ξ
871 2057 918 2115 V)
956 2061 993 2102 in
1030 2060 1097 2101 60:
1133 2064 1172 2102 el
1197 2059 1288 2102 data
1315 2060 1598 2114 interpretatio
1623 2071 1729 2101 nunc

98 2128 334 2173 authentice
368 2135 527 2172 cotistat
561 2143 611 2172 ex
645 2132 833 2187 sequenti
883 2130 998 2173 dubii
1031 2130 1235 2173 solutione
1261 2130 1297 2171 ²:
1338 2129 1525 2173 «Utrum
1564 2131 1729 2171 nomine

98 2199 298 2256 filiorem,
323 2201 373 2244 de
407 2200 559 2257 quibus
593 2203 630 2243 in
666 2214 755 2244 can.
791 2201 889 2253 987,
923 2203 948 2255 g
986 2201 1019 2254 1,
1057 2201 1310 2257 intelligendi
1345 2203 1423 2243 sint
1465 2205 1621 2243 tantum
1657 2200 1727 2242 de-

98 2271 344 2314 scendentes
378 2273 415 2314 in
452 2271 556 2314 linea
592 2276 759 2328 palerna
796 2285 926 2329 usque
949 2272 999 2315 ad
1027 2274 1205 2328 primum
1233 2271 1423 2327 gradum.
1459 2270 1577 2326 Resp.
1614 2270 1731 2313 Attir-

100 2344 254 2385 malive
272 2357 322 2396 »3
356 2342 427 2385 sed
479 2344 517 2385 in
567 2356 725 2386 canone
767 2342 954 2387 additur:
992 2369 1043 2373 -—
1079 2342 1425 2393 acatholicorum,
1473 2355 1548 2384 non
1594 2341 1724 2384 solum

103 2428 122 2453 «
148 2412 469 2465 baereticorum,
501 2415 570 2470 qui
607 2415 644 2456 in
681 2413 838 2457 haeresi
867 2416 1088 2471 persistunt
1118 2414 1177 2455 vel
1207 2415 1353 2455 mortui
1379 2417 1487 2465 sunt,
1511 2411 1727 2469 (quorum)

99 2483 203 2526 filios
236 2497 324 2527 esse
358 2484 608 2540 irregulares
643 2486 765 2527 etiam
802 2487 839 2527 in
875 2483 1096 2528 Germania
1131 2484 1304 2540 aliisque
1341 2485 1378 2526 in
1415 2483 1514 2526 locis
1555 2482 1620 2526 ubi
1657 2484 1726 2524 im-

100 2567 208 2611 pune
242 2559 482 2611 grassantur
517 2554 772 2606 haereses»,
805 2569 877 2599 seu
912 2569 959 2599 ex
998 2555 1216 2598 haereticis
1251 2559 1366 2597 natos
1399 2567 1445 2597 ae
1471 2554 1667 2596 educatos
1694 2556 1729 2595 in

99 2638 161 2678 ea,
195 2625 411 2669 constabat
446 2628 557 2669 iuxta
591 2625 921 2670 Declarationem
948 2629 1048 2670 iuris
1074 2625 1358 2683 praecedentis
1382 2637 1403 2668 a
1427 2623 1576 2681 Congr.
1597 2626 1633 2668 >1
1660 2622 1731 2668 01·-

100 2697 179 2740 lieii
216 2696 354 2739 datam
380 2696 417 2751 ³3
452 2697 522 2740 sed
557 2711 607 2740 ex
640 2696 814 2742 Codice:
866 2702 1098 2754 parentum,
1148 2699 1216 2754 qui
1271 2696 1332 2739 vel
1385 2699 1548 2752 pagani,
1593 2695 1653 2738 vel
1692 2698 1727 2737 in

99 2766 259 2810 haeresi
294 2773 364 2810 aut
396 2767 618 2812 schismate
652 2769 819 2812 suerunt
851 2782 1029 2825 semper,
1079 2768 1139 2810 vel
1177 2770 1213 2810 in
1256 2767 1495 2810 alterutram
1538 2766 1730 2822 prolapsi,

220 2874 229 2895 ¹
260 2874 303 2907 14
328 2873 421 2908 Dee.
462 2874 566 2908 1890.
595 2895 641 2899 —-
665 2875 679 2896 ‘2
707 2874 910 2909 Connliss.
940 2874 1056 2907 Pont.
1089 2873 1135 2906 ad
1169 2885 1220 2908 ss.
1258 2885 1339 2908 ean.
1368 2873 1478 2907 auth.
1506 2873 1729 2916 interpret.S

101 2920 144 2954 14
170 2920 246 2954 Iul.
279 2921 378 2957 1922.
411 2921 487 2956 CO.
516 2921 619 2965 XIV,
648 2921 729 2956 528.
758 2942 799 2946 —
827 2922 841 2943 3
866 2923 911 2955 ‘25
938 2921 1012 2955 Iul.
1047 2921 1149 2955 1366.
