1971 3261
228 172 320 209 Can.
347 172 418 207 813
617 172 700 206 Trr.
728 171 799 205 111.
827 191 839 197 ·
863 171 920 206 De
944 174 1198 206 sanctissima
1225 172 1480 206 Eucharz’stz’a
1797 171 1865 205 123

234 293 369 335 minus
401 297 496 348 apto
529 291 578 334 ad
617 290 951 344 ministrandum,
986 289 1026 345 b)
1059 290 1172 332 iusta
1206 290 1256 333 (ie
1289 304 1416 333 causa
1453 296 1549 334 tunc
1584 296 1623 334 et
1656 304 1749 334 cum
1797 291 1865 334 tali

231 363 396 407 defectu
432 361 686 416 celebrandi,
722 361 760 417 c)
790 374 922 419 eoque
954 360 1044 418 leqe
1078 366 1120 403 ut
1169 361 1335 415 iizehar,
1381 375 1456 405 nec
1499 361 1682 405 conditio
1735 366 1776 404 ut
1819 365 1868 405 sit

233 433 440 490 religiosa,
479 435 609 489 virgo,
643 437 720 475 etc.
756 434 997 490 requiritur,
1031 446 1082 474 ea*
1125 432 1353 489 lonqinquo
1396 432 1663 491 respondeat,
1687 447 1761 476 nee
1784 432 1870 475 ullo

229 510 354 564 pacto
399 504 454 547 ad
497 503 639 547 altare
681 502 853 546 accedat
897 502 1101 547 absdubio
1134 504 1183 546 ad
1220 504 1415 547 candoris
1464 507 1589 547 animi
1635 504 1869 557 cautelam;

233 576 346 620 unde
380 589 429 619 ex
465 575 619 632 duplici
657 576 832 618 ministri
870 587 1041 617 munere
1077 588 1172 630 pars
1204 573 1288 618 sola
1326 575 1461 618 eidem
1489 575 1652 619 mulieri
1674 576 1872 619 defertur.

230 647 443 690 illustrant
498 646 606 690 bunc
662 644 970 702 paragraphum
1019 645 1101 688 duo
1143 644 1269 688 dubia
1314 645 1461 694 soluta.
1510 660 1616 703 quae
1664 648 1871 703 proposita

231 720 396 762 suerunt
416 720 454 762 5.
474 716 623 774 Congr.
648 716 725 761 Rit.
753 716 788 770 ¹3
818 716 1036 760 videlicet:
1067 732 1085 757 (<
1115 715 1214 759 Vlll.
1237 716 1426 760 Potestne
1444 717 1660 771 Sacerdos,
1680 717 1873 761 omnibus

228 788 306 833 sibi
343 791 457 846 prius
489 788 709 832 commode
729 787 940 844 dispositis
959 799 1065 844 quae
1085 787 1134 830 ad
1151 788 1412 831 Sacrificium
1439 801 1661 831 occurrere
1690 793 1872 845 possunt,

231 873 283 903 ne
319 859 515 904 mulieres
547 861 776 902 inserviant
810 857 957 912 Altari,
992 860 1047 901 uti
1085 860 1315 901 ministerio
1361 858 1547 901 mulieris
1597 864 1753 902 tautum
1800 873 1872 915 pro

180 942 185 948 ‘
234 931 472 988 responsis?
498 946 534 973 ».
570 930 678 987 Resp
732 946 751 970 ((
777 929 837 973 Ad
878 928 962 972 Vlll
1011 929 1288 983 Affirmative,
1314 968 1317 969 γ
1339 934 1516 986 urgente
1566 933 1872 975 necessitate».

231 1002 448 1057 Quaenam
482 1003 534 1045 sit
566 1001 669 1045 haec
695 1003 941 1055 necessitas3
971 1001 1136 1044 videtur
1158 1000 1372 1044 sufficiens
1390 1001 1499 1057 quod
1527 1006 1705 1057 nequeat
1730 1000 1872 1044 baberi

230 1072 336 1116 alius
371 1074 616 1126 inserviens,
651 1074 763 1114 iuxta
801 1084 904 1128 resp.
941 1071 1139 1115 alteram:
1181 1086 1198 1111 <‹
1226 1070 1330 1115 Dub.
1369 1068 1536 1114 visita
1573 1073 1610 1113 in
1644 1070 1872 1115 Conserva-

233 1145 349 1186 toriis
382 1142 613 1200 puellarum
650 1142 796 1186 Missae
829 1155 851 1186 a
885 1141 1128 1198 cappellano
1181 1141 1420 1185 celebratae
1475 1145 1679 1185 inservire
1736 1145 1873 1198 possit,

228 1220 348 1258 extra
383 1213 591 1258 cancellos
628 1214 692 1258 vel
727 1213 889 1270 longius
922 1215 973 1257 ab
1009 1213 1153 1267 Altari,
1189 1213 1328 1270 aliqua
1364 1226 1414 1256 ex
1453 1212 1601 1269 puellis
1637 1213 1698 1256 rel
1722 1215 1874 1256 monia-

234 1285 354 1337 libus,
389 1298 517 1343 quum
554 1298 632 1327 non
668 1284 788 1329 facile
820 1287 871 1328 sit
905 1284 1031 1328 alium
1068 1286 1366 1327 inservientem
1416 1285 1644 1327 invenire?
1670 1301 1689 1325 ³>
1754 1284 1874 1340 Resp.

238 1371 258 1397 c(
284 1356 344 1399 Ad
385 1354 445 1399 Vl.
482 1356 745 1399 Attii-metire
779 1358 817 1398 in
853 1367 967 1410 casu,
1006 1359 1045 1398 et
1069 1368 1118 1398 ex
1145 1357 1393 1398 necessitate
1418 1371 1455 1396 )).
1483 1354 1612 1399 Casus
1636 1354 1875 1398 continebat

235 1441 285 1471 ne
308 1430 587 1471 communitas
611 1431 770 1470 careret
797 1429 921 1469 missa
946 1439 995 1469 ex
1021 1426 1259 1482 devotione,
1285 1426 1455 1484 quando
1480 1439 1558 1469 non
1587 1426 1877 1469 inveniebatur

232 1497 368 1556 facile
401 1498 507 1541 alius
542 1500 789 1541 inserviens.

478 1629 577 1673 Aur.
614 1628 659 1671 ll.
694 1654 749 1661 —
788 1627 844 1671 De
878 1627 1040 1670 Missae
1072 1627 1226 1670 ritibus
1262 1633 1301 1671 et
1334 1627 1627 1670 eaeremoniis.

283 1734 367 1771 Cin.
397 1732 478 1769 814.
523 1755 539 1760 -
580 1733 849 1770 Sacrosanctum
1093 1738 1246 1769 extrema
1273 1734 1490 1774 necessitate,
1520 1733 1666 1769 alteram
1695 1735 1876 1770 materiam

1093 1782 1170 1816 sine
1196 1781 1319 1823 altera,
1347 1786 1408 1816 aut
1434 1781 1539 1816 etiam
1569 1786 1763 1827 utramque,
1782 1787 1877 1817 extra

893 1734 1019 1770 Missae

235 1782 446 1818 sacrificium
458 1781 571 1817 offerri
587 1782 688 1818 debet
702 1793 745 1835 ex·
763 1793 852 1829 pane
869 1787 902 1818 et
923 1782 1016 1823 rino,

234 1830 289 1866 cui
317 1829 556 1865 modicissima
580 1841 672 1875 aqua
699 1830 880 1865 miscenda
906 1835 968 1865 est.

286 1876 370 1913 CAN.
400 1875 481 1912 815.
512 1896 527 1903 -
556 1880 575 1919 ξ
606 1878 636 1911 l.
666 1876 770 1912 Panis
804 1877 906 1912 debet
943 1888 1017 1912 esse

234 1935 328 1961 mere
355 1924 511 1959 triticeus
537 1929 570 1959 et
597 1929 754 1960 recenter
771 1925 950 1963 contectus
971 1925 1018 1959 ita

236 1977 273 2008 ut
300 1971 437 2007 nullum
465 1971 510 2006 sit
538 1972 731 2018 periculum
759 1972 1002 2018 corruptionis.

283 2023 303 2062 ξ
330 2019 363 2054 2.
396 2019 524 2054 Vinum
551 2019 652 2055 debet
677 2030 754 2055 esse
780 2019 940 2055 naturale
978 2020 1020 2055 dc

234 2066 415 2112 genimine
443 2066 522 2101 vitis
548 2071 581 2102 et
609 2078 679 2102 non
706 2071 922 2113 corruptum.

284 2114 368 2150 CAN.
396 2113 476 2149 816.
510 2134 526 2139 -
554 2113 592 2148 ln
624 2114 750 2150 Missae
789 2114 1021 2150 celebratione

236 2162 409 2204 sacerdos,
445 2161 640 2196 secundum
681 2163 860 2208 proprium
899 2163 1018 2203 ritum,

1095 1829 1220 1864 Missae
1246 1828 1529 1869 celebrationem,
1557 1840 1770 1864 consecrare.

1140 1876 1223 1911 CAN.
1253 1874 1334 1911 818.
1367 1895 1383 1902 -
1413 1875 1608 1922 Reprobata
1634 1877 1757 1922 quavis
1795 1887 1875 1911 con-

1094 1923 1200 1959 traria
1227 1923 1493 1964 consuetudine,
1521 1923 1681 1959 sacerdos
1696 1924 1878 1959 celebrans

1092 1975 1253 2006 accurate
1278 1982 1319 2006 ac
1344 1971 1466 2006 devote
1492 1975 1604 2006 servet
1632 1971 1787 2007 rubricas
1805 1982 1880 2006 suo-

1094 2030 1172 2053 rum
1200 2018 1380 2053 ritualium
1409 2018 1591 2059 librorum,
1620 2024 1808 2064 caveatque
1835 2030 1879 2054 ne

1094 2066 1181 2101 alias
1207 2065 1446 2101 caeremonias
1483 2070 1544 2100 aut
1584 2077 1701 2111 preces
1740 2066 1879 2112 proprio

1095 2113 1239 2148 arbitrio
1270 2113 1451 2158 adiungat.

1143 2161 1226 2195 CAN.
1254 2159 1333 2195 859.
1364 2181 1379 2186 -
1410 2159 1535 2195 Missae
1562 2160 1773 2195 sacrificium
1793 2161 1878 2196 cele-

236 2209 338 2244 debet
371 2219 496 2255 panem
513 2219 676 2256 azymum
697 2210 749 2245 vel
771 2210 1018 2245 fermentatum

236 2256 401 2291 adhibere
429 2256 630 2302 ubicunque
661 2255 806 2292 Sacrum
836 2257 921 2292 litet.

285 2303 369 2340 CAN.
396 2301 476 2338 817.
509 2324 524 2328 —
556 2303 656 2339 Nefas
675 2309 737 2345 est,
754 2308 900 2349 urgente
915 2304 1019 2340 etiam

1096 2207 1271 2243 brandum
1297 2212 1349 2243 est
1375 2207 1497 2251 lingua
1531 2207 1689 2252 liturgica
1730 2208 1780 2242 sui
1821 2219 1878 2242 cu-

1100 2256 1224 2301 iusque
1250 2255 1338 2290 ritus
1364 2255 1408 2290 ab
1436 2254 1587 2290 Ecclesia
1615 2255 1759 2301 probati.

365 2424 460 2467 119.
498 2427 755 2482 Inscriptio
789 2426 981 2470 articuli
1032 2428 1080 2470 et
1123 2425 1246 2469 ordo
1296 2437 1554 2470 canonum.
1591 2449 1643 2453 -
1680 2422 1876 2465 Postremi

240 2507 436 2547 canones,
472 2497 542 2553 qui
576 2499 761 2538 statuunt
794 2495 846 2539 de
878 2496 1008 2538 sacris
1041 2496 1298 2537 ornamentis
1331 2496 1369 2536 in
1405 2493 1552 2537 Missae
1600 2492 1879 2536 celebratione

240 2565 478 2609 deserendis
510 2579 557 2610 ac
591 2566 642 2610 de
677 2568 865 2609 ministro
901 2568 1167 2613 inserviente,
1207 2565 1676 2621 viderenturpertinere
1695 2564 1744 2607 ad
1773 2563 1878 2606 illius

241 2636 579 2691 celebrationem,
614 2642 794 2680 attamen
833 2639 1103 2694 requiruntur
1138 2638 1308 2691 praevie
1361 2635 1411 2679 ad
1462 2634 1782 2678 celebrationem
1831 2646 1877 2677 ac

243 2710 390 2751 intuitu
426 2708 676 2752 celebraturi
711 2709 953 2762 sacerdotis,
989 2708 1087 2751 dum
1122 2708 1213 2749 Art.
1259 2705 1310 2749 II.
1348 2705 1588 2750 inscribitur
1621 2705 1685 2747 De
1724 2703 1879 2747 Elli'ssae

242 2780 382 2835 ipsius,
418 2779 583 2836 quamlo
618 2778 868 2832 celebratur,
900 2778 1056 2821 ritibus
1089 2791 1161 2821 seu
1197 2777 1383 2820 formulis
1432 2789 1478 2819 ac
1525 2775 1717 2832 precibus
1765 2774 1878 2818 adbi-

336 2933 347 2954 1
375 2933 419 2967 27
447 2933 548 2977 Aug.
579 2932 684 2975 1736,
713 2944 752 2966 n.
781 2932 888 2975 2745,
918 2936 958 2965 et:
987 2932 1030 2965 18
1060 2931 1154 2965 Maii
1186 2930 1287 2972 1899,
1317 2943 1355 2964 n.
1384 2932 1491 2965 4015.
