1971 3261
147 132 219 166 394
543 129 627 163 Lm.
656 130 728 163 ΙΙΙ.
758 150 770 156 -
796 130 907 165 PARS
932 131 963 164 I.
992 151 1005 156 -
1031 131 1087 166 De
1112 132 1376 168 Sam-amentis
1582 133 1674 169 Gan.
1700 134 1771 169 974

265 248 328 283 Pro
356 248 550 283 minoribus
575 247 756 283 ordinibus
782 247 874 284 Trid.
901 248 924 282 1.
946 260 975 284 c.
992 260 1021 284 c.
1044 248 1088 284 Xl
1108 250 1252 296 requirit
1279 254 1316 285 ut
1340 251 1564 296 promovendi
1596 265 1611 285 «
1632 253 1668 287 in
1689 264 1771 288 uno-

143 319 281 353 quoque
307 318 450 342 munere
476 306 569 341 iuxta
596 306 846 353 praescriptum
884 306 1038 354 Episcopi
1072 319 1108 343 se
1141 313 1333 351 exerceant,
1362 309 1464 355 idque
1491 309 1526 344 in
1553 321 1593 345 ea
1619 311 1672 346 cui
1708 311 1769 347 ad-

143 368 261 412 scripti
290 370 371 401 sunt
398 365 560 409 Ecclesia,
589 364 655 399 nisi
684 365 769 400 forte
794 376 832 401 ex
860 376 963 401 causa
988 366 1182 402 studiorum
1207 367 1344 411 absint3
1372 372 1475 414 atque
1510 369 1558 404 ita
1583 369 1625 404 de
1656 370 1767 414 gradu

140 426 186 461 ad
212 426 358 470 gradum
382 424 587 465 ascendant,
617 428 653 459 ut
679 424 715 458 in
741 424 790 459 eis
815 435 894 459 cum
920 429 1033 460 aetate
1058 425 1147 460 vitae
1174 426 1336 462 meritum
1358 431 1390 462 et
1411 427 1568 462 doctrina
1587 428 1696 464 maior
1713 439 1770 464 ac-

143 489 285 520 crescat:
314 483 404 529 quod
431 488 463 518 et
479 483 648 518 bonorum
676 494 811 518 morum
833 483 1030 529 exemplum
1046 488 1079 519 et
1096 485 1275 520 assiduum
1297 486 1331 520 in
1352 485 1501 521 Ecclesia
1522 486 1771 531 ministerium,

139 549 244 589 atquc
271 543 380 578 maior
404 553 485 587 erga
506 541 721 588 presbyteros
746 547 779 577 et
804 542 999 588 superiores
1023 543 1163 578 ordines
1189 544 1379 579 reverentia
1407 549 1439 579 et
1465 545 1630 586 crebrior,
1662 557 1768 591 quam

141 607 256 643 antea,
287 600 446 647 Corporis
474 599 602 635 Christi
629 600 829 635 communio
858 601 1006 636 maxime
1031 601 1308 647 comprobabunt
1330 617 1366 640 »,

262 660 387 696 Eadem
414 659 449 695 S..
480 658 642 706 Synodus
669 659 690 693 l.
715 671 743 694 c.
774 670 849 705 cap.
880 659 937 694 Xll
964 659 1142 706 episcopos
1170 666 1286 696 monet
1313 673 1382 697 non
1419 673 1540 698 omnes
1574 663 1611 697 in
1654 667 1767 699 aetate

143 720 311 756 canonica
336 719 541 755 constitutos
566 718 692 753 debere
716 718 759 753 ad
787 719 933 753 maiores
958 719 1098 754 ordines
1130 720 1275 760 assumi,
1317 721 1409 756 «sed
1436 721 1560 766 dignos
1587 722 1769 758 dumtaxat

140 784 175 815 et
201 790 347 825 quorum
378 778 519 824 probata
547 777 615 812 vita
641 782 801 812 senectus
827 777 920 811 sit».
948 775 1040 821 Quid
1066 782 1183 813 autem
1211 779 1393 823 postremis
1413 780 1525 815 verbis
1554 780 1770 826 significetur

155 838 268 883 egitur
294 838 330 872 in
356 836 536 882 Sapientia
561 835 632 881 (IV,
663 835 697 880 9)
724 835 827 871 Aetas
852 836 1028 871 senectutis
1054 836 1122 871 vita
1149 837 1379 873 immaculata.
1409 838 1448 873 Et
1474 840 1511 874 in
1538 851 1567 875 c.
1597 839 1670 875 Xlll
1695 841 1769 875 vult

142 897 248 933 Couc.
278 902 315 931 ut
344 896 582 931 «subdiaconi
610 900 642 931 et
667 895 803 930 diaconi
831 895 1039 930 ordinentur
1065 896 1233 932 babentes
1261 896 1391 932 bonum
1411 899 1650 934 testimonium
1677 904 1710 935 et
1733 901 1769 934 in

144 956 338 992 minoribus
363 955 546 991 ordinibus
573 955 641 990 iam
671 954 865 1000 probati...,
894 954 951 1000 qui
976 959 1127 999 sperent.
1153 955 1219 990 Deo
1238 960 1388 998 auctore,
1410 968 1446 992 se
1464 958 1644 994 continere
1658 969 1769 1004 posse.

143 1015 303 1050 Ecclesiis
328 1014 456 1060 quibus
483 1013 731 1048 adscribuntur
757 1012 1004 1048 inserviant».
1045 1012 1206 1057 Demum,
1236 1015 1270 1048 in
1302 1025 1377 1060 cap.
1420 1014 1460 1050 14
1496 1016 1650 1052 eiusdem
1686 1028 1770 1052 sess.

142 1074 310 1109 habetur:
343 1072 444 1116 «Qui
475 1073 528 1118 pie
553 1077 586 1107 et
613 1071 759 1107 fideliter
784 1071 820 1106 in
850 1071 1054 1107 ministeriis
1080 1077 1161 1108 ante
1186 1072 1272 1108 actis
1299 1084 1335 1109 se
1360 1074 1538 1119 gesserint,
1566 1079 1599 1110 et
1624 1075 1667 1110 ad
1697 1087 1771 1122 pre-

143 1133 339 1180 sbyteratus
365 1131 523 1167 ordinem
549 1135 790 1173 assumuntur,
819 1130 948 1166 bonum
984 1130 1135 1166 habeant
1169 1133 1455 1167 testimonium...
1481 1138 1585 1179 atque
1619 1134 1663 1169 ita
1699 1135 1770 1181 pie-

140 1198 211 1228 tate
234 1204 273 1228 ac
299 1192 402 1227 castis
430 1191 584 1226 moribus
602 1191 672 1224 sint
690 1190 882 1235 conspicui,
905 1194 941 1224 ut
962 1190 1177 1235 praeclarum
1197 1191 1371 1226 bonorum
1390 1203 1533 1237 operum
1559 1193 1769 1239 exemplum,

137 1257 172 1288 et
198 1251 287 1287 vitae
315 1251 447 1286 monita
472 1250 515 1285 ab
542 1250 590 1285 eis
619 1249 753 1295 possint
783 1249 955 1294 expectari
980 1262 1011 1282 ».

259 1329 438 1372 Additur
471 1330 509 1370 in
544 1340 700 1370 canone
749 1330 854 1369 inter
898 1329 1116 1384 requisita:
1153 1327 1195 1369 3⁰
1230 1328 1357 1370 Aetas
1401 1329 1616 1379 canoniea,
1651 1332 1771 1373 cuius

141 1400 308 1443 diversa
351 1399 640 1442 determinatio
685 1400 723 1440 in
766 1410 856 1440 cau.
898 1398 981 1440 975
1026 1402 1084 1440 esi
1131 1398 1404 1454 exploranda:
1442 1425 1494 1430 —
1529 1399 1573 1442 4⁰
1622 1399 1768 1443 Debita

138 1470 331 1523 seientia,
366 1482 472 1527 quae
507 1482 652 1512 revera
675 1471 727 1511 sit
749 1468 915 1512 obtenta
951 1482 1022 1524 per
1054 1469 1189 1512 studia
1210 1471 1285 1512 rite
1312 1474 1476 1526 peracta
1499 1470 1549 1513 ad
1580 1483 1766 1514 normam

139 1552 230 1583 can.
266 1540 372 1592 9763
407 1565 459 1569 —
495 1539 537 1581 5⁰
576 1537 782 1581 Ordiuum
818 1536 1070 1595 inferiorum
1094 1538 1171 1580 alio
1196 1538 1331 1582 adhuc
1360 1539 1598 1595 recipiendo
1631 1553 1768 1582 susce-

138 1610 244 1668 ptio,
277 1611 327 1653 de
360 1622 440 1666 qua
474 1612 622 1652 iteruin
656 1613 804 1651 tractat
841 1621 930 1652 can.
967 1609 1068 1661 9773
1110 1634 1162 1639 -
1190 1607 1604 1662 ὕθληίενείίίτόνῑιηι
1637 1609 1770 1652 obser-

142 1680 269 1735 vatio,
302 1692 408 1736 quae
442 1682 480 1722 in
515 1691 604 1722 can.
640 1679 722 1722 978
757 1678 923 1721 diversa
959 1678 1317 1734 praescribuntur-3
1353 1684 1392 1721 et
1426 1678 1505 1722 huc
1542 1692 1672 1736 usque
1708 1693 1769 1723 re-

141 1753 298 1795 censita
351 1749 526 1806 singulis
577 1749 851 1806 suscipiendis
899 1748 1115 1792 ordinibus
1170 1749 1397 1792 minoribus
1449 1762 1497 1792 ac
1545 1749 1771 1793 maioribus

141 1824 379 1866 communia
412 1826 518 1865 sunt.
551 1845 610 1851 —
642 1820 921 1864 Enumeratur
953 1820 1064 1863 aliud
1102 1821 1348 1877 requisitum
1382 1821 1427 1863 7⁰
1468 1819 1630 1863 Titulus
1654 1834 1774 1864 cano-

142 1892 273 1942 nieus,
307 1896 344 1934 si
377 1897 533 1949 aquiui·
566 1891 616 1934 de
651 1891 826 1947 singulis
859 1890 1077 1933 ordinibus
1110 1890 1360 1933 maioribus:
1397 1890 1632 1933 «titulus»
1672 1893 1772 1934 sim-

145 1963 304 2020 pliciter
341 1967 511 2006 vocatur
544 1964 581 2005 in
619 1961 844 2005 Pontiiicali
882 1961 1082 2014 Romano,
1116 1961 1394 2004 enuntiandus
1426 1961 1594 2018 quidem
1631 1964 1670 2004 in
1694 1963 1773 2004 sin-

142 2034 276 2090 gulari
325 2047 396 2089 pro
441 2046 690 2090 unoquoque
733 2035 770 2075 in
813 2031 1119 2075 subdiaconum
1164 2032 1408 2086 ordinando,
1454 2037 1577 2088 atque
1616 2031 1771 2075 additio

145 2121 167 2145 «
189 2107 413 2148 canonicus
435 2120 456 2144 »
496 2106 627 2146 innuit
660 2116 754 2146 euin
789 2116 877 2146 esse
910 2116 963 2146 ss.
997 2115 1202 2146 canonum
1229 2104 1482 2158 praescripto
1506 2103 1770 2146 conforman-

140 2174 254 2229 dum,
288 2187 336 2218 ac
369 2175 531 2217 deliniri
566 2177 698 2230 polest
730 2187 778 2216 ex
804 2186 839 2216 c.
864 2173 887 2216 4
913 2173 963 2216 de
989 2172 1238 2216 Praebendis
1261 2177 1300 2215 et
1322 2171 1599 2228 Dignitatibus
1631 2173 1671 2224 (5
1696 2171 1766 2228 ΙΙΙ)

145 2261 169 2286 α
191 2245 289 2288 illud
324 2250 498 2298 certum,
532 2245 582 2287 de
615 2257 695 2301 quo
730 2246 961 2287 necessaria
998 2246 1105 2287 vitae
1141 2245 1353 2300 percipiat,
1388 2256 1439 2285 ex
1472 2255 1523 2285 ss.
1559 2255 1766 2285 canonum

141 2318 395 2372 praescripto
446 2316 752 2371 possidendum,
801 2314 852 2358 ab
895 2328 942 2357 eo
986 2318 1054 2372 qui
1097 2320 1158 2358 est
1200 2313 1455 2357 ordinandus
1499 2315 1536 2355 in
1582 2315 1767 2356 sacris».

141 2385 311 2429 Detiniri
358 2391 488 2442 potest
530 2387 673 2429 etiam:
721 2383 909 2429 «Cautio
954 2385 1135 2440 legitima
1179 2385 1229 2427 de
1274 2388 1470 2440 perpetua
1513 2387 1552 2425 et
1595 2382 1767 2426 honesta

139 2459 436 2500 sustentatione
472 2470 542 2512 pro
575 2470 627 2499 ss.
660 2456 853 2499 ordinum
876 2458 1136 2512 susceptione
1160 2458 1200 2499 iu
1226 2458 1313 2498 iure
1336 2466 1427 2499 can.
1453 2455 1706 2510 praescripta
1730 2470 1768 2498 ».

141 2526 336 2570 Eiusdem
371 2529 472 2570 ratio
505 2528 752 2570 enunciatur
784 2528 898 2569 initio
931 2539 1020 2583 cap.
1057 2527 1079 2568 2
1113 2539 1210 2569 sess.
1248 2523 1341 2568 XXl
1383 2524 1434 2567 de
1468 2524 1568 2568 ref.:
1618 2522 1765 2567 «Cum

142 2611 220 2641 non
254 2597 400 2640 deceat
432 2610 514 2653 eos,
548 2599 618 2654 qui
652 2597 794 2640 divino
828 2599 1056 2640 ministerio
1089 2597 1286 2652 adscripti
1321 2600 1428 2648 sunt,
1463 2607 1557 2637 cuin
1592 2591 1766 2638 Ordinis
1827 2633 1831 2638 f

139 2665 345 2712 dedecore
380 2667 632 2721 mendicare,
665 2672 735 2710 aut
765 2667 981 2711 sordidum
1024 2667 1205 2724 aliquem
1248 2654 1706 2724 qu'aestum'exercere
1727 2681 1767 2711 »,

257 2753 319 2790 llla
343 2755 457 2790 cautio
485 2754 663 2800 multiplex
689 2765 763 2790 esse
789 2766 867 2790 cum
897 2755 1013 2800 possit,
1039 2754 1348 2800 distinguebantur
1367 2753 1402 2788 in
1432 2763 1544 2799 praec.
1575 2751 1649 2787 iure
1677 2753 1768 2788 tituli

141 2825 201 2860 per
226 2826 272 2848 ss.
300 2824 451 2849 canones
476 2813 634 2855 admissi,
662 2813 721 2848 alii
749 2814 852 2859 priv0.
879 2813 990 2859 aplco.
1018 2813 1173 2849 concessi
1201 2817 1233 2848 et
1259 2812 1404 2858 quidam
1435 2810 1592 2856 denique
1617 2810 1765 2846 tolerati.

142 2873 186 2908 Ex
212 2872 323 2907 titulis
350 2883 427 2907 vero
452 2872 509 2907 alii
537 2877 637 2907 erant
664 2872 790 2918 proprii
818 2872 978 2918 quamvis
1005 2882 1075 2907 non
1102 2871 1274 2907 exclusive
1288 2870 1498 2906 clericorum
1517 2867 1767 2912 saecularium,
