1971 3261
94 124 164 158 252
497 126 582 160 Lus.
610 125 681 160 ΙΙΙ.
711 145 723 151 -
750 125 861 160 PARS
886 126 916 160 I.
946 144 959 153 -
984 126 1042 161 De
1067 126 1331 162 Sacramentis
1452 127 1545 163 Can.
1571 128 1730 163 sao-891

98 243 323 300 prudenter
354 257 399 287 se
432 248 550 300 gerat
582 246 621 287 in
658 247 902 301 ministerio,
936 250 980 288 ut
1023 245 1149 289 libros
1187 246 1388 301 consulat,
1422 241 1523 290 alios
1555 247 1728 291 adiuvet

95 317 339 371 opportunis
372 315 568 370 consiliis,
604 315 819 358 indemnes
860 329 903 359 se
947 321 986 360 et
1028 316 1130 360 alios
1169 317 1328 373 reddat,
1363 317 1461 361 dum
1496 330 1725 374 gravamen

94 385 347 442 explicatum
381 384 509 438 absit3
549 385 651 429 alias
698 390 981 442 transgressor
1024 392 1132 431 esset
1179 391 1361 444 canonis,
1396 388 1564 432 eoeeluso
1598 388 1726 431 eliam

94 455 237 513 quovis
269 455 543 499 revelationis
572 455 763 513 periculo
796 461 941 500 contra
974 458 1276 502 sacramentale
1309 458 1490 515 sigillum
1511 472 1635 516 supra
1660 459 1728 503 de-

93 526 307 570 claratum.

212 597 430 654 Postquam
457 598 776 654 prohibitionem
802 599 1040 656 generalem
1067 601 1198 644 edixit
1221 614 1366 654 canon,
1385 601 1606 659 specialem
1628 614 1727 659 quo·

93 667 282 711 rumdam
307 669 655 712 confessariorum
679 669 886 713 subnectit
909 671 927 726 ξ
949 673 992 722 2,
1014 673 1197 715 referens
1215 671 1502 729 ampliausque
1523 674 1584 716 ius
1606 677 1725 716 vetus

92 742 329 782 contentum
367 753 439 795 pro
473 739 750 795 Regularibus
784 743 821 783 iu
856 740 973 784 Dec.⁰
1007 739 1135 785 Clem.
1165 741 1249 785 Vlll
1275 743 1286 765 ¹
1324 745 1545 799 incipIeute
1583 759 1605 784 «
1627 744 1724 787 Sau-

91 811 299 853 ctissimus
322 826 360 851 )).
393 809 490 852 Tam
523 811 778 868 superiore&
801 814 891 855 sive
915 812 1014 856 cleri
1049 813 1288 867 saecularis,
1312 815 1402 856 sive
1426 813 1622 870 religiosi,
1644 827 1724 871 pro

94 885 275 937 tempore
311 883 514 936 praesenti
559 895 605 925 ac
650 883 786 925 l'uturo
829 895 1096 940 quocumque
1129 883 1354 926 emissenus
1387 897 1481 928 cum
1522 890 1724 941 potestate

90 951 234 994 saltem
269 952 525 995 dominativa
559 966 684 1008 super
707 953 820 1007 alios,
847 967 971 1011 quam
995 954 1248 1012 confessarii
1273 955 1398 998 idest:
1433 957 1513 998 tale
1538 958 1720 999 ministe-

90 1024 196 1065 rium
233 1025 507 1078 poenitenliae
551 1026 624 1067 elsi
672 1037 764 1067 raro
803 1030 1060 1080 exercentes,
1095 1025 1166 1082 qui
1196 1032 1342 1083 postea
1378 1025 1644 1084 Superiores,
1680 1032 1721 1070 ut

89 1092 345 1136 declaratum
370 1098 431 1136 est
453 1099 587 1148 autea,
611 1093 775 1151 fuerant
810 1095 1045 1138 renuntiati
1078 1096 1255 1140 scilieet:
1287 1112 1306 1137 ((
1324 1097 1374 1139 ad
1409 1097 1722 1153 Superioritatis

89 1163 264 1219 gradum
299 1163 564 1221 (quemlibet)
606 1170 745 1221 postea
791 1168 965 1222 promoti
994 1182 1030 1220 ›>7
1068 1166 1221 1209 notitia
1267 1181 1391 1224 quam
1439 1166 1490 1210 de
1535 1167 1720 1225 peccatis

89 1236 287 1290 praecise,
322 1248 400 1277 nou
436 1235 618 1292 loquitur
651 1249 781 1279 canon
817 1237 866 1280 de
900 1236 996 1288 alia,
1021 1237 1063 1279 in
1088 1237 1349 1294 consessione
1374 1243 1512 1294 utpote
1545 1240 1719 1294 origine,

92 1305 153 1348 vel
191 1308 420 1361 peccatoris
453 1308 582 1363 ipsius
615 1310 696 1350 siut
732 1313 914 1363 peccata,
943 1309 1005 1351 vel
1031 1308 1213 1361 alterius,
1237 1310 1403 1367 quaudo
1429 1310 1496 1353 ille
1525 1310 1574 1353 ad
1600 1322 1716 1353 suam

67 1377 385 1419 >contessionem
422 1379 606 1420 notitiam
643 1378 753 1420 illam
789 1379 964 1433 dederit,
999 1382 1072 1422 etsi
1119 1394 1196 1422 uon
1245 1383 1519 1424 neeessariam
1565 1382 1719 1424 coul'es-

87 1448 205 1500 sioni,
239 1450 334 1503 quia
373 1461 451 1490 non
496 1448 594 1492 dicit
637 1462 768 1492 canon
803 1464 852 1492 ex
887 1451 1145 1494 consessione
1183 1452 1253 1494 sed
1293 1467 1312 1491 «
1338 1454 1375 1494 iu
1411 1453 1713 1495 confessione»

89 1516 325 1570 habuerint,
349 1517 405 1561 ad
427 1519 679 1562 exteriorem
699 1519 1046 1577 yubemealionem
1070 1535 1241 1578 nempe:
1276 1522 1536 1566 subditorum
1574 1525 1611 1565 iu
1647 1523 1719 1566 Su-

89 1590 262 1644 perioris
297 1602 468 1632 munere
503 1589 618 1632 mello
653 1589 785 1644 modo,
809 1591 984 1635 scilicet:
1021 1591 1262 1635 abstrahere
1297 1598 1486 1649 respectu
1518 1592 1626 1636 illius
1651 1607 1718 1636 no-

86 1661 199 1703 titiae
232 1673 274 1702 se
308 1660 459 1703 debent
492 1673 539 1703 ac
571 1663 602 1703 si
638 1674 684 1704 ea
717 1667 920 1717 carerent,
955 1665 1044 1705 sive
1079 1665 1246 1718 patetiat
1278 1668 1463 1719 externe,
1497 1666 1587 1707 sive
1621 1678 1716 1720 nou⁷

87 1729 196 1773 illius
229 1732 397 1774 notitiae
433 1732 625 1787 influxus,
661 1732 737 1776 hoc
771 1737 831 1776 est
860 1733 1016 1776 «nullo
1051 1734 1172 1776 modo
1195 1750 1217 1774 ³>
1248 1734 1518 1792 ecliposszmt.
1544 1732 1716 1792 Opposi-

86 1805 172 1844 tum
206 1814 305 1857 ergo
344 1817 363 1842 c<
389 1807 566 1845 caveant
598 1803 979 1859 diligentissime»,
1014 1807 1069 1847 uti
1105 1807 1308 1861 expressit
1340 1804 1469 1849 Clem.
1508 1805 1604 1849 Vlll.

205 1872 300 1915 215.
339 1875 611 1919 Prohibitio
646 1875 964 1931 superiorum
988 1879 1313 1932 quorumdam
1339 1880 1470 1924 circa
1493 1880 1716 1935 proprio-

85 1957 188 1988 rum
213 1946 519 1990 subditorum
545 1946 899 1992 confessiones.
918 1972 944 1976 -
961 1945 1012 1990 Ut
1035 1946 1196 1990 facilius
1219 1953 1412 1990 servetur
1428 1947 1456 2005 ξ
1476 1949 1534 1990 2¹¹³
1563 1955 1714 2005 praees.

84 2016 254 2056 canonis
286 2020 323 2057 et
357 2015 409 2058 ol)
444 2017 622 2058 rationes
655 2015 799 2059 allatas
839 2019 876 2059 in
922 2016 1038 2060 Dec.O
1072 2015 1220 2074 Congr.
1254 2019 1292 2062 S.
1328 2015 1463 2062 Officii
1500 2033 1572 2075 pro
1605 2019 1713 2063 alma

83 2083 193 2128 Urbe
218 2083 245 2137 2,
280 2085 459 2130 seilicet:
501 2102 519 2126 ((
544 2086 602 2129 Ex
639 2100 716 2129 una
752 2089 861 2130 enim
898 2092 1012 2144 parte
1036 2087 1079 2144 α)
1105 2090 1305 2132 minuitur
1328 2090 1590 2133 alumnorum
1617 2104 1710 2147 pec-

84 2159 173 2197 cata
207 2156 431 2198 confitendi
466 2155 648 2210 libertas,
681 2159 852 2214 ipsaque
886 2159 1157 2201 confessionis
1191 2161 1407 2215 integritas
1432 2160 1712 2216 periclitatur3

83 2223 121 2281 b)
156 2238 205 2268 ex
240 2225 318 2268 alia
355 2240 453 2269 vero
487 2229 730 2283 Superiores
763 2231 900 2272 minus
938 2228 1057 2272 liberi
1102 2242 1192 2273 esse
1235 2235 1399 2286 possent
1434 2233 1471 2273 iu
1508 2234 1713 2288 regimine

81 2298 403 2352 communitatis,
437 2299 473 2354 e)
507 2310 554 2340 ac
586 2300 809 2354 suspicioni
859 2304 1138 2355 exponuntur,
1169 2305 1238 2344 aut
1271 2314 1314 2344 se
1353 2304 1506 2345 notitiis
1540 2304 1577 2345 in
1613 2315 1711 2345 conm

83 2367 258 2410 sessione
290 2367 441 2410 habitis
475 2371 547 2422 uti,
579 2374 647 2412 aut
684 2368 1042 2414 benevolentiores
1065 2385 1108 2415 se
1143 2371 1342 2428 praebere
1375 2385 1473 2429 erga
1507 2373 1712 2426 alumnos,

82 2450 258 2494 quorum
293 2440 570 2482 contessiones
603 2442 874 2496 excipiunt».
906 2438 972 2486 Ob
996 2442 1205 2497 praedicta
1240 2448 1455 2487 extensum
1492 2445 1566 2487 suit
1600 2445 1708 2488 idem

83 2507 302 2551 Decretum
352 2509 401 2552 ad
451 2507 606 2554 Orbem
642 2515 681 2553 et
713 2511 763 2554 ad
800 2514 1051 2556 novitiorum
1096 2513 1312 2570 Magistros
1356 2517 1393 2557 in
1440 2515 1711 2571 religionibus

81 2580 203 2621 etiam
242 2583 428 2622 votorum
463 2580 725 2624 sollemnium
763 2595 834 2638 per
865 2588 1107 2640 sequentem
1141 2598 1231 2627 ecm.
1266 2587 1366 2629 891.
1401 2584 1610 2642 Mayz'sler
1643 2600 1711 2629 ηο-

82 2649 277 2692 vitiorum
311 2663 483 2707 nempe:
519 2664 660 2694 eorum
686 2655 874 2709 quiante
898 2656 1073 2710 primam
1104 2656 1401 2711 professionem
1436 2659 1710 2713 experiuntur

81 2718 339 2775 religionem,
373 2721 544 2779 eiusque
576 2722 725 2774 socius,
759 2724 810 2766 (le
853 2724 1003 2781 quibus
1049 2725 1273 2782 loquuntur
1305 2739 1394 2770 can.
1432 2728 1528 2782 559,
1565 2728 1707 2779 500,...

198 2873 208 2893 ¹
236 2872 282 2906 23
308 2872 402 2907 Maii
433 2874 535 2908 1593.
567 2895 606 2900 —
635 2875 647 2896 2
674 2877 694 2907 5
721 2875 814 2910 Iulii
846 2877 943 2911 1899.
