1971 3261
175 135 244 168 5⁶22
572 135 657 169 Lm.
685 135 758 169 ΠΙ.
789 155 799 161 -
827 135 937 170 PARS
962 136 993 170 Ι.
1021 155 1037 163 -
1062 136 1119 173 De
1144 137 1410 173 &aeramentis

176 252 286 287 batur.
305 263 407 297 super
425 263 463 287 eo
481 252 684 298 dispensare
701 252 837 288 etiamsi
857 253 948 289 idem
1022 253 1248 300 dispensandi
1269 265 1372 300 super
1386 254 1546 301 pluribus
1561 256 1717 293 diversae
1730 269 1804 304 spe·

174 299 465 346 impedimentum
493 299 674 345 multiplex
700 300 757 334 sit.
1022 301 1085 336 ciei
1124 301 1398 347 impedimentis,
1427 302 1499 338 sive
1536 303 1801 348 dirimentibus,

222 350 240 388 ἓ
267 347 298 380 2).
326 346 392 390 Qui
422 346 551 382 habent
577 347 753 382 indultum
787 347 951 392 generale
1022 348 1093 383 sive
1131 348 1417 394 impedientibus,
1452 354 1561 395 potest
1599 351 1804 397 dispensare

436 460 478 466 —-
504 440 601 476 notio
1601 444 1672 480 Can

437 556 478 560 —
505 534 651 570 divisio·
693 555 737 561 —-
762 535 894 571 ratione
919 535 1060 571 effectus
1642 553 1657 571 ι)

459 592 520 617 DeS
634 603 677 607 —

695 650 739 655 -
765 629 900 665 ratione
928 630 1143 676 probationis
1644 647 1658 665 »

698 746 739 751 -
765 725 878 769 quoad
905 725 1176 761 declarationem
1202 730 1235 762 et
1261 727 1546 763 constitutionem
1643 742 1657 759 »

439 794 478 798 -
509 773 655 808 mode-

459 820 580 855 randis
603 820 654 855 vel
696 840 741 873 -7
766 819 878 901 qpoad
906 819 1049 855 vetitum
1077 821 1290 856 matrimonii
1328 821 1364 855 in
1399 831 1481 856 casu
1517 832 1593 868 par-

459 878 529 902 non
638 887 679 894 —
718 872 787 902 ticu
805 878 855 902 ari
1644 883 1658 902 »

696 980 740 987 -
766 961 878 1007 quoad
905 961 1164 1006 derogationem
1192 962 1243 998 vel
1269 962 1566 1009 dispensationem

1642 978 1649 995 υ

1649 978 1656 996 )

211 1009 322 1055 Caput
338 1009 360 1045 l.

177 1056 222 1092 De
249 1057 397 1103 impedi·
702 1077 738 1081 -
769 1067 827 1101 per
853 1056 1143 1092 consuetudinem
1647 1073 1661 1091 >2

223 1105 350 1140 menfis
430 1107 432 1114 ’

177 1153 212 1186 in
231 1162 357 1197 genere
379 1172 420 1177 —
697 1170 738 1175 —
767 1160 856 1185 nova
881 1150 1007 1186 divisio
1648 1166 1662 1185 n

972 1265 1002 1270 -
1035 1249 1179 1297 urgente
1218 1267 1261 1271 —
1286 1246 1331 1280 ab
1358 1244 1557 1282 Ordinariis
1649 1262 1662 1279 ‚2

981 1297 1101 1327 mortis
1121 1303 1176 1337 pe-

702 1337 931 1374 —iurecom-
980 1339 1088 1375 riculo
1158 1360 1261 1365 ——-
1287 1351 1307 1375 a
1346 1341 1505 1386 parochis
1544 1341 1596 1377 vel

722 1386 818 1420 muni
898 1407 935 1411 —
1239 1388 1415 1424 sacerdote
1648 1403 1662 1422 »

961 1501 999 1505 —
1028 1481 1062 1515 in
1090 1480 1168 1516 aliis
1194 1481 1335 1516 casibus
1645 1496 1660 1514 »

700 1595 742 1599 —
760 1577 792 1609 et
810 1573 918 1609 adno-
963 1594 1002 1599 -
1029 1573 1064 1608 in
1092 1573 1179 1608 libro
1206 1574 1508 1609 matrimoniorum
1648 1590 1662 1607 υ

720 1620 837 1656 tanais
860 1619 865 1633 ··
898 1600 955 1687 -J

980 1689 1003 1693 -
1031 1668 1065 1703 in
1095 1668 1182 1704 libro
1209 1667 1333 1705 Curiae
1359 1674 1489 1705 secreto
1649 1684 1663 1701 »

443 1787 484 1791 —
512 1766 651 1813 dispen-
961 1784 1003 1789 —
1030 1763 1242 1809 quandoque
1269 1774 1336 1798 non
1365 1763 1494 1799 utendo
1650 1778 1664 1796 »

461 1814 581 1849 sandis
640 1834 682 1840 —

961 1878 1004 1883 -——
1029 1869 1069 1893 ex
1098 1857 1263 1894 facultate
1289 1858 1492 1894 cumulandi
1650 1873 1665 1891 »

702 1925 743 1929 —
777 1904 918 1951 speciali

723 1951 858 1987 indulto
900 1972 943 1977 —
961 1973 1004 1977 —
1025 1952 1075 1988 vel
1096 1963 1178 1995 non,
1200 1957 1337 1999 propter
1354 1953 1502 1988 aliorum
1523 1964 1601 1988 eon-

983 2011 1125 2035 cursum
1651 2014 1666 2033 »

953 2053 1005 2146 ¹5
1029 2098 1062 2128 et
1088 2104 1167 2128 cum
1195 2104 1262 2139 qua
1296 2093 1401 2140 prolis
1429 2093 1601 2138 legitima-

982 2145 1076 2176 tione

962 2256 1005 2261 —
1033 2235 1159 2277 valido,
1188 2235 1250 2271 etsi
1278 2246 1373 2271 error
1400 2235 1576 2282 irrepserit
1651 2250 1666 2268 »

964 2351 1007 2355 —
1040 2330 1294 2365 secumferente
1325 2330 1431 2365 aliam
1465 2330 1602 2376 dispen-

985 2377 1155 2413 sationem
1654 2392 1667 2409 »

702 2444 744 2451 -
764 2422 923 2460 S.Sedoe

723 2472 890 2518 rescripto
907 2493 941 2496 —
965 2492 1006 2496 —-
1032 2471 1123 2506 circa
1158 2471 1275 2506 minus
1310 2471 1601 2517 impedimentum

985 2576 1065 2600 cum
1093 2565 1175 2600 vitio
1651 2579 1666 2598 »

966 2669 1188 2705 -exequen—
1225 2680 1268 2685 —
1295 2670 1354 2705 per
1375 2659 1600 2704 designatum
1672 2686 1675 2689 .

986 2707 1028 2742 do
1165 2727 1207 2732 —-
1248 2704 1516 2742 Ordinariorum
1652 2720 1667 2739 »

1230 2821 1267 2826 -
1293 2800 1401 2845 gratis
1426 2801 1573 2836 omnino
1652 2815 1666 2832 »

708 2915 750 2920 -
776 2905 941 2941 expressa
969 2894 1134 2941 pontificii
1164 2895 1289 2930 indulti
1319 2895 1494 2931 mentione
1655 2908 1670 2926 ³>

1678 471 1687 481 .
1715 445 1804 481 1035

1717 537 1803 574 1036

1717 631 1803 668 1037

1715 726 1805 763 1038

1715 869 1803 904 1039

1716 963 1804 999 1040

1721 1058 1802 1094 1041

1720 1151 1808 1188 1042

1719 1246 1809 1283 1043

1720 1387 1808 1424 1044

1721 1480 1808 1517 1045

1719 1573 1808 1610 1040

1721 1670 1809 1705 104ῖ

1723 1762 1811 1799 1048

1723 1857 1812 1894 1040

1725 1999 1812 2036 1050

1653 2156 1668 2172 »
1726 2139 1807 2175 1051

1725 2234 1813 2270 1059.

1725 2375 1811 2412 1053

1726 2564 1813 2600 1054

1727 2705 1814 2741 1055

1725 2798 1814 2835 1056

1728 2892 1814 2928 1057
