1971 3261
203 140 272 174 264
596 139 681 172 LIB.
710 138 781 173 III.
812 159 823 164 -
852 138 961 173 PARS
989 138 1018 172 Ι.
1047 157 1060 164 -
1086 137 1143 172 De
1171 138 1437 174 Sacramentz's
1549 139 1642 176 Can.
1670 141 1830 176 897-898

201 259 473 316 applicandus
505 270 593 302 can.
634 258 677 300 11
709 258 738 311 ²,
771 271 822 300 ea}
851 257 1120 315 qravioribas
1166 263 1328 300 tantam
1370 259 1506 315 quoad
1551 260 1828 304 moralitatem

199 335 239 372 et
271 328 553 372 atrocioribus
585 327 773 371 scilicet:
809 327 861 372 ob
893 330 1031 371 sensui
1057 328 1204 371 morali
1226 341 1298 372 seu
1321 328 1568 373 humanitati
1593 343 1826 387 repugnan-

199 402 295 444 tiam
331 398 576 441 criminibus
610 397 661 441 ob
700 398 900 441 damnum
946 398 1091 442 saltem
1140 398 1354 455 spirituale
1402 399 1578 443 aliorum
1628 401 1827 450 fidelium,

199 470 386 513 externis
419 483 505 524 sen,
542 473 585 512 ut
617 471 674 512 ait
708 468 870 512 Decreti
905 482 944 512 n.
980 470 1404 523 3,«1·ese1·vationi...
1449 483 1499 514 ne
1532 470 1830 515 submittantur

199 543 287 584 sive
320 544 489 597 peccata
525 552 637 582 mere
671 541 844 595 interna,
869 542 1023 597 quippe
1046 552 1165 597 quae,
1201 545 1245 583 ut
1268 540 1388 584 docet
1410 540 1659 585 Benedictus
1682 541 1772 585 XlV
1797 542 1828 600 ²,

198 625 277 654 non
303 615 363 654 est
382 614 419 653 in
441 613 556 666 praxi
583 614 793 667 receptum
820 615 863 653 ut
887 623 1068 668 unquam
1094 616 1377 666 reserventur,
1403 617 1570 668 propter
1592 615 1826 657 animarum

199 681 461 738 periculum3
495 682 584 723 sive
618 693 724 738 quae
757 694 806 723 ex
842 680 1022 723 humana
1056 680 1278 737 fragilitate
1311 681 1544 725 derivantia
1577 682 1701 726 aliam
1746 696 1826 726 non

199 752 378 796 habeant
410 751 632 808 specialem
667 750 744 794 sihi
778 753 1040 795 coniunctam
1077 751 1290 806 malitiam,
1316 757 1485 808 propter
1517 752 1740 797 humanam
1767 756 1826 797 in-

199 824 437 867 firmitatem
463 838 502 877 »,
537 827 660 879 atque
692 822 843 866 sufficit
876 822 984 879 quod
1013 824 1164 865 vitetur
1187 822 1264 865 hoc
1287 824 1397 866 circa
1437 828 1701 879 peccatorum
1726 837 1825 882 qua·

199 894 332 937 litates
366 894 716 937 reservandornm
762 893 895 950 quoad
932 893 1158 950 religiosos.
1193 892 1435 937 Reservatio
1468 898 1672 938 statuatur
1704 896 1828 939 modo

197 964 494 1020 subsequenti:
529 964 717 1022 specifice
739 964 925 1008 scilicet:
961 964 1037 1008 sub
1071 964 1217 1007 morali
1250 966 1389 1020 specie
1421 966 1657 1009 confitenda
1691 965 1826 1009 deter-

200 1035 387 1078 rimatis.

177 1095 179 1097 ¹
314 1108 508 1164 Sequitur
542 1120 635 1164 pars
667 1109 836 1150 canonis
869 1106 1024 1150 altera:
1061 1107 1154 1164 ipsa
1188 1120 1281 1150 vero
1314 1106 1546 1150 reservatio
1580 1120 1659 1149 non
1693 1112 1753 1150 est
1774 1106 1827 1151 ob

197 1177 541 1221 consuetudinem
574 1183 645 1221 aut
678 1178 982 1221 inconsiderate
1015 1177 1269 1225 sustinenda,
1303 1178 1374 1221 sed
1399 1192 1451 1220 ae
1479 1177 1595 1220 altra
1619 1177 1662 1220 ia
1685 1177 1829 1234 oiyore

197 1253 366 1291 maneat
411 1249 667 1306 (revocando
710 1261 799 1292 eam
846 1248 1004 1305 postea)
1049 1262 1173 1306 qaam
1205 1262 1370 1291 necesse
1403 1248 1459 1291 sit
1492 1261 1736 1305 permanere
1770 1247 1826 1292 ad

193 1318 407 1377 publicam
455 1319 629 1377 aliquod
675 1319 872 1362 inolitam
920 1332 999 1377 qua
1049 1319 1129 1363 tale
1177 1319 1321 1362 vitiam
1372 1319 1672 1377 eoetirpaadam
1714 1320 1824 1378 quod

196 1389 398 1433 absdubio
432 1390 682 1433 christianae
715 1390 959 1447 disciplinae
993 1392 1228 1446 opponitur,
1260 1390 1738 1447 quapropter»particula
1763 1403 1827 1434 co·

197 1461 384 1517 pulativa
417 1463 605 1519 sequitur
634 1458 677 1504 vet
710 1460 941 1518 collapsam
976 1461 1107 1504 idest:
1142 1463 1328 1517 graviter
1351 1474 1400 1504 ex
1426 1460 1670 1505 criminibus
1694 1475 1824 1505 reser-

197 1533 303 1575 vatis
335 1531 449 1589 forte
471 1531 753 1575 christianam
787 1531 1059 1589 disciplinam
1093 1532 1228 1589 quoad
1262 1545 1399 1575 mores
1421 1532 1650 1575 secundum
1679 1534 1741 1575 ius
1763 1532 1824 1575 di-

196 1605 341 1646 vinum
374 1603 720 1647 instaurandam.
751 1602 972 1646 Decretum
1009 1602 1254 1661 loquebatur
1286 1603 1552 1657 disiunctive,
1595 1608 1718 1661 atque
1753 1617 1825 1660 pro

195 1673 401 1730 religiosis
435 1674 572 1718 locum
607 1673 762 1717 habere
795 1674 1020 1717 secundam
1056 1686 1335 1727 causam,non
1373 1687 1471 1717 vero
1491 1676 1681 1730 primam,
1707 1677 1825 1718 ratio-

195 1744 372 1789 nabilius
405 1745 649 1788 admittitur.
794 1739 800 1746 ’

313 1816 410 1859 225.
447 1818 660 1863 Peccata
693 1832 790 1863 non
823 1819 1146 1863 reservanda.
1179 1843 1231 1847 —
1265 1816 1495 1860 Cont'ormis
1528 1820 1589 1859 est
1620 1819 1663 1858 n⁰
1698 1816 1721 1858 4
1748 1815 1822 1859 De-

201 1889 303 1929 creti
339 1901 432 1929 cart.
467 1889 574 1930 898.
615 1886 793 1931 Prorsus
826 1888 953 1931 idest:
1003 1901 1167 1944 semper
1201 1887 1250 1930 ab
1282 1887 1337 1930 iis
1366 1887 1550 1945 peccatis
1583 1886 1662 1930 sibi
1694 1900 1822 1930 reser-

197 1956 345 2000 vandis
377 1971 553 2014 nempe:
589 1958 639 2002 ab
674 1958 841 2002 homine
874 1972 1028 2013 omnes,
1062 1972 1164 2015 quos
1197 1960 1482 2002 recensuimus
1528 1970 1667 2014 supra,
1701 1957 1825 2001 absci-

195 2033 322 2070 iteam
359 2042 465 2086 qaae
498 2029 581 2071 iam
615 2029 701 2071 siat
735 2029 833 2072 Sea'i
864 2028 1132 2087 Apostolieae
1165 2032 1322 2072 ratione
1355 2031 1531 2086 peccati,
1567 2029 1629 2072 vel
1669 2034 1712 2072 ut
1746 2030 1821 2072 fre-

195 2100 386 2154 quentius
419 2099 546 2141 etiam
580 2099 747 2142 ratione.
780 2113 981 2142 censurae
1012 2105 1242 2154 reservata,
1283 2115 1302 2140 <t
1327 2112 1377 2142 ne
1399 2099 1559 2143 scilicet
1581 2099 1737 2157 absque
1757 2113 1823 2143 ne·

195 2171 385 2213 cessitate
419 2170 746 2227 multiplicentur
779 2170 890 2227 leges
912 2186 933 2211 η
973 2170 1035 2228 (11⁰
1071 2171 1093 2213 4
1128 2169 1259 2228 Dec),
1293 2183 1341 2214 ac
1363 2172 1551 2227 sequitur
1574 2173 1742 2214 canonis
1764 2183 1824 2214 se·

193 2239 328 2282 cunda
348 2252 443 2295 pars
476 2240 726 2296 prohibitiva
765 2254 858 2284 cum
898 2242 1197 2295 moderamine,
1233 2240 1452 2285 videlicet:
1487 2246 1525 2283 et
1549 2240 1819 2298 reyat'art‘ter,

194 2309 365 2365 proinde
413 2310 689 2354 admittuntur
721 2324 741 2354 a
775 2324 933 2355 canone
967 2313 1246 2366 exceptiones,
1281 2310 1329 2353 ab
1362 2311 1417 2354 iis
1449 2325 1611 2369 qaoque
1643 2324 1818 2367 nempe:

197 2394 217 2419 ((
243 2382 422 2435 peccatis
454 2380 530 2423 sibi
568 2382 832 2425 reservandis
866 2395 1009 2425 omnes
1042 2381 1338 2434 abstineant»,
1361 2381 1508 2438 qtct'bas
1531 2395 1721 2437 censura,
1741 2381 1821 2424 elsi

193 2449 352 2492 aornim
384 2457 617 2505 reservata,
649 2456 689 2495 et
723 2454 760 2495 in
796 2454 966 2496 canonis
999 2454 1131 2508 prima
1167 2457 1281 2509 parte
1315 2465 1394 2495 non
1436 2452 1760 2508 comprehensis,
1795 2467 1820 2495 a

192 2520 285 2562 iare
317 2524 525 2564 communi
559 2536 629 2565 seu
665 2522 827 2566 Codicis
861 2522 1060 2580 imposita
1093 2524 1161 2577 sil,
1200 2538 1220 2563 «
1246 2522 1322 2566 hoe
1360 2525 1469 2566 enim
1505 2536 1699 2580 expresse
1733 2536 1821 2580 pro-

192 2591 305 2635 hibet
341 2596 457 2635 vetus
490 2592 709 2637 Instructio
743 2594 780 2638 S.
814 2593 963 2650 Congr.
1000 2593 1078 2638 ΕΕ.
1105 2598 1143 2636 et
1166 2593 1435 2653 Regularium
1460 2594 1540 2637 diei
1567 2594 1620 2637 ⁶26
1644 2593 1820 2637 Novem—

310 2745 319 2766 1
349 2745 442 2779 Can.
474 2746 528 2779 11.
559 2746 768 2780 Irritantes
793 2750 863 2780 aut
890 2746 1196 2780 inhabilitantes
1223 2757 1290 2780 eae
1315 2750 1473 2780 tantum
1491 2745 1599 2790 leges
1618 2745 1818 2780 habendae

192 2795 299 2831 sunt,
329 2792 472 2836 quibus
499 2797 569 2826 aut
596 2798 728 2827 actum
759 2805 843 2827 esse
869 2793 1037 2837 nullum,
1071 2797 1140 2827 aut
1170 2793 1388 2828 inhabilem
1418 2804 1502 2827 esse
1531 2804 1736 2837 personam
1755 2804 1818 2826 ex-

191 2849 321 2883 presse
348 2839 410 2873 vel
437 2840 732 2884 aequivalenter
758 2841 963 2874 statuitur.

310 2886 323 2907 ‘2
350 2886 406 2920 De
434 2898 520 2932 syn.
551 2887 693 2928 dioec.,
715 2887 762 2931 V,
791 2889 824 2922 5.
