1971 3261
661 578 1215 646 ADDENDA

238 899 298 942 Ad
319 911 408 941 can.
430 898 527 953 806,
550 898 579 955 g
598 897 634 946 ⁶2,
660 898 802 940 01808
827 900 865 939 in
893 909 1012 953 pagg.
1040 895 1120 938 114
1142 901 1180 938 et
1203 895 1282 938 116
1304 898 1340 938 iu
1361 895 1488 939 calce.
1512 896 1749 940 l'raedictae

118 969 322 1013 facultatis
356 982 473 1011 usum
512 968 752 1011 moderatur
780 964 929 1011 'eadem
964 968 1002 1010 S.
1036 967 1312 1022 (Jongregatio
1346 968 1458 1009 iuxta
1501 965 1657 1009 litteras
1699 966 1751 1009 lo·

116 1053 259 1084 corum
279 1037 516 1083 Ordinariis
535 1039 651 1082 datas
684 1052 809 1094 super
834 1038 909 1081 liac
934 1051 977 1080 re
995 1037 1068 1093 (⁴22
1094 1036 1242 1090 Martii⁷
1270 1036 1395 1088 1923,
1419 1033 1503 1080 CO.
1525 1035 1751 1093 xv,1511).

117 1111 212 1154 Pars
235 1110 481 1165 dispositiva
507 1113 597 1164 post
622 1111 800 1152 rationes
825 1108 977 1151 ibidem
1005 1110 1252 1163 praemissas
1274 1120 1454 1164 sequens
1477 1112 1559 1150 est:
1600 1124 1621 1148 «
1647 1110 1752 1160 Quo-

115 1183 190 1225 ties
224 1182 349 1236 igitur
382 1180 634 1234 sacerdotes,
670 1181 782 1222 iuxta
816 1192 906 1222 can.
932 1179 1030 1227 806,
1057 1178 1093 1231 2,
1130 1176 1293 1220 Missam
1318 1178 1464 1220 eodem
1500 1177 1566 1221 dio
1600 1180 1750 1221 iterare

112 1256 181 1295 aut
205 1253 330 1294 etiam
356 1250 538 1293 tardiore
565 1249 664 1293 liora
688 1250 737 1292 ad
763 1250 935 1293 Sacrum
962 1249 1102 1292 Altare
1126 1248 1327 1292 accedere
1353 1261 1520 1292 necesse
1547 1248 1750 1303 liabeant3

112 1321 320 1379 siquidem
354 1323 442 1364 sine
475 1322 595 1377 gravi
629 1320 782 1364 damno
818 1322 956 1363 ieiunii
986 1319 1251 1363 eucharistici
1286 1318 1434 1375 legem,
1462 1318 1525 1362 vel
1561 1321 1750 1363 inlirinae

117 1392 368 1436 valetudinis
410 1404 551 1447 causa,
587 1391 649 1434 vei
702 1395 868 1447 propter
915 1392 1088 1434 nimium
1138 1391 1244 1433 sacri
1296 1392 1511 1433 ministerii
1548 1390 1747 1444 laborem,

111 1463 269 1507 aliasve
304 1461 570 1506 rationabiles
594 1474 753 1514 causaS,
777 1462 826 1505 ad
854 1463 1034 1517 rigorem
1058 1473 1230 1504 servare
1253 1466 1485 1517 nequeant3
1518 1461 1746 1517 Supreinae

113 1533 208 1577 liuic
240 1531 562 1589 Congregationi
598 1531 781 1575 locorum
807 1529 1036 1586 Oiwlinarii,
1059 1530 1252 1575 oiunibus
1285 1544 1425 1574 rerum
1459 1531 1666 1575 adiunctis
1689 1531 1747 1573 ‹li-

112 1603 290 1661 ligenter
322 1605 533 1659 expositis
571 1615 787 1646 recurrere
824 1606 1028 1658 poterunt.
1064 1599 1181 1654 Quae
1206 1615 1278 1658 pro
1302 1601 1544 1644 diversitate
1577 1614 1747 1645 casuum

112 1675 221 1733 (sive
253 1688 347 1718 cum
383 1674 557 1730 singulis
590 1673 768 1730 lpsamet
801 1673 1095 1730 dispensando,
1128 1675 1231 1724 sive,
1252 1673 1418 1730 quaudo
1456 1685 1550 1716 vera
1585 1686 1632 1716 ac
1658 1687 1747 1729 pro·

115 1745 207 1790 bata
241 1746 465 1788 necessitas
500 1744 537 1787 id
563 1746 731 1787 omniuo
754 1744 942 1798 suadeat,
967 1743 1199 1787 habituales
1222 1756 1387 1801 quoque
1412 1743 1629 1787 facultates
1654 1745 1750 1799 ipsis

111 1814 346 1861 Ordinariis
371 1815 609 1872 tribuendo)
644 1820 876 1872 opportune
903 1814 1152 1871 providebit.
1190 1815 1306 1869 Quae
1329 1814 1499 1872 quidem
1534 1814 1749 1858 facultates

113 1901 185 1944 pro
219 1887 384 1931 casibus
418 1885 744 1943 urgentioribus,
778 1888 816 1928 in
851 1885 1002 1943 quibus
1047 1890 1210 1941 tempus
1259 1899 1338 1928 nou
1388 1889 1580 1942 suppetat
1615 1898 1749 1928 recur-

110 1957 226 2001 rendi
261 1957 312 2000 ad
347 1958 385 2001 S.
419 1957 587 2010 Sedem,
620 1958 699 1999 iam
735 1969 784 1999 ex
821 1969 930 2000 nunc
978 1955 1253 2012 Amplitudiui
1287 1955 1399 1999 Tuae
1447 1955 1748 2003 conceduntur,

109 2041 183 2085 per
210 2027 264 2071 Te
290 2030 439 2084 ipsum,
463 2029 651 2084 graviter
674 2032 842 2070 onerata
866 2029 1132 2080 conscientia,
1157 2026 1438 2079 exercendas3
1473 2026 1586 2070 bisce
1611 2031 1746 2069 tamen

105 2098 184 2143 sub
215 2098 537 2154 conditionibus,
575 2103 617 2141 ut
652 2099 813 2141 nonnisi
861 2097 1017 2155 aliquid
1070 2111 1142 2154 per
1192 2097 1358 2140 modum
1402 2101 1533 2154 potus
1568 2097 1748 2140 exclusis

108 2169 421 2223 inebriantibus,
442 2183 608 2212 sumere
634 2171 921 2225 permittatur3
947 2169 1173 2212 efficaciter
1191 2168 1435 2212 scandalum
1458 2172 1746 2213 removeatur:

107 2253 155 2285 ac
187 2243 500 2298 quamprimum
535 2241 573 2283 S.
608 2240 736 2284 Sedes
774 2240 825 2283 de
873 2252 1069 2283 concessa
1119 2240 1428 2295 dispensatione
1477 2241 1630 2282 certior
1664 2240 1746 2281 liat.

223 2308 507 2355 Gravissimae
541 2311 711 2354 demum
747 2310 868 2353 liuius
893 2310 996 2367 legis
1020 2310 1320 2353 relaxationem
1353 2310 1486 2353 solum
1520 2310 1750 2354 conceden-

106 2382 200 2425 dam
236 2394 324 2426 esse
357 2384 476 2435 scias,
511 2395 638 2439 quum
689 2381 905 2438 spirituale
947 2380 1132 2424 fidelium
1187 2380 1340 2424 bonum
1390 2381 1428 2424 id
1479 2383 1632 2438 exigat,
1667 2393 1745 2423 non

109 2466 207 2496 vero
240 2452 292 2497 ob
326 2455 532 2510 privatam
569 2454 698 2509 ipsius
729 2452 959 2495 sacerdotis
992 2452 1257 2495 devotionem
1299 2457 1370 2495 aut
1405 2451 1686 2495 utilitatem».

225 2524 285 2567 Ad
321 2536 411 2568 can.
447 2523 546 2577 984,
573 2522 630 2577 5⁰,
667 2525 705 2565 in
742 2535 834 2580 pag.
860 2522 943 2566 423
978 2522 1055 2566 sub
1090 2523 1171 2566 line
1204 2535 1317 2566 num.
1354 2523 1452 2565 34⁶2.
1488 2522 1564 2566 Hic
1598 2536 1746 2579 oppor-

106 2599 203 2638 tune
238 2599 522 2638 memorautur
555 2595 637 2638 duo
670 2594 709 2637 S.
740 2594 1083 2650 Congregationis
1107 2592 1278 2638 Concilii
1313 2593 1617 2637 declarationes
1640 2605 1747 2650 quae

107 2667 332 2720 practicam
367 2678 476 2709 nunc
510 2663 663 2709 habent
699 2664 930 2708 utilitatem.
966 2664 1110 2723 ltaque
1146 2667 1401 2721 propositum
1439 2666 1509 2708 l'uit
1546 2664 1744 2707 dubium:

109 2735 231 2789 «An,
279 2748 301 2778 a
350 2735 500 2793 quibus
546 2740 585 2779 et
627 2749 676 2778 ex
723 2748 904 2792 quonam
955 2735 1073 2778 titulo
1122 2735 1409 2792 irregularitas
1458 2735 1743 2787 contrahatur,

104 2806 270 2863 quaudo
303 2806 489 2850 duellum
524 2818 570 2849 ea
608 2807 764 2849 ratione
798 2807 1084 2858 committitur,
1119 2819 1200 2863 quo
1250 2806 1312 2849 his
1345 2806 1601 2863 temporibus
1636 2808 1742 2848 iuter

39 2881 48 2888 “
102 2874 350 2920 Germaniae
381 2875 674 2921 Universitatis
706 2875 897 2919 alumnos
931 2877 1018 2919 lieri
1053 2876 1155 2919 solet
1191 2879 1228 2919 in
1253 2889 1416 2920 casu».
1452 2876 1500 2920 Et
1536 2879 1575 2919 in
1616 2878 1741 2919 comi-
