1971 3261
110 139 205 176 Cam
232 138 326 174 1070
625 139 709 174 Tl'r.
735 139 821 174 VII.
848 160 861 167 -
887 141 944 176 De
971 142 1230 176 ,Matrimonio
1675 143 1743 178 577

108 273 204 304 cum
240 262 597 316 interpretatione,
628 273 707 317 pro
741 259 885 303 valore
916 260 1194 313 villeiriimom'i,
1231 266 1273 304 ut
1306 261 1461 305 dictum
1503 267 1565 305 est
1602 278 1623 304 «
1646 276 1742 306 con-

109 332 289 386 tracti»,
321 330 392 374 sed
427 333 522 388 quia
561 345 582 371 «
604 335 748 374 contra
784 334 1162 387 praesumptionem
1199 335 1299 375 iuris
1331 332 1577 388 simpliciter
1600 333 1742 376 admit-

110 404 210 446 titur
243 401 432 458 probatio
466 406 551 444 tum
587 401 745 445 directa
796 407 880 445 tum
932 403 1174 446 indirecta»
1227 402 1335 460 (cau.
1388 404 1531 460 1826),
1574 407 1745 448 canonis

108 474 374 516 commentati
411 475 695 529 praesumptio
731 473 929 529 perdurat
953 474 1019 530 (ex
1046 475 1191 517 codem
1216 477 1274 519 sic
1299 475 1592 532 prosequente)
1617 475 1746 518 detrec

107 548 234 586 certo*
255 543 480 597 moraliter,
515 557 591 587 nec
624 544 776 587 sufficit
825 556 972 600 magua
1022 545 1284 588 solummodo
1334 545 1615 601 probabilitas,
1645 560 1742 603 pro-

106 613 227 657 betur
260 616 448 671 positivis
468 614 698 658 rationibus
735 614 797 658 vel
834 615 994 670 mediis,
1014 616 1161 659 saltem
1187 617 1577 671 extraiudicialiter,
1601 618 1671 660 sed
1692 618 1741 661 ad

107 698 297 729 normam
337 697 426 730 can.
473 685 596 739 1990,
641 698 689 729 ac
727 685 935 730 obiectum
973 686 1226 743 probationis
1260 686 1411 743 duplex
1443 691 1527 730 est:
1563 687 1743 730 alteram

103 761 272 813 partem
315 756 451 799 valide
495 755 753 814 baptizatam
798 771 900 812 esse,
937 762 1021 800 tum
1057 759 1179 800 etiam
1233 760 1269 799 iu
1321 770 1588 815 quacumque
1632 764 1741 802 secta

105 840 229 884 quam
265 827 402 871 adhuc
435 832 647 884 sequatur,
680 830 711 871 si
747 830 1055 873 matrimonium
1084 830 1157 871 l'uit
1181 834 1440 872 contractum
1463 834 1556 873 aute
1579 830 1744 873 Codicis

109 900 309 955 vigorem,
344 903 446 953 tum,
480 901 511 941 si
547 899 598 942 de
634 901 898 942 matrimonio
932 901 984 942 sit
1017 902 1204 956 quaestio
1251 905 1337 956 post
1380 900 1545 944 Codicis
1580 901 1742 958 plenam

108 971 190 1012 vim
225 969 451 1023 celebrato,
491 985 511 1010 c(
535 972 573 1012 iu
609 969 795 1013 Ecclesia
820 969 1032 1023 ,catholica
1077 970 1140 1013 vel
1187 971 1236 1013 ad
1278 972 1453 1015 eandem
1497 985 1545 1015 ex
1583 972 1742 1015 baeresi

103 1045 174 1084 aut
206 1040 430 1084 schismate
465 1053 707 1084 conversa»
746 1041 792 1099 (ξ
827 1041 865 1093 1)
903 1046 1134 1098 «tempore
1179 1044 1379 1085 contracti
1427 1045 1743 1096 matrimonii»,

102 1111 285 1154 alteram
320 1125 414 1155 vero
448 1117 546 1156 tunc
580 1115 779 1168 temporis
815 1115 851 1155 in
888 1116 1065 1169 utraque
1099 1112 1318 1169 hypothesi
1358 1126 1439 1156 mm
1487 1112 1741 1171 baptizatam

102 1183 155 1225 de
189 1184 296 1226 facto
333 1182 396 1226 vel
431 1188 599 1239 propter
633 1182 825 1239 baptismi
861 1187 1019 1226 certam
1055 1183 1378 1227 invaliditatem.

198 1288 263 1324 Pro
292 1289 386 1335 praxi
415 1300 487 1323 non
515 1294 635 1324 carent
655 1289 803 1325 utilitate
831 1289 1014 1335 sequeutia
1032 1300 1199 1335 responsa
1215 1288 1248 1325 S.
1269 1290 1396 1335 Congr.
1426 1290 1501 1336 luq.
1532 1290 1566 1325 in
1586 1291 1741 1326 eiusdem

103 1347 343 1384 Declaratione
369 1348 473 1383 citata
499 1348 564 1383 sub
592 1348 698 1383 finem
726 1359 805 1384 can.
838 1359 951 1394 praec.
974 1349 1006 1382 1;
1041 1362 1055 1380 «
1078 1351 1129 1383 An
1158 1349 1323 1394 degentes
1350 1350 1385 1384 in
1414 1349 1456 1384 iis
1476 1350 1743 1396 protestantium

102 1407 200 1450 locis,
228 1407 287 1443 ubi
316 1407 494 1454 Baptisma
519 1407 666 1443 dubium
693 1413 756 1449 est,
795 1413 965 1453 tanquam
1006 1407 1166 1443 infideles
1205 1408 1356 1444 habendi
1398 1409 1483 1452 sint,
1517 1409 1562 1444 ita
1591 1414 1627 1444 ut
1654 1410 1746 1444 inter

99 1466 289 1502 catholicos
314 1471 348 1502 et
373 1477 443 1507 eos
472 1466 688 1512 disparitatis
707 1466 821 1501 cultus
841 1458 1134 1513 impedimentum
1154 1467 1327 1502 dirimens
1345 1468 1467 1503 adesse
1485 1468 1741 1504 censeaturt».

100 1524 294 1572 Sequentes
332 1525 586 1561 declarationes
627 1526 768 1561 fuerunt
793 1537 814 1561 a
841 1525 900 1560 l‘io
943 1524 1012 1560 vlit
1055 1526 1242 1572 probatae:
1287 1540 1302 1559 «
1329 1527 1361 1560 1Ο
1396 1525 1517 1570 Quoad
1555 1527 1745 1562 haereticos

98 1595 250 1631 quorum
277 1589 391 1621 sectae
416 1584 558 1620 ritualia
586 1584 830 1631 praescribunt
858 1584 1079 1620 collationem
1109 1584 1272 1631 baptismi
1300 1586 1433 1631 absque
1458 1586 1654 1621 necessario
1681 1597 1745 1621 usu

101 1643 268 1679 materiae
293 1647 326 1679 et
355 1643 484 1679 formae
509 1643 709 1679 essentialis
735 1643 836 1679 debet
855 1643 1047 1679 examinari
1068 1655 1169 1679 casus
1188 1645 1428 1691 particularis:
1450 1645 1487 1679 ⁴20
1506 1644 1627 1689 Quoad
1646 1645 1745 1686 alios,

98 1702 159 1748 qui
188 1703 284 1738 iuxta
309 1713 429 1738 eorum
450 1703 591 1738 ritualia
609 1702 791 1749 baptizant
813 1702 938 1746 valide,
959 1703 1113 1738 validum
1133 1704 1348 1739 censendum
1368 1710 1420 1739 est
1438 1704 1624 1751 baptisma.
1645 1704 1743 1748 Quod

98 1762 127 1796 si
157 1761 305 1797 dubium
335 1762 497 1808 persistat
522 1762 628 1798 etiam
657 1762 692 1797 in
722 1763 835 1809 primo
861 1773 958 1803 casu,
997 1763 1213 1798 censendum
1241 1769 1293 1799 est
1320 1763 1476 1799 validum
1504 1763 1680 1810 baptisma
1706 1764 1740 1798 in

97 1821 222 1856 ordine
246 1820 290 1856 ad
320 1820 536 1856 validitatem
564 1821 802 1865 matrimonii;
824 1822 861 1855 30
875 1820 910 1857 Si
926 1826 1042 1857 autem
1059 1827 1151 1857 certo
1166 1827 1398 1867 cognoscatur
1414 1823 1552 1858 nullum
1569 1823 1743 1869 baptisma

97 1890 139 1915 ex
166 1881 421 1916 consuetudine
445 1881 573 1916 actuali
603 1881 697 1916 illius
723 1885 849 1922 sectae,
881 1881 1018 1916 nullum
1045 1886 1096 1916 est
1125 1881 1390 1916 matrimonium
1412 1896 1443 1916 n.

218 1975 468 2030 Quaeritur:
503 1988 554 2020 an
593 1975 769 2020 verbum
819 1975 918 2020 illud
960 1989 1137 2033 «pars»
1181 1976 1223 2035 ξι
1257 1977 1295 2020 2¹
1339 1979 1389 2020 sit
1424 1977 1741 2034 intelligendum

97 2047 150 2091 de
184 2060 374 2105 persona,
418 2059 524 2105 quae
570 2049 609 2090 in
654 2047 701 2105 ἕο
747 2047 790 2089 10
825 2047 979 2091 dicitur
1017 2062 1039 2088 α
1061 2061 1140 2090 nou
1189 2048 1455 2105 baptizata»,
1491 2048 1555 2092 vel
1589 2048 1640 2092 de
1674 2048 1739 2092 illa

97 2131 206 2177 quae
254 2118 309 2162 ibi
358 2119 512 2162 dicitur
549 2119 857 2175 «baptizata».
895 2145 945 2150 —
981 2119 1022 2163 Si
1056 2124 1205 2176 agatur
1252 2120 1303 2163 de
1355 2122 1630 2164 matrimoniis
1678 2133 1742 2164 ca-

98 2192 246 2234 nonice
294 2192 533 2243 contractis,
581 2194 698 2233 certo
749 2189 1065 2246 intelligendum
1116 2195 1175 2233 est
1221 2190 1271 2234 de
1318 2193 1450 2247 prima
1493 2204 1564 2234 seu
1615 2205 1737 2234 «nou

98 2260 373 2318 baptizata»,
423 2263 520 2318 quia
565 2265 664 2305 tunc
717 2263 849 2317 potuit
898 2263 1210 2305 matrimonium
1262 2263 1374 2305 iuxta
1426 2275 1605 2306 canones
1652 2265 1740 2306 sine

96 2332 406 2389 dispensatione
439 2331 491 2376 ab
526 2332 603 2376 boc
640 2332 955 2389 impedimento,
989 2334 1021 2375 si
1055 2332 1268 2388 adfuisset,
1314 2332 1517 2377 celebrari
1561 2334 1610 2377 ad
1647 2347 1739 2377 nor-

100 2415 211 2446 mam
259 2415 350 2448 cau.
401 2403 530 2457 1021,
579 2403 679 2462 §L
729 2408 854 2461 atque
898 2408 994 2446 tunc
1042 2416 1122 2446 non
1172 2403 1290 2447 adest
1338 2404 1560 2448 difficultas
1594 2406 1631 2447 in
1666 2417 1737 2462 ap-

100 2474 324 2530 plicatione
357 2487 448 2518 can.
484 2474 597 2518 1070
629 2475 657 2532 ἓ
693 2474 730 2519 ⁶2.
767 2499 820 2504 —
854 2473 894 2517 Si
931 2487 1031 2517 vero
1064 2479 1213 2531 agatur
1246 2474 1298 2518 de
1322 2477 1599 2519 matrimoniis
1621 2481 1737 2519 extra

102 2544 332 2588 Ecclesiam
365 2544 614 2589 catholicam
654 2545 791 2589 valide
826 2548 1051 2589 contractis
1095 2551 1183 2602 post
1225 2544 1390 2590 Codicis
1436 2548 1638 2603 vigorem,
1672 2547 1738 2591 hic

96 2618 157 2669 {¹¹³
189 2628 236 2660 ea
271 2629 350 2659 non
400 2618 582 2673 respicit,
631 2620 840 2674 quatenus
889 2630 968 2659 nou
1018 2621 1079 2659 est
1118 2619 1155 2659 in
1191 2619 1251 2660 eis
1285 2616 1400 2660 locus
1432 2617 1528 2661 huic
1562 2618 1736 2675 impedi-

101 2691 252 2730 mento.
288 2686 363 2730 Pro
391 2687 548 2731 eisdem
582 2691 721 2731 autem
759 2692 854 2731 ante
887 2686 1052 2732 Codicis
1095 2687 1259 2744 plenam
1307 2690 1405 2743 vim,
1440 2691 1627 2746 quaestio
1661 2691 1736 2733 erit

97 2758 280 2813 practica
315 2761 405 2814 post
438 2757 603 2801 illorum
636 2760 864 2815 coniugum
890 2757 955 2801 vel
980 2757 1221 2801 alterutrius
1245 2761 1580 2802 couversionem.
1601 2759 1735 2817 Atque

214 2898 226 2920 ²
256 2898 297 2932 17
336 2898 435 2933 Nov.
465 2899 570 2941 1830,
600 2899 638 2934 S.
669 2898 797 2943 Sedis,
829 2899 955 2940 XXV,
985 2900 1067 2937 258.

179 2988 276 3017 BLAT
298 3004 317 3011 -
342 2988 465 3017 C'omm.
494 2988 578 3017 Text.
607 2988 682 3017 Cod.
708 2989 780 3017 Ῑιιν.
807 2989 887 3018 Can.
1607 2990 1644 3018 37
