1971 3261
17 2856 21 2866 ι

19 2939 23 2989 l

6 3042 24 3059 ’Ἰ

111 145 206 182 Can.
234 144 439 180 1024-1025
625 143 708 178 TIT.
735 143 822 178 VH.
848 164 860 169 -
888 145 945 179 De
973 145 1233 179 sslatriinonio
1675 147 1741 180 511

113 267 202 309 lieri
236 268 406 318 possunt
443 279 464 304 α
489 262 790 320 publicationes
817 282 861 317 »ς
896 277 1062 320 semper
1094 268 1231 307 autem
1271 280 1292 304 «
1318 265 1413 307 liant
1433 280 1454 304 »
1483 264 1526 320 d)
1554 264 1593 307 in
1619 264 1743 307 ecele-

112 335 191 390 sia,
225 347 332 392 quae
368 333 550 390 parocho
582 333 841 387 subiiciatur,
877 335 1087 378 ordinarie
1122 337 1158 377 in
1195 335 1431 391 paroeciali,
1469 334 1660 391 (proinde
1694 339 1747 379 ci-

114 405 217 449 viles
263 405 449 448 eiusdem
493 406 744 447 matrimonii
787 404 1130 448 denunciationes
1175 405 1236 448 his
1283 405 1474 449 substitui
1522 410 1748 463 nequeunt)

112 476 152 532 a)
172 475 286 518 inter
318 475 553 518 Missurum
586 474 809 518 sollemnia
846 476 1111 531 intelligenda
1146 477 1197 520 de
1223 479 1343 519 missa
1378 477 1584 529 sollemni,
1607 479 1638 519 si
1664 490 1744 535 qua

113 546 266 590 ibidem
300 545 550 600 celebretur,
583 550 653 589 aut
697 547 747 588 de
798 548 919 589 missa
965 546 1206 602 parochiali.
1240 552 1277 590 et
1325 547 1398 590 lioc
1445 550 1744 604 praescriptum

114 623 203 661 erat
246 619 284 660 in
331 616 445 661 Dec⁰.
481 616 719 673 Conciliari,
762 617 831 660 sed
879 617 1130 661 ‹lisiunctire
1180 618 1360 675 loquitur
1404 632 1558 662 canon:
1596 618 1637 675 b)
1672 624 1746 661 [izit

112 689 225 731 inte}=
257 687 349 731 alia
381 687 527 731 divina
561 686 695 745 officia
733 702 768 730 v.
803 702 864 744 gr.
903 701 1187 744 vesperarum,
1220 691 1406 732 exercitii
1456 693 1545 732 sive
1591 703 1742 732 noven-

113 759 247 815 dialis,
280 761 370 802 sive
404 758 666 802 dominicalis
709 772 803 802 cum
840 761 1075 802 interventu
1118 760 1359 815 sacerdotis,
1396 773 1472 803 una
1522 761 1582 803 vol
1618 761 1744 804 altera

112 832 328 874 occasione
363 843 436 886 pro
471 829 587 873 libitu
625 830 836 873 moderato
862 844 934 886 per
966 835 1206 888 sequentem
1233 831 1536 873 conditionem:
1563 830 1748 889 adquae

110 900 291 958 populus
322 899 522 958 frequens
555 900 742 953 accedat,
776 905 818 943 ut
852 914 1000 957 nempe
1033 901 1210 956 amplior
1234 901 1469 945 obtineatur
1495 904 1744 945 matrimonii

113 971 383 1015 contrahendi
419 973 576 1025 notitia,
609 974 882 1029 securiusque
914 972 1161 1015 celebretur.

232 1042 329 1086 416.
369 1044 761 1088 Publicationum
793 1045 1092 1089 substitutio.
1114 1069 1166 1073 —
1192 1042 1311 1097 Quod
1348 1043 1536 1100 pluribus
1571 1046 1608 1086 In
1648 1044 1747 1087 locis

116 1128 153 1159 v,
187 1128 248 1171 gr.
285 1117 322 1156 in
356 1113 538 1157 Statibus
571 1114 790 1157 Americae
822 1114 1164 1170 Septentrionalis
1198 1119 1285 1157 erat
1331 1117 1367 1157 in
1404 1128 1517 1157 more
1552 1117 1743 1170 positum,

112 1189 277 1228 servata
322 1184 423 1241 legis
454 1187 678 1228 canonicae
722 1186 963 1238 intentione,
1003 1184 1231 1242 relictaque
1275 1185 1423 1237 littera,
1458 1198 1565 1228 nunc
1607 1184 1744 1229 Codex

113 1255 279 1299 admisit
320 1268 529 1311 expresse,
563 1255 661 1298 dum
707 1257 763 1298 ait
801 1269 892 1299 ean.
930 1257 1061 1298 1025.
1100 1254 1238 1298 Potes!
1271 1254 1352 1298 loci
1400 1255 1659 1299 Ordinarius
1693 1256 1743 1300 ad

115 1338 302 1369 normam
337 1338 427 1369 can.
454 1325 550 1380 198,
575 1325 603 1383 ξ
627 1326 667 1381 ⁶2,
693 1326 756 1369 vel
782 1325 934 1369 ibidem
956 1328 994 1368 in
1031 1340 1104 1369 usu
1131 1327 1253 1369 suerit
1280 1326 1341 1369 vel
1383 1340 1476 1376 non,
1512 1332 1635 1384 atque
1671 1329 1746 1383 ipsi

113 1396 285 1440 facultas
319 1397 362 1439 lit
395 1396 472 1439 hoc
505 1408 677 1451 canone,
714 1410 791 1439 non
828 1399 1054 1453 imponitur
1087 1396 1299 1453 obligatio,
1334 1396 1375 1454 a)
1406 1411 1484 1455 pro
1518 1412 1592 1441 suo
1627 1398 1736 1440 terri

113 1467 222 1511 torio
255 1466 481 1510 universali
519 1467 581 1510 vel
607 1467 848 1524 partialiter,
884 1467 925 1524 b)
956 1467 1325 1525 publicationibus,
1352 1481 1458 1526 quae
1493 1469 1628 1512 dictae
1654 1474 1749 1512 sunt

112 1541 236 1582 etiam
273 1538 621 1594 proclamationes
657 1538 769 1581 velut
802 1543 997 1582 oretenus
1030 1539 1258 1592 laciendae,
1292 1545 1362 1583 aut
1414 1539 1561 1592 banna,
1597 1540 1746 1583 substi-

115 1615 230 1652 tuere
262 1614 541 1666 congruenter
573 1609 677 1653 can¹.
704 1609 816 1653 1022
851 1611 894 1664 a)
924 1609 1150 1667 publicam,
1180 1615 1221 1653 ut
1256 1610 1309 1654 ibi
1334 1610 1647 1655 declaravimus
1670 1611 1748 1655 hoc

115 1679 305 1736 verbum,
330 1679 372 1737 b)
407 1679 462 1723 acl
493 1679 650 1735 valvas,
675 1681 713 1723 id
749 1685 831 1724 est:
856 1681 906 1724 ad
943 1686 1101 1737 portam
1126 1681 1186 1725 vel
1225 1695 1352 1738 prope
1383 1685 1511 1738 ipsam
1540 1685 1749 1739 ingressus

113 1751 313 1794 ecclesiae
341 1751 601 1809 paroecialis
645 1751 807 1795 aliusve
848 1752 1048 1795 ecelesiae
1089 1755 1192 1796 sitae
1235 1754 1403 1810 quidem
1451 1755 1488 1796 in
1526 1754 1747 1810 paroeciali

114 1824 338 1877 territorio,
373 1828 411 1866 et
446 1822 626 1879 parocho
659 1822 885 1879 subiectae,
912 1826 948 1866 in
983 1836 1159 1881 quarum
1195 1823 1391 1867 alterutra
1427 1826 1514 1867 lieri
1550 1824 1749 1868 deberent

114 1892 415 1950 publicationes
440 1894 766 1938 matrimoniales
788 1894 1018 1938 secundum
1045 1896 1429 1950 interpretationem
1455 1901 1558 1938 can⁵.
1582 1901 1748 1951 praec⁸.,

113 1962 154 2020 c)
187 1962 433 2021 affioeionem
469 1965 684 2007 nominum
716 1963 1056 2010 contrahentium
1088 1967 1247 2009 scilicet
1288 1968 1519 2022 scripturae
1554 1965 1746 2022 intelligi-

116 2034 206 2078 bilis
239 2048 287 2078 ac
319 2037 567 2079 continentis
602 2049 750 2079 nomen
799 2041 838 2079 et
871 2049 1101 2093 cognomen
1138 2039 1276 2092 sponsi
1311 2050 1358 2080 ac
1391 2049 1568 2093 sponsae
1605 2039 1743 2081 unius-

113 2107 314 2164 cuiusque
350 2109 613 2162 matrimonii,
649 2120 850 2150 eorumve
885 2107 1066 2150 familiae
1099 2121 1172 2164 pro
1208 2121 1322 2151 more
1355 2110 1393 2150 in
1430 2107 1490 2151 his
1527 2108 1747 2152 denuncia-

113 2176 294 2221 tionibus
326 2177 380 2221 ibi
405 2178 627 2233 servando,
653 2191 759 2235 quae
792 2179 931 2222 affixio
956 2184 1197 2235 permaneat
1220 2179 1263 2235 d)
1285 2192 1363 2236 per
1384 2179 1570 2235 spatium
1595 2178 1747 2222 saltem

113 2253 202 2291 octo
234 2247 412 2304 diermn,
445 2249 555 2306 quod
592 2254 724 2306 potest
756 2251 987 2306 com—putari
1021 2248 1072 2293 ab
1107 2251 1222 2292 initio
1255 2250 1336 2293 diei
1370 2251 1591 2302 atfixionis‚
1626 2250 1745 2293 dum·

116 2318 237 2362 modo
285 2318 385 2363 haec
431 2331 550 2363 mane
599 2321 715 2363 tieret
749 2322 990 2376 praesertim
1041 2320 1093 2364 ab
1126 2319 1335 2364 Ecclesiae
1369 2323 1579 2377 ingressus
1612 2323 1746 2377 aperi-

113 2392 237 2444 tione,
271 2402 363 2433 nam
403 2391 536 2434 «dies
570 2396 730 2435 constat
764 2392 815 2434 24
852 2391 963 2435 boris
1005 2394 1202 2435 continuo
1245 2393 1520 2449 supputandis
1552 2405 1573 2436 a
1609 2394 1746 2436 media

114 2464 233 2503 nocte
255 2476 285 2503 η
315 2460 422 2518 (can.
449 2461 519 2515 3³2,
554 2461 583 2520 ξ
616 2462 672 2519 1),
699 2476 774 2506 nec
809 2463 988 2519 perfecte
1011 2462 1219 2506 sufficeret
1248 2478 1268 2503 ((
1292 2462 1552 2507 hebdomada
1574 2479 1613 2517 )),
1638 2476 1746 2521 quae

113 2535 273 2574 constat
311 2532 378 2574 «7
413 2531 604 2576 diebus»
642 2537 814 2587 tantum,
850 2536 931 2577 imo
964 2539 1061 2577 tunc
1095 2534 1353 2591 frequentius
1392 2547 1469 2577 non
1506 2539 1747 2578 servaretur

113 2614 291 2658 sequens
323 2602 532 2647 clausulae
565 2604 768 2647 conditio:
794 2605 856 2647 ita
891 2610 1027 2647 tamen
1064 2610 1121 2659 ut,
1147 2603 1221 2648 lioo
1243 2605 1398 2663 spatio,
1421 2604 1502 2648 duo
1527 2605 1616 2648 (lies
1648 2604 1749 2663 festi

113 2671 164 2715 de
191 2679 429 2731 praecepto,
456 2679 498 2717 ut
532 2674 757 2731 plurimum
791 2675 1003 2731 dominici,
1027 2681 1067 2719 et
1101 2675 1157 2718 illi
1192 2681 1235 2719 ut
1267 2689 1392 2732 supra
1427 2676 1625 2720 declarati
1651 2681 1747 2719 sunt

116 2745 153 2786 in
189 2744 338 2800 praec.i
372 2749 492 2799 can⁹.,
528 2744 951 2803 comprehendantur,
979 2746 1089 2804 quod
1127 2746 1302 2790 verbum
1337 2749 1510 2805 requirit
1545 2749 1745 2803 interpre-

116 2816 310 2858 tationem
347 2816 571 2871 praefatam
604 2816 656 2860 de
688 2819 1010 2873 computatione,
1043 2817 1209 2875 quando
1242 2818 1381 2862 affixio
1426 2818 1541 2861 tieret
1576 2818 1641 2861 die
1675 2818 1747 2861 do-

117 2887 280 2941 minica,
305 2891 343 2929 et
377 2886 534 2930 nullum
569 2888 717 2931 festum
740 2888 791 2931 de
824 2893 1044 2945 praecepto
1067 2891 1255 2933 eveniret
1288 2891 1393 2949 intra
1420 2889 1746 2942 hebdomadam,
