1971 3261
141 105 210 139 226
535 105 621 139 Lus.
647 104 720 138 ΙΙΙ.
752 124 763 130 -
791 104 902 138 PARS
937 105 963 138 Ι.
990 124 1003 129 -
1028 105 1086 140 De
1113 87 1379 140 sacramentis
1492 105 1585 141 Can.
1613 106 1774 141 878-879

142 225 392 268 confessario
427 225 698 277 necessariae,
725 236 801 266 nec
826 223 970 266 eodem
996 223 1128 280 gradu
1169 224 1447 280 possidentur,
1488 237 1563 268 nec
1596 227 1778 282 potiores

141 308 306 351 semper
328 308 430 351 opus
448 298 569 337 erunt
593 293 664 348 illi,
685 293 755 337 sed
779 306 851 349 pro
870 293 1049 338 diversis
1070 307 1338 350 personarum
1358 307 1406 338 ac
1426 295 1610 339 locorum
1629 296 1774 339 adiun-

142 367 217 409 ctis
251 367 427 408 maiores
463 364 525 407 vel
551 366 746 418 minoreS,
774 368 942 420 propter
964 365 1073 422 quod
1099 369 1210 408 recte
1233 367 1420 422 sequitur
1437 379 1527 410 caii.
1553 368 1660 411 878.
1683 366 1712 425 ξ
1736 367 1775 409 1.

145 434 385 478 leirisdielio
418 434 628 491 deleqata,
663 436 761 491 quia
796 434 1006 478 ordinaria
1040 448 1090 478 ex
1125 437 1215 479 iure
1237 436 1448 491 definitur,
1474 441 1548 479 aut
1586 435 1775 490 licentia,

141 519 187 549 eo
222 506 330 563 quod
367 507 602 562 requiratur
635 504 687 548 ob
723 504 1014 561 religiosorum
1048 505 1368 562 dependentiam
1413 509 1452 549 in
1491 509 1577 550 suis
1613 507 1777 551 actibus

140 588 160 619 a
185 576 453 631 Superiorum
493 575 718 630 voluntate,
742 579 867 633 atque
889 575 1088 619 alterutra
1123 576 1434 620 audiendarum
1466 577 1774 635 confessionum

140 645 308 689 concedi
337 650 474 700 potest
497 659 569 702 pro
603 645 838 689 rationabili
871 645 1043 689 arbitrio
1067 648 1104 702 a)
1137 646 1264 690 certis
1296 660 1369 691 seu
1403 646 1506 692 bene
1548 648 1777 704 designatis

140 715 386 774 quibusdam
419 716 740 773 circumscripta
789 715 953 773 finibus,
987 719 1187 774 temporis
1227 731 1262 760 V.
1298 731 1359 774 gr.
1394 718 1443 761 ad
1483 731 1555 762 sex
1596 732 1775 773 menses,

139 787 188 830 ad
223 799 391 842 annum,
427 787 613 830 fortassis
647 792 789 843 postea
823 787 1063 830 renovanda
1097 789 1186 831 sine
1219 787 1299 831 alio
1332 791 1537 842 examine,
1584 801 1777 846 persona-

141 871 229 901 rum
258 871 293 900 v.
323 871 384 914 gr.
410 871 482 914 pro
510 859 622 912 viris,
649 871 721 914 pro
747 856 991 901 mulieribus
1012 870 1193 915 quoque,
1218 857 1402 902 locorum
1432 872 1467 900 v.
1493 873 1553 915 gr.
1579 861 1619 902 in
1643 862 1773 916 pagis,

140 931 178 971 in
211 927 461 986 quibusdam
494 928 693 972 ecclesiis.
730 927 778 971 Et
812 927 914 972 llaec
946 933 1041 971 sunt
1075 928 1340 985 praecedenti
1366 930 1444 972 iuri
1468 930 1712 975 conformia.

256 999 447 1042 Attamen
481 998 635 1042 abusus
669 1011 924 1055 praecavere
972 1003 1147 1055 oportet,
1195 1001 1303 1043 sicut
1333 999 1535 1043 sollicitus
1582 1005 1642 1044 est
1672 1001 1701 1059 ἓ
1734 1001 1773 1044 2.

142 1068 323 1113 Caveant
358 1074 495 1112 tamen
544 1069 762 1126 proprium
798 1068 958 1113 libitum
993 1069 1272 1126 advigilantes
1309 1069 1494 1114 locorum
1547 1071 1775 1115 Ordinarii

138 1153 186 1182 ae
217 1139 408 1196 reliyiosi
441 1139 689 1197 Superiores
724 1153 774 1182 ize
806 1138 1144 1183 iurisdietionem
1176 1145 1250 1183 aul
1283 1139 1501 1184 licentiam
1525 1143 1772 1198 respective,

137 1210 177 1267 a)
211 1210 302 1253 sine
333 1210 585 1253 rationabili
617 1224 747 1253 caiisa
780 1210 1069 1253 limitationem
1102 1210 1312 1263 fundante,
1346 1210 1390 1268 b)
1424 1212 1551 1255 nimis
1584 1212 1771 1256 scilicet:

139 1281 422 1325 moderatione
454 1294 533 1324 non
570 1285 750 1336 servata,
786 1280 1016 1324 molestiam
1053 1281 1267 1325 inserendo
1300 1287 1524 1327 coarctent.

255 1352 351 1396 20⁶2.
373 1353 445 1398 De
467 1354 614 1398 modo
640 1354 942 1398 concedendi
966 1354 1352 1398 iurisdictionem
1371 1354 1466 1399 fori
1493 1367 1771 1400 sacramen·

134 1425 265 1469 talis.
287 1448 345 1453 —-
370 1421 501 1466 Verba
526 1421 650 1466 Conc.
675 1422 787 1465 Trid.
822 1422 918 1478 (loc.
953 1423 1060 1479 cit.):
1091 1439 1111 1463 (ε
1135 1422 1478 1479 approbationem
1505 1437 1611 1481 quae
1644 1428 1774 1481 gratis

136 1494 270 1548 detur,
294 1493 477 1536 obtineat
501 1509 541 1548 )),
583 1498 745 1537 mutans
783 1492 921 1537 Codex
957 1494 1008 1537 (le
1045 1493 1344 1550 approbatione
1369 1497 1407 1537 in
1438 1495 1767 1540 iurisdictionem

135 1566 346 1608 constituit
380 1566 418 1606 in
452 1578 545 1607 ean.
579 1566 686 1607 879.
712 1564 740 1620 ξ
780 1565 815 1607 1.
848 1563 913 1607 Ad
945 1564 1228 1622 consessiones
1261 1564 1402 1608 valide
1435 1565 1671 1610 aildieiidas
1703 1580 1772 1623 ge·

136 1634 344 1688 neraliter,
377 1647 739 1692 quarumcumque
775 1636 1046 1691 personarum
1094 1637 1217 1678 etiam
1252 1635 1540 1692 religiosarum
1590 1637 1639 1680 ad
1675 1651 1771 1681 nor-

138 1718 243 1748 mam
279 1718 368 1749 can.
404 1706 487 1748 876
521 1710 559 1748 et
585 1708 623 1748 in
648 1705 983 1763 quibuscumque
1009 1705 1124 1759 locis,
1157 1720 1260 1764 opus
1293 1711 1355 1749 est
1379 1720 1457 1750 non
1482 1707 1613 1751 solum
1640 1708 1769 1751 iuris—

134 1775 328 1829 dictione,
363 1776 471 1833 quod
498 1778 577 1818 iam
603 1780 802 1819 statutum
829 1778 961 1819 suerat
985 1779 1023 1819 in
1059 1790 1149 1820 can.
1175 1777 1274 1830 872,
1298 1777 1368 1821 sed
1390 1777 1498 1835 quod
1523 1777 1646 1822 huius
1663 1785 1767 1823 cau⁸.

136 1849 345 1903 proprium
380 1851 452 1900 est,
477 1859 582 1903 quae
606 1847 860 1890 concedatur
883 1846 960 1891 sub
983 1847 1060 1891 liac
1087 1848 1242 1891 forma:
1277 1847 1318 1905 a)
1351 1848 1511 1905 scripto
1539 1862 1576 1892 v.
1609 1863 1671 1906 gr.
1697 1863 1771 1906 per

135 1918 289 1960 litteras
322 1921 507 1973 patentes
530 1917 817 1974 cancellariae,
859 1931 930 1974 per
954 1917 1111 1961 litteras
1150 1920 1354 1974 missivas,
1395 1924 1466 1962 aut
1498 1921 1683 1975 privatas
1716 1921 1768 1964 ad

134 2001 299 2032 manum
335 1988 520 2041 traditas,
558 1987 621 2031 vel
644 1988 790 2042 verbis,
824 1988 1026 2032 alterutro
1052 1989 1173 2032 modo
1195 1988 1235 2045 b)
1260 2002 1469 2046 cmpresse,
1505 2003 1580 2033 nec
1614 1990 1770 2034 sufficit

133 2061 254 2102 tacite
287 2072 335 2102 ex
361 2060 477 2102 tactis
499 2072 571 2102 seu
595 2061 919 2102 circumstantiis
942 2061 1067 2102 etiam
1091 2060 1310 2103 evidenter
1333 2060 1511 2104 deducta
1536 2074 1608 2104 seu
1633 2063 1769 2105 conie-

132 2133 305 2181 cturata,
338 2128 378 2185 c)
411 2142 618 2181 concessa,
641 2129 751 2186 quod
790 2129 962 2173 verbum
1003 2132 1135 2172 innuit
1174 2132 1476 2186 praescriptum
1500 2143 1589 2174 esse
1615 2131 1766 2174 intelli—

132 2200 312 2254 gendum
345 2199 396 2242 de
431 2199 714 2249 iurisdictione
748 2199 952 2256 delegata.
986 2199 1138 2243 Moneri
1174 2205 1335 2257 oportet
1367 2200 1489 2244 talem
1531 2204 1764 2258 expressio·

132 2283 223 2313 nem
258 2270 308 2313 (le
341 2272 607 2314 concessione
640 2271 937 2314 iurisdictionis
956 2271 1044 2314 lieri
1079 2284 1195 2327 posse
1230 2271 1429 2327 implicite
1453 2273 1493 2314 in
1517 2274 1673 2329 scripto
1696 2278 1769 2316 aut

136 2339 272 2383 verbis
305 2339 415 2383 aliud
450 2340 803 2397 exprimentibus,
842 2354 879 2383 v.
914 2354 973 2397 gr.
1008 2343 1220 2397 supposito
1247 2343 1401 2398 scripto
1425 2346 1578 2385 statuto
1605 2342 1767 2386 dioece-

131 2422 230 2453 sano
266 2409 327 2453 vel
362 2410 537 2454 alicuius
571 2411 796 2467 religionis,
829 2412 938 2468 quod
973 2411 1169 2455 sacerdos
1201 2412 1456 2468 approbatus
1480 2412 1532 2456 ab
1556 2416 1769 2457 examina-

134 2480 290 2524 toribus
324 2483 410 2536 ipso
443 2481 548 2524 sacto
597 2482 922 2525 iurisdictionem
965 2481 1076 2525 illam
1125 2486 1426 2539 consequatur,
1474 2483 1640 2540 quando
1675 2483 1769 2526 talis

131 2551 372 2608 approbatio
406 2552 627 2595 candidato
662 2557 754 2596 uota
789 2553 860 2595 liat
897 2551 1082 2596 «verbis
1121 2552 1185 2595 vel
1211 2554 1364 2609 scripto
1388 2568 1429 2608 ›),
1450 2565 1596 2597 revera
1631 2566 1762 2597 canon

131 2622 380 2679 adimpletus
413 2627 472 2665 est
496 2624 690 2678 perfecte.
726 2623 923 2667 Similiter
946 2625 1158 2666 concessio
1183 2623 1481 2667 iurisdictionis
1514 2623 1767 2668 verbotenus

131 2694 235 2736 facta
270 2706 341 2748 per
375 2692 450 2736 loci
486 2690 756 2737 Ordinarium
793 2707 870 2736 non
903 2693 1060 2736 directe
1093 2694 1361 2747 confessario,
1392 2694 1463 2737 sed
1498 2695 1699 2738 indirecte
1726 2708 1767 2737 v.

130 2777 190 2820 gr.
215 2764 424 2820 Superiori
452 2763 643 2819 religioso
663 2766 700 2806 in
721 2765 904 2807 favorem
926 2764 1047 2807 huius
1066 2763 1218 2807 subditi
1239 2765 1450 2808 sufficiens
1474 2769 1546 2819 est,
1572 2767 1768 2822 quamvis

132 2836 366 2891 requiratur
398 2836 486 2877 eius
520 2835 744 2878 notificatio
777 2834 943 2879 subdito
978 2835 1280 2890 tantummodo,
1305 2840 1349 2879 ut
1374 2835 1440 2878 liic
1476 2835 1585 2879 licite
1618 2849 1766 2879 secun-
