1971 3261
142 126 235 163 Gan.
260 126 329 161 987
730 126 812 160 Trr.
844 127 905 161 VI.
932 147 942 153 -
971 127 1026 162 De
1057 129 1199 163 Ordine
1708 131 1775 164 441

151 259 171 285 «
195 243 253 288 De
285 257 504 288 servorum
538 244 815 288 ordinatione:
849 246 1055 288 Statutum
1100 252 1174 299 est,
1222 252 1261 289 ut
1303 247 1439 291 nullus
1474 247 1776 304 Episcoporum

144 314 340 370 deinceps
372 314 420 357 ad
456 326 596 357 sacros
629 314 795 357 ordines
828 328 897 357 eos
934 329 1183 369 promovere
1220 322 1469 372 praesumat.
1507 319 1580 360 uisi
1618 320 1730 374 prius
1755 332 1775 362 a

143 384 322 428 dominis
355 383 586 428 libertatem
623 386 773 428 suerint
806 388 1064 442 consequuti.
1103 412 1153 417 ——
1192 386 1237 429 Et
1271 390 1302 430 si
1338 388 1508 444 quilibet
1544 403 1692 432 servus
1717 392 1774 433 t'u-

143 457 260 512 giens
293 455 506 498 dominum
542 469 677 510 suum,
726 454 908 512 qualibet
959 456 1184 500 calliditate
1237 458 1298 501 vel
1351 459 1494 502 fraude
1521 461 1582 503 -ad
1618 460 1779 516 gradus

144 528 381 582 pervenerit
414 525 731 579 ecclesiasticos
764 525 976 569 decretum
1013 532 1086 579 esi,
1123 533 1160 570 ut
1197 528 1442 584 deponatur,
1476 533 1598 578 (nuuc
1636 531 1773 587 prohi-

145 596 265 641 betur
296 597 463 640 ordines
488 610 686 640 exercere
710 596 759 640 ad
787 610 972 640 normam
1010 610 1098 640 cau.
1137 600 1233 648 9⁴58,
1260 606 1283 652 ᾗ
1310 600 1351 656 2)
1385 605 1420 643 et
1456 604 1544 643 eius
1578 602 1777 645 dominus

143 680 235 711 eum
274 669 447 723 recipiat
473 683 508 712 i).
545 667 592 710 Et
627 670 740 710 iuxta
774 665 958 711 Glossam
997 670 1033 709 in
1060 680 1149 724 cap.
1171 669 1216 710 7:
1247 685 1265 707 «
1287 672 1318 711 si
1339 672 1443 726 quis,
1466 673 1679 725 ignorante
1707 671 1776 714 do·

143 740 268 792 mino,
300 737 579 781 subdiaconus
613 739 696 793 fiat,
733 739 935 781 vicarium
972 751 1045 793 pro
1079 752 1121 781 se
1159 744 1348 794 praestet,
1374 745 1441 782 aut
1477 743 1507 782 si
1535 741 1775 798 nonhabet,

141 810 226 865 ipse
261 808 522 852 reddatur».
558 808 671 853 Unde
706 813 815 865 patet
847 811 1092 852 servitutem
1133 822 1271 852 veram
1309 813 1569 855 constituisse
1607 816 1775 868 proprie

139 879 290 922 dictam
326 879 689 935 irregularitatem.
723 878 811 922 Hoc
849 895 871 920 «
896 882 957 922 ius
993 884 1109 922 vetus
1143 893 1191 922 ex
1229 883 1388 936 integro
1427 884 1546 924 ret‘ert
1577 898 1594 922 >³
1639 896 1771 926 canon

137 949 214 993 sub
248 954 306 994 u.⁰
339 950 400 992 4⁰.
435 949 568 1003 Serri,
606 963 682 993 non
718 950 933 993 domestici
971 950 1255 994 deservientes
1289 952 1394 1006 apud
1433 966 1518 1007 uos,
1552 953 1620 995 sed
1647 954 1773 996 serri-

140 1026 226 1064 tute
254 1021 429 1078 proprie
461 1019 589 1072 clieta,
622 1033 701 1079 qua
731 1021 1046 1078 distinguuntur
1078 1033 1099 1064 a
1136 1020 1275 1064 liberis
1307 1022 1482 1078 cuibus,
1517 1027 1589 1066 etsi
1618 1038 1694 1067 nou
1720 1027 1773 1068 sit

136 1094 317 1135 servitus
350 1096 431 1134 tam
467 1094 608 1135 stricta
643 1095 748 1135 sicut
784 1094 822 1134 in
857 1091 1139 1135 Romanorum
1185 1094 1272 1135 iure
1319 1094 1483 1149 quaudo
1530 1100 1569 1137 ut
1608 1108 1669 1138 res
1704 1095 1771 1138 do-

137 1165 235 1206 mini
270 1162 653 1217 considerabantur,
689 1167 788 1205 aule
820 1168 1033 1220 acceptam
1067 1162 1301 1205 libertatem
1327 1165 1544 1207 sullicieuti
1574 1166 1694 1208 modo
1718 1166 1769 1209 ad

136 1232 274 1289 legum
311 1245 529 1275 morumve
565 1235 746 1289 regionis
780 1245 982 1276 normam.

253 1325 333 1361 360.
365 1329 549 1370 Propter
577 1329 766 1362 militare
793 1331 1041 1363 servitium.
1069 1348 1112 1354 —
1142 1328 1391 1364 instructiones
1417 1341 1521 1375 supra
1557 1331 1681 1366 citatae
1709 1331 1772 1366 uti>

133 1384 211 1420 liter
236 1385 482 1427 consuluntur,
513 1385 674 1431 quamvis
702 1396 772 1421 una
797 1396 916 1421 earum
945 1397 1014 1421 non
1046 1386 1149 1421 fuerit
1186 1386 1267 1422 data
1311 1386 1377 1421 nisi
1409 1399 1468 1433 pro
1496 1387 1605 1431 ltalia⁷
1636 1392 1768 1433 poterat

132 1448 249 1480 autem
276 1444 450 1480 deservire
477 1446 524 1479 uti
553 1456 676 1480 norma
705 1456 764 1491 pro
790 1445 868 1480 aliis
895 1445 1111 1490 regionibus,
1140 1445 1198 1480 ubi
1226 1445 1347 1481 eadem
1376 1446 1425 1482 lex
1454 1449 1494 1481 de
1525 1447 1666 1482 militari
1699 1458 1769 1482 ser-

133 1503 215 1538 vitio
242 1503 311 1538 lata
337 1503 452 1539 fuerit.
479 1502 766 1539 Substantialiter
791 1504 1007 1539 conveniunt
1032 1514 1111 1539 cum
1142 1504 1240 1540 Dec.⁰
1277 1505 1382 1540 etiam
1422 1505 1528 1540 citato
1555 1504 1590 1540 S.
1621 1505 1770 1551 Congu—³

133 1562 175 1599 de
202 1562 393 1608 Religiosis.
424 1562 605 1599 Videlicet:
637 1563 695 1598 «Ι.
723 1563 760 1598 ln
788 1562 983 1599 Ordinibus
1009 1563 1241 1609 regularibus,
1271 1565 1306 1598 in
1334 1564 1461 1610 quibus
1490 1570 1565 1600 rota
1581 1565 1768 1601 sollemnia

132 1622 354 1663 emittuntur,
384 1622 540 1664 iuvenes,
569 1630 654 1668 quos
680 1627 856 1667 exemptos
894 1633 968 1658 esse
1006 1627 1099 1659 certo
1136 1634 1207 1659 non
1247 1629 1381 1659 constet
1407 1636 1427 1658 a
1453 1624 1592 1659 servitio
1626 1624 1767 1660 militari

131 1680 252 1721 activo,
281 1681 411 1717 scilicet
436 1681 479 1717 ab
505 1692 544 1717 eo
570 1681 720 1723 servitio,
743 1682 834 1727 quod
863 1682 928 1728 ipsi
958 1682 1122 1728 primitus
1161 1682 1203 1717 ad
1244 1682 1404 1718 militiam
1448 1684 1556 1718 vocati
1585 1684 1626 1719 ad
1655 1695 1766 1720 unum

131 1740 183 1776 vel
212 1739 327 1786 plures
352 1751 465 1775 annos
492 1745 666 1786 praestare
687 1740 827 1782 debent,
853 1741 992 1776 admitti
1021 1745 1202 1787 nequeunt
1227 1741 1269 1776 ad
1297 1753 1412 1777 sacros
1449 1742 1612 1778 Ordines
1646 1743 1694 1778 vel
1722 1745 1764 1779 ad

129 1799 335 1834 sollemnem
365 1799 613 1844 professionem
642 1800 745 1845 (quod
775 1800 938 1835 ultimum
966 1800 1071 1836 etiam
1099 1811 1196 1836 nunc
1223 1802 1337 1846 vigere
1352 1802 1541 1837 declaravit
1573 1802 1607 1838 S.
1635 1800 1765 1847 Congr.

127 1858 169 1894 de
198 1857 421 1903 Religiosis)1
448 1869 628 1905 quousque
656 1870 726 1894 non
756 1860 951 1905 peregerint
977 1861 1160 1896 servitium
1188 1860 1338 1896 militare
1364 1866 1409 1902 et,
1442 1861 1503 1896 hoc
1532 1862 1678 1907 expleto,
1701 1862 1764 1897 sal-

130 1921 199 1953 tem
228 1927 287 1963 per
311 1928 462 1959 annum,
501 1918 595 1953 iuxta
634 1918 727 1954 infra
764 1918 926 1960 dicenda,
968 1920 1002 1954 iu
1036 1920 1125 1955 votis
1151 1919 1372 1966 simplicibus
1415 1920 1709 1965 permanserint...
1735 1936 1765 1955 ».

128 1975 249 2013 Postea
275 1982 470 2023 sequuntur
495 1977 532 2011 in
559 1977 672 2013 tribus
701 1978 863 2024 praefatis
889 1979 1110 2015 documentis
1149 1979 1303 2015 cautelae
1343 1980 1544 2016 servandae.
1581 1981 1652 2015 sive
1679 1985 1765 2015 tem-

131 2047 211 2083 pore
238 2036 400 2072 militaris
431 2036 560 2072 servitii
590 2047 650 2082 pro
676 2037 879 2072 sacerdotali
895 2048 935 2073 ac
951 2038 1113 2083 religiosa
1128 2038 1309 2074 vocatione
1328 2038 1568 2079 custodienda,
1597 2040 1670 2074 sive
1690 2045 1764 2085 post

129 2095 280 2131 militare
307 2097 511 2142 praestitum
534 2096 716 2131 servitium
734 2096 777 2131 ad
797 2096 1094 2142 comprobandam
1121 2097 1215 2133 illius
1242 2098 1433 2133 vocationis
1453 2100 1762 2143 perseverantiam,

127 2154 316 2200 suppositis
343 2154 578 2190 laudabilibus
604 2155 915 2191 informationibus
933 2156 1048 2202 quoad
1068 2156 1174 2191 vitam
1194 2156 1229 2191 in
1249 2157 1389 2192 servitio
1411 2156 1551 2192 militari
1574 2162 1759 2192 servatam.

245 2213 491 2249 Praetermissa
517 2225 596 2260 ergo
623 2214 687 2250 hac
716 2213 846 2250 Decreti
875 2219 972 2261 parte
999 2215 1128 2251 ibidem
1156 2216 1288 2251 utiliter
1319 2216 1465 2261 legenda
1494 2221 1528 2251 ut
1558 2227 1681 2252 norma
1709 2216 1762 2251 di-

125 2272 265 2314 rectiva,
293 2273 566 2318 praetereundus
592 2273 731 2309 silentio
758 2277 833 2309 non*
855 2278 906 2310 est
931 2279 995 2310 art.
1034 2289 1049 2307 «
1070 2274 1126 2310 IX.
1169 2274 1269 2311 Hisce
1310 2275 1531 2322 praescriptis
1575 2280 1763 2311 teneantur

122 2331 228 2366 etiam
254 2331 508 2367 ecclesiasticae
534 2331 736 2374 Soc-imatos,
765 2343 853 2378 quae
880 2326 958 2368 licet
984 2344 1056 2369 non
1086 2338 1229 2369 utantur
1256 2333 1354 2369 votis.
1388 2344 1501 2379 neque
1527 2333 1761 2369 sollemnibus

123 2400 236 2436 neque
261 2390 492 2437 simplicibus,
521 2391 651 2427 habent
677 2396 795 2427 tamen
822 2392 999 2438 simplices
1027 2393 1289 2439 promissiones,
1316 2392 1444 2439 quibus
1471 2404 1589 2428 earum
1619 2393 1759 2428 alumni

124 2448 208 2495 ipsis
233 2448 465 2485 Societatibus
491 2450 811 2496 adstringuntur».
842 2450 928 2497 Ergo
955 2452 1060 2487 etiam
1080 2451 1374 2497 Congregationes
1393 2452 1574 2495 religiosae
1602 2456 1758 2486 votorum

123 2508 350 2554 simplicium,
377 2519 464 2555 quae
489 2515 571 2545 sunt
597 2520 758 2556 expresse
783 2511 1060 2558 comprehensae
1087 2511 1151 2547 sub
1177 2511 1281 2547 citata
1310 2511 1542 2546 lnstruetione
1570 2510 1606 2546 S.
1628 2511 1757 2556 Congr.

121 2566 163 2602 de
189 2567 378 2613 disciplina
404 2568 569 2613 regulari.

242 2651 356 2695 Patet
389 2654 515 2708 igitur
547 2652 643 2697 hinc
676 2653 916 2698 translatam
953 2655 1079 2698 fuisse
1114 2659 1273 2710 partem
1309 2655 1478 2696 canonis
1502 2666 1623 2710 quem
1649 2666 1759 2696 com-

125 2726 374 2775 mentamur,
409 2723 506 2767 (lum
553 2723 618 2768 hic
662 2730 850 2769 recenset
891 2724 968 2769 sub
1001 2724 1061 2770 n.⁰
1094 2724 1143 2768 0⁰
1176 2737 1246 2767 eos
1279 2724 1363 2781 qui,
1396 2726 1483 2767 sive
1530 2724 1633 2767 laici.
1669 2726 1759 2765 sive

241 2877 251 2898 1
282 2877 324 2910 15
349 2876 425 2912 Iul.
452 2877 557 2920 1919.
587 2876 664 2913 CO.
693 2877 766 2921 XI,
793 2879 875 2913 322.
