1971 3261
226 145 294 179 676
601 143 685 177 Lm.
714 142 786 175 III.
815 161 827 166 -
858 140 965 174 PARS
1008 141 1037 173 1.
1067 160 1079 165 -
1106 140 1162 175 De
1206 140 1472 174 Sam-amentis
1631 139 1723 174 Can.
1756 139 1848 174 1120

230 267 353 307 variis
385 263 549 307 casihns
582 262 807 305 divortium
855 262 1019 317 proprie
1063 259 1218 302 dictum
1252 261 1497 302 auctoritate
1540 258 1654 302 civili
1696 260 1847 302 sanciri

228 340 355 392 potest
375 351 413 378 ».
449 334 639 376 Attamen
675 331 772 374 lieet
796 335 1139 386 consmnmatmn,
1163 329 1357 383 solvitur,
1379 329 1630 387 quandoque
1654 329 1704 372 de
1727 330 1848 385 sacto,
1906 318 1934 357 s·
1966 321 1969 359 ἕ

225 419 272 449 ac
306 406 356 448 de
391 408 478 447 iure
515 408 643 460 potest
678 402 783 446 solvi
818 402 860 444 iii
893 401 1082 459 favorem
1114 400 1212 457 fidei
1245 403 1372 457 partis
1404 413 1632 444 conversae
1675 414 1726 442 ex
1760 399 1848 457 pri-

229 476 375 533 rileyio
409 475 610 516 divinitus
642 486 854 526 concesso,
887 484 934 515 ac
967 472 1077 514 dicto
1117 470 1307 525 Paulino,
1340 473 1435 528 quia
1470 475 1630 514 constat
1662 484 1710 513 ex
1755 470 1849 527 Epi-

225 546 325 589 stola
373 546 481 588 l'auli
518 543 700 601 Apostoli
727 544 738 565 ¹
776 542 842 586 uhi
889 542 1061 599 legitur:
1104 541 1250 585 «Nam
1283 544 1472 596 caeteris,
1506 554 1582 598 ego
1627 541 1736 595 dico,
1771 554 1850 584 non

228 618 449 660 Dominus:
485 616 523 659 Si
559 617 650 672 quis
683 615 809 657 frater
834 626 1004 656 uxorem
1041 612 1162 656 habet
1197 606 1424 666 infidelem
1447 617 1487 655 et
1519 611 1621 655 haec
1650 614 1853 655 consentit

228 687 412 731 habitare
445 699 538 730 cnm
575 685 656 739 illo,
693 698 770 728 non
820 685 1001 727 dimittat
1050 683 1185 739 illam3
1234 683 1283 726 Et
1315 685 1348 726 si
1391 695 1472 740 qua
1521 681 1671 725 mulier
1718 681 1853 725 fidelis

229 758 350 801 hahet
385 759 518 799 virum
555 755 779 809 infidelem,
813 760 852 797 et
886 754 952 797 hic
986 756 1189 797 consentit
1222 753 1409 796 habitare
1443 766 1534 796 cum
1562 753 1642 806 itta,
1677 765 1755 795 non
1790 752 1851 795 di-

230 830 361 870 mittat
397 829 574 870 virum...
608 826 727 880 Quod
761 827 794 868 si
830 824 1007 868 intidelis
1040 824 1227 878 discedit,
1263 824 1471 875 discedat;
1513 836 1592 866 non
1626 825 1733 866 enim
1768 836 1850 866 ser-

232 900 347 941 vituti
381 898 591 941 subiectus
623 901 682 939 est
717 897 855 948 frater,
891 900 960 938 aut
993 908 1111 938 soror
1144 896 1181 937 iu
1217 894 1476 947 huiusmodi3
1513 896 1551 936 in
1587 906 1687 950 pace
1714 898 1852 936 autem

230 971 395 1011 vocavit
419 982 491 1010 nos
529 972 692 1011 Deus».
727 967 912 1021 Quorum
943 965 1164 1009 verborum
1199 978 1365 1008 sensum
1400 966 1437 1009 S.
1465 964 1646 1007 Romana
1671 963 1853 1007 Ecclesia

230 1040 425 1096 paulatim
457 1038 705 1094 explicando
738 1038 1047 1091 determinavit,
1083 1038 1304 1093 praecipue
1352 1038 1389 1078 in
1424 1041 1527 1092 cap⁸.
1563 1036 1586 1078 7
1620 1040 1659 1078 et
1697 1035 1721 1077 8
1760 1050 1780 1075 ((
1804 1034 1855 1078 de

232 1113 427 1155 Divortiis
451 1127 469 1151 ›>
509 1108 593 1167 (lV,
630 1109 715 1166 19),
752 1112 789 1152 in
826 1108 950 1152 Decl⁸.
985 1109 1022 1152 S.
1057 1106 1207 1164 Congr.
1242 1107 1534 1164 Inquisitionis‚
1560 1106 1710 1164 quibus
1734 1119 1856 1162 expo-

225 1182 442 1225 sitionibus
474 1183 749 1224 conlormavit
791 1192 906 1224 suain
958 1182 1132 1236 praxim,
1166 1179 1342 1236 ideoque
1380 1180 1547 1221 omnino
1591 1183 1748 1221 certum
1794 1181 1854 1220 est

230 1253 493 1309 privilegium
527 1255 585 1296 sic
621 1251 889 1295 intellectum.

346 1323 403 1367 Ex
429 1324 580 1382 quibus
615 1326 746 1379 primo
771 1325 929 1366 eruitur
962 1324 986 1376 ἓ
1008 1324 1050 1367 2.
1076 1321 1162 1365 Hoc
1190 1320 1463 1379 privileyium
1485 1334 1567 1364 iton
1591 1319 1746 1363 oblinet
1773 1322 1855 1363 vim

228 1407 343 1437 suam
387 1408 457 1436 seu
493 1394 811 1450 applicationem
856 1393 900 1435 iii
941 1392 1226 1444 matrimonio,
1265 1392 1391 1436 idest:
1440 1391 1605 1434 vinculo
1648 1389 1856 1447 coniugali

234 1479 330 1508 vero
362 1468 575 1519 existente,
601 1465 710 1522 quod
745 1469 881 1507 ortum
915 1468 976 1507 est
1008 1477 1057 1506 ex
1083 1467 1298 1507 contractu
1334 1463 1445 1505 inter
1474 1467 1640 1520 partem
1671 1461 1855 1519 baptiza-

231 1542 314 1579 tam
353 1536 486 1579 valide
523 1552 545 1577 α
570 1538 607 1578 in
653 1534 835 1579 Ecclesia
870 1534 1072 1578 catholica
1110 1534 1172 1577 vel
1207 1534 1256 1577 ad
1300 1534 1473 1577 eandem
1509 1547 1556 1576 ex
1595 1532 1753 1576 haeresi
1788 1536 1857 1576 aut

228 1607 449 1651 schismate
482 1619 768 1650 conversam»
806 1611 843 1648 et
873 1610 1040 1660 partem
1063 1619 1145 1648 non
1179 1604 1436 1662 baptizatam
1469 1603 1575 1646 inim
1607 1602 1760 1654 valide,
1783 1616 1856 1646 seu

229 1693 319 1721 eum
360 1677 676 1736 dispensatione
709 1677 758 1720 ab
805 1676 1101 1735 impedimento
1145 1676 1418 1734 disparitatis
1450 1674 1587 1718 cultus
1621 1677 1726 1717 inter
1769 1673 1859 1717 illas

231 1748 418 1792 obstante
451 1749 500 1792 ad
536 1761 723 1791 normam
758 1760 848 1792 can.
887 1747 1012 1801 1070,
1047 1750 1071 1801 ἓ
1107 1748 1143 1791 l.
1176 1740 1264 1790 Non
1308 1748 1419 1790 enim
1469 1750 1637 1802 possunt
1682 1744 1854 1801 intelligi

233 1820 441 1875 praedicta
479 1819 603 1863 verba
640 1819 795 1876 prolata
837 1820 959 1862 fuisse
993 1818 1043 1861 de
1083 1817 1319 1861 huiusmodi
1354 1819 1547 1873 coniugio
1581 1830 1602 1860 a
1638 1816 1682 1859 D.
1720 1815 1856 1865 Paulo,

230 1893 299 1948 qui
331 1890 426 1935 alIhi
457 1893 513 1934 ait
536 1889 574 1934 2;
615 1906 635 1930 <t
659 1889 793 1933 Nolite
830 1892 971 1946 iugum
1008 1889 1162 1932 ducere
1195 1902 1289 1932 cum
1325 1887 1621 1931 infidelibus».

349 2002 445 2037 Ratio
470 2003 685 2048 disparitatis
714 2002 896 2048 praebetur
922 2002 957 2036 in
984 2012 1061 2046 cap.
1091 2000 1110 2035 7
1139 2001 1181 2036 de
1209 1999 1384 2044 Divortiis‚
1415 1999 1472 2035 ubi
1500 2000 1549 2034 ait
1577 1999 1696 2034 innoc‘
1725 1997 1766 2033 Ill
1786 1997 1855 2033 Fer-

231 2061 374 2096 rariensi
403 2060 568 2106 Episcopo
595 2060 665 2105 (ΙΨ,
699 2061 771 2104 19);
802 2074 817 2093 «
839 2060 1112 2105 distinguimus:
1153 2070 1197 2094 an
1226 2070 1265 2094 ex
1292 2058 1427 2094 duobus
1455 2057 1669 2098 infidelibus,
1695 2056 1784 2092 alter
1815 2056 1857 2091 ad

232 2119 347 2155 Fidem
383 2120 588 2155 catholicam
616 2125 859 2155 convertatur:
889 2119 939 2154 vel
966 2130 1007 2154 ex
1043 2118 1176 2154 duobus
1205 2117 1377 2161 fidelibus,
1405 2118 1492 2153 alter
1531 2116 1667 2151 labatur
1705 2116 1739 2150 in
1780 2115 1859 2150 hae-

231 2179 349 2223 resim,
370 2179 422 2214 vel
448 2179 583 2215 decidat
610 2180 644 2213 in
672 2179 880 2225 gentilitatis
907 2189 1102 2214 errorem...
1132 2177 1214 2212 Nam
1243 2177 1304 2212 etsi
1334 2177 1597 2212 matrimonium
1622 2186 1741 2210 verum
1769 2175 1860 2209 inter

233 2237 390 2273 infideles
428 2238 564 2281 existat,
597 2249 663 2274 non
704 2244 823 2274 tamen
863 2242 915 2273 est
951 2243 1079 2281 ratum,
1109 2237 1200 2271 inter
1228 2236 1344 2272 fideles
1381 2240 1496 2271 autern
1526 2246 1643 2271 verum
1679 2239 1711 2270 et
1745 2239 1859 2269 ratum

230 2298 395 2332 existit».
426 2296 525 2341 Quod
564 2302 614 2332 est
651 2309 806 2333 asserere
846 2297 1011 2332 maiorem
1053 2296 1252 2331 firmitatem
1291 2295 1419 2330 vinculi
1462 2293 1742 2336 matrimonialis,
1768 2292 1859 2338 quod

229 2362 280 2391 est
308 2362 427 2391 natum
454 2357 691 2402 dependenter
715 2357 760 2392 ab
789 2356 950 2400 Ecclesia,
983 2367 1061 2402 prae
1090 2355 1228 2390 vinculo
1253 2356 1372 2390 eodem
1410 2354 1652 2389 tantummodo
1688 2351 1854 2387 naturali.

352 2458 448 2500 53¹.
484 2461 910 2516 Interpellationes
942 2459 1218 2504 faciendae.
1257 2482 1310 2486 -
1352 2456 1489 2499 lnnoc.
1524 2454 1575 2498 lll
1608 2454 1859 2497 Feri-ariensi

233 2527 434 2585 Episcopo
467 2531 521 2571 ait
556 2532 829 2586 interpretans
864 2528 1129 2585 privilegium
1183 2526 1396 2570 Paulinum
1421 2525 1458 2569 ³:
1497 2526 1580 2569 «Si
1614 2526 1725 2568 enim
1757 2523 1861 2567 alter

233 2599 459 2642 infidelium
494 2602 718 2656 coniugum
753 2600 802 2643 ad
848 2600 973 2643 tidem
1021 2598 1266 2642 catholicam
1316 2601 1600 2650 convertatur,
1631 2595 1760 2639 altero
1796 2593 1859 2637 vel

234 2670 344 2712 nullo
380 2669 513 2717 modo,
553 2670 612 2712 vol
659 2684 737 2712 non
770 2673 858 2713 sine
904 2669 1158 2727 blasphemia
1193 2669 1323 2720 divini
1369 2669 1557 2722 nominis,
1596 2666 1659 2710 vel
1692 2671 1735 2709 ut
1766 2678 1859 2708 eum

235 2741 444 2796 pertrahat
476 2740 524 2782 ad
578 2741 748 2784 mortale
795 2746 1025 2797 peccatum,
1059 2742 1094 2784 ei
1129 2739 1369 2783 cohabitare
1406 2738 1590 2792 voleute3
1624 2738 1694 2795 qui
1739 2735 1860 2779 relin-

349 2848 360 2868 1
388 2847 405 2879 1
431 2846 478 2879 att
506 2846 682 2880 Corinth.
713 2847 800 2891 VH,
832 2848 887 2885 12,
931 2847 987 2890 13,
1031 2847 1084 2881 15.
1127 2866 1170 2872 —
1209 2846 1222 2868 2
1260 2845 1299 2880 II
1329 2845 1376 2879 ad
1409 2844 1587 2880 Corinth.
1625 2844 1688 2884 VI,
1725 2844 1778 2879 14.
1816 2863 1861 2867 —

232 2897 246 2917 ³
273 2894 363 2938 Cap.
393 2893 412 2926 7
441 2893 485 2927 de
520 2894 716 2928 Divortiis
744 2895 807 2929 tit.
835 2899 874 2928 et
902 2894 986 2928 Lib.
1017 2901 1100 2928 cus.
