1971 3261
199 153 290 189 Can.
322 153 477 189 795-596
692 154 764 188 Tl'r
807 154 858 187 Π.
887 174 900 179 -
926 154 983 189 De
1027 154 1335 199 Confirmatione
1793 156 1838 191 93

198 278 309 331 patet
342 286 537 330 expresse
569 274 723 329 corrigi
757 271 859 316 Rom
897 272 1026 324 l'ont.‚
1062 272 1130 316 ubi
1164 275 1241 316 ait:
1282 289 1304 315 α
1329 273 1505 317 lntanles
1541 287 1613 330 per
1654 277 1839 330 patrinos

196 349 290 388 ante
324 344 563 387 Pontificem
599 345 848 387 conlirmare
885 342 1083 397 volentes,
1120 348 1339 389 teneantur
1374 347 1411 388 in
1448 344 1628 388 brachiis
1662 345 1836 389 dextris.

198 415 338 460 Adulti
379 428 488 467 vero,
521 428 595 458 seu
628 414 696 458 alii
734 416 924 465 maiores,
960 420 1112 471 ponant
1150 417 1297 471 pedem
1346 430 1466 460 suuni
1517 429 1643 473 super
1689 416 1835 472 pedem

197 488 389 531 dextrum
427 487 577 543 patrini
609 487 686 530 sui.
723 485 772 529 Et
820 485 912 529 ideo
962 485 1130 543 (nempe
1179 487 1231 531 ob
1279 489 1588 532 caeremoniam
1645 487 1834 544 tenendi)

197 571 329 616 neque
365 556 536 601 masculi
572 558 764 600 foeminis
799 558 964 613 patrini,
999 570 1132 615 neque
1168 558 1362 602 masculis
1395 559 1598 602 foeminae
1634 561 1836 602 matrinae

195 643 285 673 esse
318 628 581 682 deberent»,
614 628 666 671 de
701 641 782 685 quo
815 630 967 672 statim.
1001 626 1146 681 Quoad
1200 629 1310 673 illam
1362 643 1460 673 vero
1510 632 1834 683 caeremoniam,

197 701 434 756 praeiverat
466 700 504 742 S.
550 698 592 742 C.
640 699 679 742 S.
729 695 905 743 Ollicii1
956 698 1190 742 rescribens
1227 699 1389 743 vicario
1439 698 1582 755 Aplco.
1627 699 1834 754 Sandwic,

195 770 245 814 ad
283 770 348 815 13.
390 786 408 810 (τ
434 768 546 813 Mens
579 774 653 825 est,
688 773 732 812 ut
765 769 854 813 loco
890 769 1006 826 pedis
1040 775 1192 826 ponant
1226 772 1375 827 patrini
1412 783 1578 814 manum
1616 770 1831 814 dexteram

195 855 321 898 super
354 841 572 885 dexterum
610 840 831 884 humerum
866 841 1142 885 confirmandi
1168 857 1207 886 )).

313 913 380 956 93.
419 914 649 958 Patrinus
683 914 814 958 licite
845 915 1177 960 adhibendus.
1202 938 1227 944 -
1256 912 1354 956 Cau.
1382 915 1407 955 7
1414 915 1490 956 96.
1525 910 1574 957 Ut
1599 913 1693 970 quis
1717 912 1834 955 licite

193 983 250 1027 ad
278 983 447 1042 patrini
481 997 630 1026 munus
665 982 922 1026 admittatur
954 996 976 1026 a
1011 986 1200 1027 ministro
1249 985 1592 1038 confirmationis,
1642 988 1833 1040 oportet:

191 1054 428 1111 specialiter
463 1068 534 1110 pro
569 1053 646 1097 lloc
679 1059 964 1097 saci-:amento
1000 1080 1052 1084 —
1088 1054 1128 1097 10
1151 1054 1215 1097 Suc
1238 1054 1352 1097 alvus
1376 1068 1400 1096 a
1422 1054 1596 1112 patrino
1617 1053 1830 1111 baptismi,

191 1139 322 1169 cuni
308 1124 548 1182 ”nginus
584 1125 690 1181 l'apa
725 1124 857 1169 dicat:
897 1141 919 1165 «
943 1124 983 1167 ln
1018 1124 1287 1179 catechismo
1321 1130 1360 1168 et
1396 1127 1432 1168 in
1470 1125 1677 1182 Baptismo
1712 1129 1750 1167 et
1791 1126 1828 1167 in

189 1196 506 1239 confirmatione
540 1208 646 1238 unus
682 1197 869 1251 patrinus
905 1196 991 1238 lieri
1029 1199 1174 1251 potest,
1212 1198 1244 1238 si
1296 1198 1521 1239 necessitas
1573 1197 1696 1251 cogit.
1740 1194 1828 1238 Non

188 1272 250 1310 est
285 1272 422 1310 tamen
457 1266 714 1310 consuetudo
749 1278 941 1309 romana:
975 1266 1046 1310 sed
1083 1280 1156 1322 per
1188 1267 1375 1324 singulos
1410 1267 1563 1324 (actus)
1587 1266 1738 1322 singuli
1763 1280 1830 1310 su-

185 1339 367 1392 scipiunt
390 1353 428 1379 ».
464 1335 581 1389 Quae
616 1339 841 1380 necessitas
873 1339 933 1380 sic
969 1341 1153 1380 mutatur
1188 1339 1225 1380 in
1260 1337 1474 1394 duplicem
1511 1339 1830 1393 exceptionem:

186 1406 229 1465 a)
262 1407 348 1450 uisi
381 1406 654 1451 rationabilis
688 1421 830 1462 eausa,
865 1406 1025 1451 iudicio
1061 1408 1265 1461 ministri,
1299 1407 1421 1452 aliud
1459 1421 1538 1466 pro
1589 1422 1688 1450 casu
1735 1421 1828 1466 per-

185 1478 355 1521 mittere
387 1477 567 1521 suadeat
601 1477 643 1536 h)
677 1484 751 1521 aut
784 1478 930 1521 statim
961 1484 1056 1537 post
1110 1478 1362 1537 baptismum
1413 1478 1600 1536 leyiu'me
1647 1478 1828 1522 scilicet:

187 1551 300 1593 iuxta
334 1562 514 1594 canones
547 1549 812 1605 confirmatio
845 1549 1108 1608 conferatur,
1144 1552 1182 1593 in
1218 1563 1300 1608 quo
1335 1563 1433 1594 casu
1469 1550 1520 1594 ab
1555 1550 1632 1593 hoc
1671 1562 1829 1593 canone

183 1621 428 1664 conceditur
461 1621 659 1664 admissio
693 1621 881 1664 eiusdem
918 1623 1068 1678 patrini
1103 1634 1176 1678 pro
1199 1626 1375 1679 utroque
1399 1626 1675 1666 sacramento.
1702 1646 1754 1651 —
1778 1622 1827 1663 ‘30

185 1691 251 1735 Sit
282 1691 468 1735 eiusdem
501 1706 626 1735 sexus
659 1706 709 1735 ac
741 1691 1069 1749 confirmandus,
1104 1693 1213 1750 quod
1251 1695 1329 1736 iam
1365 1692 1627 1746 servabatur,
1652 1695 1742 1735 sive
1762 1691 1827 1735 liic

183 1765 236 1806 sit
269 1763 469 1820 parvulus
500 1765 589 1807 sive
622 1763 804 1818 adultus,
838 1766 1033 1821 quamvis
1068 1764 1183 1807 Pont.
1219 1763 1337 1808 Rom.
1373 1766 1575 1807 rationem
1601 1764 1652 1807 de
1675 1763 1827 1807 adultis

183 1834 316 1878 solum
353 1837 510 1889 innuat,
544 1839 583 1878 et
616 1834 668 1879 ob
702 1840 893 1878 naturam
929 1836 1052 1878 oflicii
1088 1848 1135 1878 ac
1170 1838 1422 1879 sacramenti
1460 1835 1568 1878 dicat
1620 1834 1663 1877 D.
1714 1833 1786 1877 Th.
1812 1835 1825 1856 ³

189 1921 210 1947 «
233 1906 358 1964 quod,
393 1908 498 1950 sicut
532 1906 685 1950 dicitur
718 1906 784 1959 (ad
818 1905 952 1950 Galat.
986 1905 1052 1961 lll,
1088 1906 1180 1959 ⁶28):
1217 1908 1255 1949 in
1291 1905 1454 1951 Christo
1503 1905 1592 1949 lesu
1643 1918 1720 1949 non
1766 1911 1825 1949 est

183 1977 393 2021 masculus
426 1982 464 2020 et
498 1978 707 2031 foemiua;
742 1981 783 2021 et
817 1977 911 2020 ideo
946 1991 1024 2020 non
1060 1977 1211 2032 dillert,
1251 1983 1388 2021 ulrum
1417 1977 1627 2021 masculus
1653 1976 1714 2020 vel
1742 1977 1823 2019 foe-

185 2050 294 2092 mina
329 2053 465 2092 teneat
499 2048 679 2106 aliquem
716 2050 754 2091 in
789 2050 1108 2092 confirmatione
1132 2064 1170 2088 ›>.
1196 2047 1245 2091 Et
1269 2047 1593 2106 Chrysostomus
1617 2047 1738 2091 dicit:
1765 2047 1823 2104 (in

183 2119 351 2163 homilia
386 2120 436 2163 de
472 2119 616 2163 militia
649 2119 824 2177 spirit.):
865 2119 1060 2163 «Multae
1094 2132 1275 2177 namque
1310 2120 1515 2162 foeminae
1549 2121 1687 2162 animo
1715 2117 1822 2161 virili

180 2189 440 2247 spiritualem
476 2190 664 2234 militiam
699 2195 939 2246 gesserunt:
974 2190 1180 2248 quaedam
1226 2192 1337 2233 enim
1387 2192 1596 2234 interioris
1645 2189 1824 2232 hominis

183 2261 336 2305 virtute
374 2263 484 2305 vlros
516 2266 807 2319 aequaverunt
841 2263 880 2304 in
914 2261 1120 2318 agonibus
1156 2265 1404 2318 martyrum,
1438 2261 1644 2318 quaedam
1695 2262 1818 2303 etiam

180 2333 369 2376 fortiores
406 2334 505 2375 viris
537 2334 764 2375 extiterunt
790 2348 828 2374 )).
864 2332 1132 2388 Quapropter
1164 2331 1434 2389 subsequitur
1468 2334 1708 2389 permissio:
1736 2330 1821 2373 nisi

182 2402 303 2446 aliud
335 2403 531 2446 ‘uu'ne'stro
566 2402 688 2446 liuius
721 2403 1051 2446 confirmationis
1084 2401 1303 2459 singulari,
1345 2415 1518 2459 nempe:
1565 2402 1607 2444 iu
1657 2400 1821 2444 casibus

177 2472 528 2530 particularibus,
564 2487 643 2516 non
678 2473 944 2530 generaliter,
981 2486 1056 2517 nec
1091 2486 1164 2529 pro
1199 2472 1331 2524 libitu,
1364 2473 1436 2516 sed
1471 2487 1522 2515 ea·
1568 2471 1822 2515 rationabili

181 2545 365 2603 qualibet
399 2559 528 2588 eausa
562 2544 760 2588 videatur
791 2545 1076 2588 admittendus
1109 2547 1298 2600 patrinus
1320 2544 1477 2588 diversi
1502 2557 1627 2587 sexus
1652 2556 1699 2586 ac
1723 2556 1819 2586 con-

182 2616 424 2660 firmandus.
460 2615 572 2660 Ultra
608 2615 698 2658 illas
731 2615 990 2659 conditiones
1025 2628 1097 2671 pro
1131 2615 1448 2658 confirmatione
1483 2614 1726 2670 peculiares,
1765 2612 1814 2655 30

181 2690 414 2732 Serventur
442 2692 667 2745 praeterea
709 2685 979 2744 praescripta
1028 2699 1118 2729 cau.
1164 2687 1258 2728 766
1301 2684 1355 2729 ibi
1399 2685 1655 2729 sufficienter
1705 2697 1817 2727 com-

182 2763 375 2802 mentata.

273 2865 284 2886 1
306 2862 821 2898 11Dec.1850.Coneot.S.
845 2862 885 2896 C
905 2861 1009 2895 deP.
1028 2861 1070 2894 F.
1088 2872 1127 2894 n.
1151 2860 1253 2894 1054.
1278 2881 1314 2885 —
1335 2859 1459 2904 ².Cap
1484 2860 1550 2893 100
1569 2860 1674 2893 Dist.
1698 2858 1749 2892 tt
1770 2857 1814 2891 de

178 2911 361 2946 Consecr.
383 2910 517 2944 ---33a
536 2910 579 2944 P.
601 2922 637 2955 q.
662 2908 832 2951 LXXII,
856 2921 888 2943 3.
923 2909 967 2943 10
986 2909 1033 2943 ad
1052 2908 1116 2942 31¹¹.
