1971 3261
163 137 257 174 Gan.
283 137 354 172 985
735 140 818 174 Trr.
850 141 914 175 VI.
945 162 956 166 —
984 142 1040 177 De
1070 143 1214 178 Ordine
1721 147 1788 181 427

162 256 327 314 quando
361 259 460 300 citra
498 260 754 301 necessitatis
790 260 996 314 praefatae
1020 274 1176 313 casum,
1201 264 1351 306 accidit
1377 269 1540 320 praeter
1563 266 1790 309 occidentis

164 326 227 369 vel
265 327 492 370 mutilantis
527 330 794 371 intentionem
830 332 951 372 etiam
989 331 1230 388 implicitam
1266 347 1385 377 sensu
1426 340 1543 378 antea
1569 336 1788 392 explicato.

281 420 326 455 De
354 420 607 466 irregularitate
633 426 755 457 contra
780 433 839 457 eos
858 423 915 468 qui
936 423 1163 460 homicidium
1185 426 1419 462 voluntarium
1443 429 1667 473 patraverint,
1690 429 1790 463 nobis

161 479 308 514 sufliciat
334 490 409 525 cap.
440 478 459 513 7
487 491 570 515 sess.
598 479 673 515 xlv
699 480 741 516 de
770 480 841 516 Res.
863 481 968 517 Cone.
996 482 1090 518 Trid.
1118 486 1208 529 quod
1228 491 1278 520 est
1297 487 1474 531 sequentis
1495 487 1644 522 tenoris:
1672 504 1684 518 ‹
1701 488 1788 523 Cum

160 538 265 573 etiam
293 537 351 583 qui
381 549 439 584 per
467 538 675 574 industriam
703 539 867 575 occiderit
895 541 1090 586 proximum
1118 555 1233 586 sunm,
1259 549 1291 579 et
1320 556 1378 590 per
1411 545 1567 586 insidias,
1607 546 1650 581 ab
1688 546 1787 581 altari

158 597 258 632 avelli
286 596 460 633 debeat».
488 597 579 633 Haec
605 598 692 634 ratio
719 598 837 643 (Exodi
866 599 923 643 21)
950 605 982 635 et
1010 601 1118 636 relata
1145 603 1178 636 in
1207 615 1235 637 c.
1268 603 1299 637 1⁰
1327 604 1360 638 h.
1387 609 1409 640 t.
1436 616 1513 639 cum
1544 606 1652 640 multo
1680 605 1790 651 magis

162 661 281 702 urgeat
308 658 343 691 in
371 667 460 692 novo
487 656 721 699 Testamenta
751 658 850 693 cuius
877 659 1087 695 sacrificium
1116 662 1299 707 pacificum
1329 663 1362 697 in
1393 664 1564 699 veteribus
1595 665 1657 699 luit
1683 665 1790 711 signi-

162 717 316 758 ficatum,
352 733 365 747 «
386 717 443 763 qui
472 729 533 753 sna
561 720 737 754 voluntate
765 719 992 754 homicidium
1022 723 1284 767 perpetraverit,
1313 724 1418 758 etiam
1446 724 1471 758 si
1501 726 1632 759 crimen
1663 725 1694 760 id
1728 736 1791 761 nec

160 776 282 812 ordine
320 777 502 812 iudiciario
536 777 732 823 probatum,
774 789 837 814 nec
872 779 941 814 alia
980 779 1114 815 ratione
1143 781 1320 827 publicum
1348 783 1406 818 sed
1436 784 1610 819 occultum
1643 785 1747 821 suerit
1772 800 1785 815 a

161 846 249 882 quae
275 835 342 871 duo
361 841 443 871 sunt
460 836 686 874 attendenda.
712 851 727 870 <‹
748 837 844 873 nullo
863 843 1020 884 tempore
1036 839 1078 874 ad
1099 850 1215 874 sacros
1235 839 1386 877 Ordines
1407 843 1596 888 promoveri
1621 843 1787 890 possm...

160 894 218 930 sed
257 894 353 930 omni
393 895 525 936 ordine,
552 906 593 931 ac
620 896 800 940 beneficio,
827 902 859 932 et
885 897 996 933 officio
1022 898 1255 934 ecclesiastico
1283 906 1446 946 perpetuo
1472 907 1585 937 careat
1608 919 1637 937 ».
1666 902 1789 946 Quoad

161 954 418 990 mutilationem
445 959 559 991 autem
589 955 836 995 voluntariam,
865 961 1000 992 constat
1027 957 1264 1002 irregularitas
1296 959 1506 996 incurrenda
1540 961 1583 996 ab
1619 973 1693 997 eam
1733 973 1790 1009 pa-

159 1016 287 1055 trante,
315 1013 397 1058 quia
425 1013 459 1047 in
487 1025 564 1060 cap.
594 1012 613 1048 3
640 1015 676 1049 h.
706 1018 729 1049 t.
757 1015 792 1049 in
821 1013 857 1048 60
885 1015 1053 1051 mutilans
1079 1021 1112 1051 et
1140 1017 1314 1053 homicida
1339 1020 1615 1065 aequiparantur
1633 1025 1789 1067 respectu

160 1073 391 1108 incurrendae
416 1072 696 1118 irregularitatis,
726 1079 761 1109 nt
789 1074 881 1110 intra
899 1075 1115 1116 videbimus;
1144 1081 1176 1112 et
1196 1075 1318 1113 Glossa
1336 1078 1379 1113 ad
1398 1079 1528 1115 mutilet
1548 1080 1581 1114 in
1603 1080 1711 1115 Clem.
1731 1092 1789 1120 un,

162 1132 196 1166 h.
227 1136 250 1166 t.
278 1132 338 1167 ait.
373 1149 386 1162 α
406 1131 512 1168 Nota:
540 1134 631 1179 quod
657 1133 700 1169 ad
729 1133 1021 1179 irregularitatem
1049 1136 1306 1172 mutilationem
1334 1137 1523 1174 homicidio
1541 1139 1788 1186 comparari»,

159 1195 264 1236 atque
290 1191 442 1238 idipsum
469 1203 489 1227 a
517 1191 584 1227 tit).
612 1197 789 1239 receptum
818 1193 891 1228 fuit.

279 1279 421 1338 Neque
456 1284 637 1337 interest,
674 1287 810 1326 utrum
843 1286 936 1341 quis
970 1297 1095 1327 unum
1134 1298 1206 1341 pro
1239 1284 1318 1327 alio
1354 1286 1608 1329 mutilaverit
1636 1286 1697 1330 vel
1723 1301 1788 1330 oc-

159 1351 321 1405 ciderit,
355 1355 450 1409 quia
486 1355 706 1397 occisionis
742 1359 811 1397 ant
838 1355 1107 1398 mutilationis
1130 1355 1333 1400 elementa
1360 1370 1437 1399 non
1462 1357 1623 1413 desunt,
1648 1363 1686 1401 et
1710 1371 1788 1415 qua

160 1422 262 1466 tales
292 1428 387 1465 sunt
420 1423 590 1480 quidem
628 1424 899 1470 voluntariae.
936 1425 1094 1469 Pariter
1126 1426 1476 1483 irregularitatem
1512 1441 1590 1471 nou
1635 1428 1790 1485 ell'ugit,

159 1496 413 1552 quicumque
456 1494 573 1538 alteri
622 1496 772 1539 vulnus
816 1496 964 1550 intulit,
1009 1502 1080 1540 aut
1124 1494 1331 1541 venenum
1379 1502 1626 1556 propinavit,
1663 1500 1787 1543 idest:

161 1566 304 1608 mortis
336 1570 404 1609 aut
432 1566 701 1610 mutilationis
724 1568 934 1611 efficacem
961 1580 1128 1612 causam
1154 1568 1385 1623 voluntarie
1410 1573 1604 1626 posuerit,
1629 1573 1790 1614 etiamsi

160 1641 380 1694 antequam
431 1638 603 1681 effectus
635 1638 880 1682 naturaliter
913 1645 1123 1697 sequatur,
1159 1643 1430 1698 poenituerit3
1464 1655 1558 1685 cum
1593 1641 1694 1685 haec
1730 1656 1790 1685 re-

158 1708 394 1762 sipiscentia
431 1708 529 1751 nitnt
565 1708 699 1753 obstet
736 1709 994 1754 voluntariae
1027 1713 1224 1755 occisioni
1258 1717 1328 1755 aut
1362 1712 1622 1756 mutilationi.

278 1807 340 1844 Hic
367 1809 593 1844 memoranda
620 1815 702 1844 sunt
728 1809 770 1845 ob
791 1810 956 1846 materiae
974 1811 1227 1847 connexionem
1247 1812 1315 1848 duo
1333 1812 1447 1858 capita
1466 1813 1564 1857 iuris,
1585 1814 1621 1848 in
1641 1824 1789 1859 quorum

160 1866 272 1913 primo
298 1868 310 1890 1
338 1867 564 1903 Innocentius
602 1868 747 1904 scribit:
785 1885 798 1899 <x
826 1868 892 1914 Qui
924 1875 1054 1916 partem
1082 1870 1269 1906 cuiuslibet
1295 1871 1395 1916 digiti
1422 1871 1556 1918 sibiipsi
1586 1872 1705 1908 volens
1730 1872 1790 1907 ab·

159 1926 273 1969 scidit,
300 1926 395 1962 hunc
419 1927 462 1963 ad
490 1927 620 1963 clerum
648 1939 800 1965 canones
829 1941 897 1964 non
925 1929 1129 1965 admittunt.
1159 1929 1223 1966 Cui
1253 1941 1331 1966 vero
1357 1942 1438 1966 casu
1473 1931 1591 1977 aliquo
1629 1931 1786 1977 contigit,

159 1985 242 2020 dum
280 1991 340 2021 aut
366 1986 458 2032 operi
487 1987 616 2022 rustico
641 1998 760 2023 curam
788 1988 974 2034 impendit,
1002 1994 1062 2024 aut
1087 1989 1220 2036 aliquid
1252 1990 1382 2026 faciens
1407 2002 1443 2026 se
1468 2002 1539 2026 non
1567 1995 1689 2037 sponte
1717 2002 1790 2037 per-

158 2044 276 2085 cussit,
303 2045 364 2080 l10s
390 2056 542 2081 canones
569 2046 789 2093 praecipiunt
814 2052 847 2083 et
874 2047 1026 2084 Clericos
1054 2048 1141 2093 fieri,
1170 2055 1203 2085 et
1229 2050 1256 2084 si
1286 2050 1320 2084 in
1350 2049 1449 2086 Clero
1478 2050 1606 2085 fuerint
1644 2050 1785 2096 reperti,

158 2113 229 2138 non
263 2103 366 2139 abiici
387 2119 420 2138 ι.
459 2103 498 2139 Et
524 2104 750 2150 subiungitur
775 2105 882 2141 ratio:
918 2122 932 2136 «ι
951 2106 989 2141 ln
1018 2107 1087 2142 illis
1112 2108 1207 2143 enim
1237 2108 1400 2144 voluntas
1426 2113 1476 2144 est
1504 2108 1672 2150 iudicata,
1701 2118 1791 2154 quae

157 2162 223 2198 sibi
250 2173 336 2198 ausa
364 2163 427 2198 fuit
455 2163 582 2199 ferrum
611 2164 778 2200 iniicere:
809 2166 844 2200 in
872 2165 947 2200 istis
974 2177 1053 2202 vero
1079 2177 1180 2203 casus
1208 2168 1345 2203 veniam
1374 2167 1552 2203 meruit».
1595 2166 1692 2203 Unde
1729 2178 1790 2213 ap—

160 2227 257 2268 paret
283 2233 352 2258 non
382 2223 505 2269 respici
534 2224 687 2270 corporis
713 2224 900 2267 defectum,
926 2226 983 2262 sed
1013 2226 1202 2262 voluntatis
1228 2228 1381 2273 culpam,
1404 2232 1665 2273 propterquam
1684 2227 1789 2263 etiam

157 2281 234 2317 sine
262 2283 397 2328 proprie
424 2282 518 2318 dicta
545 2283 778 2325 mutilatione,
809 2284 894 2320 illud
924 2285 1054 2321 faciens
1082 2286 1334 2332 percellebatur
1361 2286 1589 2332 irregularite.

278 2340 433 2376 Alterum
462 2345 565 2387 caput
590 2347 641 2377 est
668 2341 686 2376 3
720 2358 734 2372 e
753 2342 795 2378 de
821 2354 963 2390 corpore
989 2344 1119 2379 vitiatis
1146 2345 1353 2381 ordinandis
1380 2345 1431 2380 vel
1460 2355 1530 2380 non
1551 2361 1564 2375 ι
1597 2344 1634 2390 (1.
1657 2342 1730 2388 20),
1752 2343 1788 2378 in

158 2410 227 2446 quo
264 2400 379 2445 agitur
415 2401 458 2436 de
497 2400 751 2445 irregularitate
788 2402 920 2438 inflicta
948 2408 1087 2450 propter
1112 2404 1302 2450 quamdam
1330 2404 1593 2445 abscissionem,
1620 2414 1708 2450 quae
1733 2403 1789 2438 ab·

159 2459 279 2494 scissio
304 2459 477 2495 defectum
504 2460 657 2507 corporis
683 2461 913 2504 constituens,
942 2474 1013 2498 non
1036 2468 1173 2510 propter
1191 2464 1285 2499 hunc
1305 2463 1557 2509 irregularitate
1576 2463 1786 2510 percellitur,

158 2517 217 2553 scd
243 2517 356 2553 solum
383 2518 523 2564 quando
553 2519 692 2565 culpam
708 2531 824 2555 secum
848 2521 945 2563 ferat,
971 2527 1070 2568 prout
1087 2523 1228 2568 patebit.
1251 2522 1381 2558 Ibidem
1402 2521 1510 2558 Clem.
1530 2521 1570 2557 lll
1586 2522 1656 2557 ait:
1677 2536 1690 2553 «
1708 2532 1787 2557 cum

158 2577 350 2612 secundum
390 2582 520 2613 statuta
558 2577 700 2614 Nicaeni
728 2580 880 2621 concilii,
910 2580 960 2615 illi
987 2581 1030 2616 ad
1056 2581 1240 2617 clericatus
1266 2581 1425 2617 ordinem
1455 2581 1705 2627 prohibeantur
1731 2591 1786 2615 ac-

157 2635 289 2676 cedere,
314 2641 347 2671 et
373 2635 400 2670 si
427 2636 531 2672 etiam
559 2637 595 2671 in
615 2636 714 2674 Clero
735 2638 877 2682 fuerint,
898 2650 1032 2676 cessare
1050 2640 1213 2682 debeant,
1235 2641 1293 2686 qui
1313 2641 1444 2686 seipsos
1463 2641 1538 2675 sani
1557 2640 1784 2675 absciderint.

157 2694 278 2740 (quid:
308 2695 584 2740 subintelligitur
610 2697 667 2732 hic
694 2709 753 2744 per
778 2698 1076 2744 euphemismum‚
1102 2705 1134 2736 et
1161 2700 1367 2746 exprimitur
1387 2699 1560 2742 inferius),
1581 2699 1630 2734 vel
1650 2699 1788 2733 allecta-

158 2752 283 2794 verint,
315 2758 350 2788 ut
375 2753 419 2789 ab
444 2754 522 2790 aliis
548 2755 802 2792 abscindantur
829 2760 876 2801 (et
896 2769 954 2804 per
972 2759 1183 2794 sententiam
1205 2758 1469 2805 praecedentem
1490 2757 1713 2794 constituitur
1731 2767 1786 2802 ge-

280 2896 290 2916 1
320 2894 361 2929 C.
390 2897 411 2928 6
437 2895 540 2933 Dist.
565 2897 640 2933 LV.
