1971 3261
612 200 737 226 INDEX
764 200 958 227 CANONUM
985 202 1036 227 ET
1061 201 1343 227 COMMUNTARII

1724 193 1793 229 741

1597 320 1676 343 CAN.
1714 320 1794 342 PAO.

160 368 280 403 Ritus
305 379 374 413 pro
399 380 638 414 unoquoque
666 369 860 414 baptismo
971 397 977 404 .
1081 397 1088 403 .
1193 398 1198 404 .
1304 398 1309 404 .
1413 398 1420 405 .
1524 399 1530 406 .
1607 372 1676 406 756
1749 372 1793 406 49

161 426 218 461 De
245 438 345 472 aqua
370 427 576 463 sollemnis
601 428 787 473 baptismi
859 456 865 462 .
968 456 975 463 .
1079 457 1085 462 .
1190 456 1196 463 .
1300 457 1306 464 .
1412 458 1417 464 .
1521 459 1528 465 .
1606 431 1674 466 757
1764 446 1778 460 ι

159 484 216 519 ΒΘ
242 484 355 519 modo
381 485 569 520 abluendi
596 485 878 531 baptizandum
969 514 974 520 .
1080 515 1086 521 .
1191 515 1197 521 .
1302 516 1307 522 .
1412 516 1418 522 .
1522 516 1528 523 .
1606 488 1676 523 758
1748 489 1794 523 52

158 543 215 578 De
241 543 436 589 baptismo
463 544 618 589 privato
645 545 756 580 licito
857 573 863 579 .
1078 574 1083 580 .
1189 576 1194 581 .
1299 574 1305 580 .
1409 575 1416 582 .
1519 575 1526 582 .
1603 547 1672 583 759
1759 562 1773 577 ι

157 603 220 636 An
246 602 444 647 baptisma
469 603 542 637 sub
569 603 798 638 conditione
825 605 923 638 sit
907 573 1157 640 sollemniter
1184 605 1463 641 conterendum
1524 634 1530 640 .
1607 607 1676 642 760
1749 608 1794 642 55

156 661 214 696 De
240 662 400 696 nomine
427 661 644 697 christiano
671 663 907 708 imponendo
970 690 977 698 .
1081 692 1087 698 .
1191 692 1197 698 .
1302 693 1307 698 .
1412 692 1418 699 .
1522 694 1527 699 .
1605 665 1672 701 761

678 840 817 876 CAPUT
843 841 911 876 IV.
941 861 982 868 -
1010 842 1066 877 De
1093 842 1279 886 patrinis.

155 964 334 999 Canones
360 964 529 1000 762-769.
1747 969 1793 1003 55

153 1022 367 1068 Inscriptio
394 1023 486 1068 Cap.
515 1023 569 1058 IV
634 1051 641 1058 .
1746 1027 1792 1062 56

154 1081 258 1116 Ordo
285 1093 480 1116 canonum
519 1109 525 1116 .
741 1113 747 1117 .
1760 1102 1774 1116 »

153 1140 379 1175 Necessitas
403 1140 572 1176 iuridica
597 1142 800 1187 patrinum
826 1142 1046 1178 adhibendi
1077 1171 1084 1177 .
1189 1171 1195 1178 .
1300 1171 1306 1178 .
1411 1171 1416 1177 .
1521 1173 1526 1178 .
1604 1144 1673 1179 762
1746 1145 1792 1180 57

152 1199 210 1234 ΒΘ
236 1200 394 1245 patrino
422 1199 609 1245 baptismi
636 1201 709 1236 sub
736 1201 1083 1237 conditione..
1187 1230 1194 1237 .
1299 1231 1305 1236 .
1409 1230 1416 1237 .
1520 1231 1526 1237 .
1603 1204 1672 1238 763
1746 1204 1792 1239 58

151 1258 208 1293 De
235 1269 398 1293 numero
424 1259 673 1304 patrinorum
742 1287 749 1294 .
852 1287 860 1295 .
964 1288 970 1294 .
1076 1287 1084 1295 .
1186 1289 1194 1296 .
1298 1290 1304 1296 .
1409 1289 1415 1296 .
1519 1289 1526 1296 .
1603 1263 1673 1298 764
1759 1279 1773 1294 ›

152 1318 376 1361 Qualitates
401 1324 448 1353 ut
473 1319 562 1364 quis
588 1318 718 1359 valide
744 1320 799 1354 sit
824 1321 1009 1365 patrinus
1079 1348 1086 1356 .
1190 1349 1197 1355 .
1299 1350 1307 1358 .
1408 1348 1415 1356 0
1519 1349 1526 1356 .
1603 1322 1672 1357 765
1757 1339 1770 1353 ι

150 1377 208 1412 ΒΘ
233 1377 498 1423 qualitatibus
524 1378 674 1423 patrini
701 1378 828 1424 quoad
854 1384 988 1415 actum
1020 1380 1189 1415 licitum.
1297 1408 1302 1415 .
1409 1408 1415 1415 .
1520 1410 1526 1416 .
1604 1381 1673 1416 766
1747 1382 1792 1416 60

149 1437 280 1472 Dubia.
305 1437 408 1472 circa
432 1437 680 1483 patrinorum
705 1438 922 1484 qualitates
964 1467 971 1474 .
1075 1469 1081 1475 .
1186 1467 1193 1475 .
1298 1468 1303 1475 .
1408 1468 1414 1475 .
1518 1468 1525 1475 .
1602 1441 1670 1476 767
1744 1441 1790 1475 62

149 1495 207 1531 ΒΘ
233 1497 470 1542 cognatione
496 1497 697 1542 spirituali
724 1509 773 1532 ex
799 1497 995 1543 baptismo
1072 1526 1079 1533 .
1183 1526 1190 1533 .
1296 1527 1303 1534 .
1407 1528 1413 1534 .
1518 1527 1525 1534 .
1601 1499 1671 1535 768
1758 1516 1771 1530 »

148 1554 206 1589 ΒΘ
232 1554 477 1601 obligatione
503 1556 730 1591 instruendi
756 1557 1005 1602 baptizatum
1072 1585 1080 1593 .
1184 1586 1191 1593 .
1295 1586 1302 1593 .
1407 1589 1412 1593 .
1516 1586 1523 1593 .
1602 1558 1671 1596 769
1744 1559 1790 1594 63

359 1713 499 1768 0».ch
524 1732 569 1767 V.
596 1752 641 1760 —
671 1734 723 1770 De
748 1734 926 1778 tempore
951 1735 992 1771 et
1016 1735 1101 1772 loco
1126 1736 1311 1781 baptismi
1338 1737 1581 1774 conferendi.

149 1856 328 1892 Canones
353 1857 522 1893 770-776.

148 1916 360 1962 Inscriptio
385 1917 528 1962 capitis
554 1929 599 1952 ac
625 1918 718 1953 ordo
745 1929 939 1953 canonum
961 1948 967 1953 .

148 1975 384 2010 Sollicitudo
410 1976 453 2010 in
479 1977 737 2021 parvulorum
763 1977 971 2022 baptismo.
1072 2005 1079 2012 .
1183 2007 1188 2013 .
1294 2006 1300 2013 .
1405 2007 1410 2013 .
1514 2007 1521 2014 .
1599 1980 1669 2016 770

147 2035 358 2080 Exemptio
384 2034 572 2080 baptismi
598 2036 749 2081 privati
775 2048 797 2071 a
822 2036 978 2082 legibus
1012 2036 1135 2072 huius
1161 2038 1305 2083 capitis
1406 2066 1412 2072 .
1517 2066 1523 2072 .
1599 2040 1667 2074 771

146 2092 241 2127 Dies
267 2093 310 2127 in
338 2093 483 2138 quibus
509 2093 738 2128 conferatur
763 2095 994 2140 Baptismus
1020 2095 1225 2130 sollemnis
1294 2124 1300 2130 .
1405 2123 1411 2130 .
1516 2126 1521 2131 .
1599 2097 1668 2133 772

146 2152 274 2187 Locus
299 2152 480 2197 proprius
508 2152 696 2198 baptismi
722 2154 926 2189 sollemnis
960 2181 967 2188 .
1071 2182 1077 2189 .
1182 2183 1188 2189 .
1293 2183 1299 2189 .
1404 2183 1410 2190 .
1514 2183 1522 2190 .
1598 2156 1668 2191 773

145 2211 213 2246 Ius
238 2211 475 2256 praecedens
501 2212 548 2247 de
575 2212 659 2247 loco

145 2271 343 2306 Ecclesiae
370 2272 589 2317 gaudentes
616 2272 701 2306 iure
727 2271 851 2307 fontis
878 2273 1128 2318 baptismalis
1181 2301 1188 2308 .
1292 2303 1297 2308 .
1400 2302 1407 2310 .
1511 2302 1519 2310 .
1597 2276 1665 2311 774

144 2331 202 2365 De
227 2331 428 2377 baptismo
455 2332 637 2366 sollemni
664 2332 774 2367 licite
801 2332 1037 2368 conferendo
1062 2333 1141 2368 alia
1167 2334 1208 2368 in
1235 2335 1411 2369 ecclesia.
1513 2363 1520 2369 .
1597 2335 1666 2370 775

144 2389 274 2425 Licita
299 2390 486 2435 baptismi
513 2391 719 2425 sollemnis
745 2391 1044 2426 administratio
1062 2391 1103 2426 in
1130 2392 1311 2427 domibus
1337 2393 1518 2438 privatis.
1596 2393 1665 2428 776

276 2566 415 2602 CAPUT
440 2567 505 2602 VI.
533 2587 576 2592 —
603 2567 659 2603 De
684 2567 820 2603 collati
848 2567 1033 2612 baptismi
1059 2568 1311 2605 adnotatione
1337 2570 1377 2605 et
1403 2570 1647 2615 probatione.

146 2691 325 2726 Canones
351 2691 520 2727 777-779.

143 2749 357 2794 Inscriptio
383 2750 524 2796 capitis
549 2754 591 2785 et
616 2750 709 2785 ordo
735 2762 931 2785 canonum
954 2778 961 2785 .

144 2808 426 2843 Adnotationis
452 2819 587 2842 norma
618 2808 663 2842 de
690 2808 833 2843 collato
863 2809 1183 2854 baptismo..
1397 2840 1404 2846 .
1507 2839 1513 2845 .
1593 2812 1660 2847 777

144 2867 202 2902 De
215 2866 460 2912 obligatione
474 2867 712 2902 certiorandi
725 2867 938 2912 parochum
953 2868 1056 2903 circa
1074 2868 1263 2904 collatum
1276 2869 1518 2915 baptismum
1593 2871 1662 2905 778

145 2926 202 2961 ΒΘ
227 2926 414 2971 baptismi
439 2926 670 2971 probatione
732 2953 739 2960 .
842 2953 850 2961 .
954 2954 960 2961 .
1063 2955 1071 2963 .
1174 2954 1181 2962 .
1285 2955 1292 2963 .
1397 2957 1402 2963 .
1508 2957 1514 2964 .
1591 2930 1661 2965 779

1743 1864 1788 1898 64

1742 1981 1787 2015 64

1742 2039 1788 2074 65

1740 2157 1785 2191 66

1739 2276 1784 2310 67

1739 2335 1785 2369 68

1738 2394 1784 2428 69

1734 2812 1756 2964 -Q-Jn]

1758 2813 1780 2964 0010»-
