<?xml version="1.0" encoding="UTF-8"?>
<!DOCTYPE html PUBLIC "-//W3C//DTD XHTML 1.0 Transitional//EN"
    "http://www.w3.org/TR/xhtml1/DTD/xhtml1-transitional.dtd">
<html xmlns="http://www.w3.org/1999/xhtml" xml:lang="en" lang="en">
 <head>
  <title>
</title>
<meta http-equiv="Content-Type" content="text/html;charset=utf-8" />
  <meta name='ocr-system' content='tesseract 3.04.00' />
  <meta name='ocr-capabilities' content='ocr_page ocr_carea ocr_par ocr_line ocrx_word'/>
</head>
<body>
  <div class='ocr_page' id='page_1' title='image "./p1commentariumte03blatuoft_0068.png"; bbox 0 0 1971 3261; ppageno 0'>
   <div class='ocr_carea' id='block_1_1' title="bbox 181 170 994 209">
    <p class='ocr_par' dir='ltr' id='par_1_1' title="bbox 181 170 994 209">
     <span class='ocr_line' id='line_1_1' title="bbox 181 170 994 209; baseline -0.01 0"><span class='ocrx_word' id='word_1_1' title='bbox 181 177 225 209; x_wconf 72' lang='lat'>56</span> <span class='ocrx_word' id='word_1_2' title='bbox 582 172 664 205; x_wconf 71' lang='lat' dir='ltr'>Lis.</span> <span class='ocrx_word' id='word_1_3' title='bbox 695 171 763 204; x_wconf 88' lang='lat' dir='ltr'>III.</span> <span class='ocrx_word' id='word_1_4' title='bbox 790 189 801 196; x_wconf 92' lang='lat'><em>-</em></span> <span class='ocrx_word' id='word_1_5' title='bbox 831 170 939 202; x_wconf 67' lang='lat' dir='ltr'>PARs</span> <span class='ocrx_word' id='word_1_6' title='bbox 968 170 994 202; x_wconf 95' lang='grc' dir='ltr'>Ι.</span> 
     </span>
    </p>
   </div>
   <div class='ocr_carea' id='block_1_2' title="bbox 1020 167 1407 201">
    <p class='ocr_par' dir='ltr' id='par_1_2' title="bbox 1020 167 1407 201">
     <span class='ocr_line' id='line_1_2' title="bbox 1020 167 1407 201; baseline -0.003 0"><span class='ocrx_word' id='word_1_7' title='bbox 1020 187 1032 192; x_wconf 89' lang='grc'><strong>-</strong></span> <span class='ocrx_word' id='word_1_8' title='bbox 1059 167 1115 201; x_wconf 84' lang='lat' dir='ltr'>De</span> <span class='ocrx_word' id='word_1_9' title='bbox 1140 168 1407 201; x_wconf 56' lang='lat' dir='ltr'>&amp;aeramentis</span> 
     </span>
    </p>
   </div>
   <div class='ocr_carea' id='block_1_3' title="bbox 186 221 1719 243">
    <p class='ocr_par' dir='ltr' id='par_1_3' title="bbox 186 221 1719 243">
     <span class='ocr_line' id='line_1_3' title="bbox 186 221 1719 243; baseline 0 0"><span class='ocrx_word' id='word_1_10' title='bbox 186 221 1719 243; x_wconf 95' lang='lat' dir='ltr'> </span> 
     </span>
    </p>
   </div>
   <div class='ocr_carea' id='block_1_4' title="bbox 172 287 953 1938">
    <p class='ocr_par' dir='ltr' id='par_1_4' title="bbox 179 287 953 573">
     <span class='ocr_line' id='line_1_4' title="bbox 228 287 950 333; baseline -0.01 -6"><span class='ocrx_word' id='word_1_11' title='bbox 228 292 310 327; x_wconf 57' lang='lat' dir='ltr'>Cis,</span> <span class='ocrx_word' id='word_1_12' title='bbox 342 290 419 327; x_wconf 65' lang='lat'>7453.</span> <span class='ocrx_word' id='word_1_13' title='bbox 460 310 475 317; x_wconf 94' lang='lat'>-</span> <span class='ocrx_word' id='word_1_14' title='bbox 516 294 534 331; x_wconf 56' lang='grc' dir='ltr'>ς·</span> <span class='ocrx_word' id='word_1_15' title='bbox 572 289 598 323; x_wconf 94' lang='grc'>1.</span> <span class='ocrx_word' id='word_1_16' title='bbox 637 289 723 324; x_wconf 83' lang='lat' dir='ltr'>Cum</span> <span class='ocrx_word' id='word_1_17' title='bbox 756 287 950 333; x_wconf 78' lang='lat' dir='ltr'>baptismus</span> 
     </span>
     <span class='ocr_line' id='line_1_5' title="bbox 179 334 950 380; baseline -0.01 -5"><span class='ocrx_word' id='word_1_18' title='bbox 179 340 322 375; x_wconf 82' lang='lat' dir='ltr'><strong>iteratur</strong></span> <span class='ocrx_word' id='word_1_19' title='bbox 347 337 411 372; x_wconf 88' lang='lat' dir='ltr'>suh</span> <span class='ocrx_word' id='word_1_20' title='bbox 437 337 647 379; x_wconf 82' lang='lat' dir='ltr'>conditione,</span> <span class='ocrx_word' id='word_1_21' title='bbox 670 335 758 370; x_wconf 89' lang='lat' dir='ltr'>idem</span> <span class='ocrx_word' id='word_1_22' title='bbox 782 334 950 380; x_wconf 82' lang='lat' dir='ltr'>patrinus,</span> 
     </span>
     <span class='ocr_line' id='line_1_6' title="bbox 179 380 948 432; baseline -0.009 -11"><span class='ocrx_word' id='word_1_23' title='bbox 179 391 350 432; x_wconf 82' lang='lat' dir='ltr'>quatenus</span> <span class='ocrx_word' id='word_1_24' title='bbox 390 384 461 419; x_wconf 83' lang='lat' dir='ltr'>fieri</span> <span class='ocrx_word' id='word_1_25' title='bbox 497 384 613 429; x_wconf 76' lang='lat' dir='ltr'>possit,</span> <span class='ocrx_word' id='word_1_26' title='bbox 643 381 862 424; x_wconf 76' lang='lat' dir='ltr'>adhibeatur,</span> <span class='ocrx_word' id='word_1_27' title='bbox 892 380 948 426; x_wconf 83' lang='lat' dir='ltr'>qui</span> 
     </span>
     <span class='ocr_line' id='line_1_7' title="bbox 180 428 953 478; baseline -0.008 -11"><span class='ocrx_word' id='word_1_28' title='bbox 180 434 213 467; x_wconf 90' lang='lat' dir='ltr'>in</span> <span class='ocrx_word' id='word_1_29' title='bbox 245 432 354 478; x_wconf 85' lang='lat' dir='ltr'>priore</span> <span class='ocrx_word' id='word_1_30' title='bbox 382 430 554 476; x_wconf 89' lang='lat' dir='ltr'>baptismo</span> <span class='ocrx_word' id='word_1_31' title='bbox 583 430 666 465; x_wconf 81' lang='lat' dir='ltr'>forte</span> <span class='ocrx_word' id='word_1_32' title='bbox 692 428 823 471; x_wconf 87' lang='lat' dir='ltr'>adfuit;</span> <span class='ocrx_word' id='word_1_33' title='bbox 857 433 953 463; x_wconf 84' lang='lat' dir='ltr'>extra</span> 
     </span>
     <span class='ocr_line' id='line_1_8' title="bbox 180 475 953 522; baseline -0.009 -7"><span class='ocrx_word' id='word_1_34' title='bbox 180 481 271 515; x_wconf 84' lang='lat' dir='ltr'>huuc</span> <span class='ocrx_word' id='word_1_35' title='bbox 297 490 415 514; x_wconf 87' lang='lat' dir='ltr'>casum</span> <span class='ocrx_word' id='word_1_36' title='bbox 444 479 478 512; x_wconf 93' lang='lat' dir='ltr'>in</span> <span class='ocrx_word' id='word_1_37' title='bbox 508 477 679 522; x_wconf 89' lang='lat' dir='ltr'>baptismo</span> <span class='ocrx_word' id='word_1_38' title='bbox 713 475 953 509; x_wconf 78' lang='lat' dir='ltr'>conditionato</span> 
     </span>
     <span class='ocr_line' id='line_1_9' title="bbox 181 523 769 573; baseline -0.01 -11"><span class='ocrx_word' id='word_1_39' title='bbox 181 528 338 573; x_wconf 80' lang='lat' dir='ltr'>patrinus</span> <span class='ocrx_word' id='word_1_40' title='bbox 367 537 436 561; x_wconf 91' lang='lat' dir='ltr'>non</span> <span class='ocrx_word' id='word_1_41' title='bbox 464 529 514 560; x_wconf 88' lang='lat' dir='ltr'>est</span> <span class='ocrx_word' id='word_1_42' title='bbox 542 523 769 559; x_wconf 82' lang='lat' dir='ltr'>necessarius.</span> 
     </span>
    </p>

    <p class='ocr_par' dir='ltr' id='par_1_5' title="bbox 176 568 952 805">
     <span class='ocr_line' id='line_1_10' title="bbox 225 568 952 617; baseline -0.006 -10"><span class='ocrx_word' id='word_1_43' title='bbox 225 578 243 616; x_wconf 60' lang='grc' dir='ltr'><em>ᾖ</em></span> <span class='ocrx_word' id='word_1_44' title='bbox 270 574 300 607; x_wconf 69' lang='lat'>⁶2.</span> <span class='ocrx_word' id='word_1_45' title='bbox 331 572 450 607; x_wconf 85' lang='lat' dir='ltr'>lterato</span> <span class='ocrx_word' id='word_1_46' title='bbox 470 571 643 617; x_wconf 90' lang='lat' dir='ltr'>baptismo</span> <span class='ocrx_word' id='word_1_47' title='bbox 662 570 725 604; x_wconf 90' lang='lat' dir='ltr'>sub</span> <span class='ocrx_word' id='word_1_48' title='bbox 744 568 952 608; x_wconf 82' lang='lat' dir='ltr'>conditione,</span> 
     </span>
     <span class='ocr_line' id='line_1_11' title="bbox 179 615 952 666; baseline -0.006 -12"><span class='ocrx_word' id='word_1_49' title='bbox 179 631 291 666; x_wconf 84' lang='lat' dir='ltr'>neque</span> <span class='ocrx_word' id='word_1_50' title='bbox 320 620 476 664; x_wconf 78' lang='lat' dir='ltr'>patrinus</span> <span class='ocrx_word' id='word_1_51' title='bbox 503 618 559 663; x_wconf 84' lang='lat' dir='ltr'>qui</span> <span class='ocrx_word' id='word_1_52' title='bbox 584 618 684 663; x_wconf 83' lang='lat' dir='ltr'>priori</span> <span class='ocrx_word' id='word_1_53' title='bbox 707 616 880 661; x_wconf 89' lang='lat' dir='ltr'>baptismo</span> <span class='ocrx_word' id='word_1_54' title='bbox 898 615 952 650; x_wconf 90' lang='lat' dir='ltr'>ad-</span> 
     </span>
     <span class='ocr_line' id='line_1_12' title="bbox 179 663 950 711; baseline -0.006 -10"><span class='ocrx_word' id='word_1_55' title='bbox 179 668 250 709; x_wconf 77' lang='lat' dir='ltr'>fuit,</span> <span class='ocrx_word' id='word_1_56' title='bbox 272 677 385 711; x_wconf 80' lang='lat' dir='ltr'>neque</span> <span class='ocrx_word' id='word_1_57' title='bbox 412 666 468 711; x_wconf 89' lang='lat' dir='ltr'>qui</span> <span class='ocrx_word' id='word_1_58' title='bbox 500 665 687 711; x_wconf 75' lang='lat' dir='ltr'>posteriori,</span> <span class='ocrx_word' id='word_1_59' title='bbox 708 663 950 708; x_wconf 80' lang='lat' dir='ltr'>cognationem</span> 
     </span>
     <span class='ocr_line' id='line_1_13' title="bbox 176 710 952 760; baseline -0.004 -12"><span class='ocrx_word' id='word_1_60' title='bbox 176 713 392 760; x_wconf 88' lang='lat' dir='ltr'>spiritualem</span> <span class='ocrx_word' id='word_1_61' title='bbox 409 711 593 753; x_wconf 80' lang='lat' dir='ltr'>contrahit,</span> <span class='ocrx_word' id='word_1_62' title='bbox 606 711 671 745; x_wconf 87' lang='lat' dir='ltr'>nisi</span> <span class='ocrx_word' id='word_1_63' title='bbox 690 711 779 745; x_wconf 87' lang='lat' dir='ltr'>idem</span> <span class='ocrx_word' id='word_1_64' title='bbox 795 710 952 755; x_wconf 81' lang='lat' dir='ltr'>patrinus</span> 
     </span>
     <span class='ocr_line' id='line_1_14' title="bbox 178 757 949 805; baseline -0.006 -9"><span class='ocrx_word' id='word_1_65' title='bbox 178 762 210 795; x_wconf 89' lang='lat' dir='ltr'>in</span> <span class='ocrx_word' id='word_1_66' title='bbox 242 766 384 804; x_wconf 84' lang='lat' dir='ltr'>utroque</span> <span class='ocrx_word' id='word_1_67' title='bbox 419 759 591 805; x_wconf 88' lang='lat' dir='ltr'>baptismo</span> <span class='ocrx_word' id='word_1_68' title='bbox 623 758 803 793; x_wconf 90' lang='lat' dir='ltr'>adhibitus</span> <span class='ocrx_word' id='word_1_69' title='bbox 840 757 949 792; x_wconf 87' lang='lat' dir='ltr'>fuerit.</span> 
     </span>
    </p>

    <p class='ocr_par' dir='ltr' id='par_1_6' title="bbox 175 805 950 936">
     <span class='ocr_line' id='line_1_15' title="bbox 224 805 950 845; baseline -0.006 -2"><span class='ocrx_word' id='word_1_70' title='bbox 224 806 305 843; x_wconf 58' lang='lat' dir='ltr'>Can.</span> <span class='ocrx_word' id='word_1_71' title='bbox 333 805 415 841; x_wconf 67' lang='lat'>764.</span> <span class='ocrx_word' id='word_1_72' title='bbox 447 828 463 832; x_wconf 92' lang='lat'>-</span> <span class='ocrx_word' id='word_1_73' title='bbox 495 806 656 841; x_wconf 82' lang='lat' dir='ltr'>Patrinus</span> <span class='ocrx_word' id='word_1_74' title='bbox 685 817 775 839; x_wconf 88' lang='lat' dir='ltr'>unus</span> <span class='ocrx_word' id='word_1_75' title='bbox 802 809 950 845; x_wconf 87' lang='lat' dir='ltr'>tantum,</span> 
     </span>
     <span class='ocr_line' id='line_1_16' title="bbox 177 851 950 898; baseline -0.003 -9"><span class='ocrx_word' id='word_1_76' title='bbox 177 855 253 890; x_wconf 84' lang='lat' dir='ltr'>licet</span> <span class='ocrx_word' id='word_1_77' title='bbox 280 854 403 889; x_wconf 74' lang='lat' dir='ltr'>diversi</span> <span class='ocrx_word' id='word_1_78' title='bbox 432 865 533 889; x_wconf 82' lang='lat' dir='ltr'>sexus</span> <span class='ocrx_word' id='word_1_79' title='bbox 559 864 578 887; x_wconf 94' lang='lat' dir='ltr'>a</span> <span class='ocrx_word' id='word_1_80' title='bbox 599 852 818 898; x_wconf 72' lang='lat' dir='ltr'>baptizando,</span> <span class='ocrx_word' id='word_1_81' title='bbox 839 851 889 887; x_wconf 87' lang='lat' dir='ltr'>vcl</span> <span class='ocrx_word' id='word_1_82' title='bbox 908 853 950 887; x_wconf 89' lang='lat' dir='ltr'>ad</span> 
     </span>
     <span class='ocr_line' id='line_1_17' title="bbox 175 899 901 936; baseline -0.004 0"><span class='ocrx_word' id='word_1_83' title='bbox 175 912 352 936; x_wconf 88' lang='lat' dir='ltr'>summum</span> <span class='ocrx_word' id='word_1_84' title='bbox 382 912 472 936; x_wconf 90' lang='lat' dir='ltr'>unus</span> <span class='ocrx_word' id='word_1_85' title='bbox 499 905 531 935; x_wconf 90' lang='lat' dir='ltr'>et</span> <span class='ocrx_word' id='word_1_86' title='bbox 559 911 628 934; x_wconf 89' lang='lat' dir='ltr'>una</span> <span class='ocrx_word' id='word_1_87' title='bbox 653 899 901 934; x_wconf 67' lang='lat' dir='ltr'>adhibeantur.</span> 
     </span>
    </p>

    <p class='ocr_par' dir='ltr' id='par_1_7' title="bbox 175 946 948 1042">
     <span class='ocr_line' id='line_1_18' title="bbox 224 946 948 992; baseline -0.003 -10"><span class='ocrx_word' id='word_1_88' title='bbox 224 950 307 983; x_wconf 70' lang='lat' dir='ltr'>CAN.</span> <span class='ocrx_word' id='word_1_89' title='bbox 339 947 417 982; x_wconf 72' lang='lat'>765.</span> <span class='ocrx_word' id='word_1_90' title='bbox 450 969 465 972; x_wconf 96' lang='lat'>—</span> <span class='ocrx_word' id='word_1_91' title='bbox 498 946 538 983; x_wconf 91' lang='lat' dir='ltr'>Ut</span> <span class='ocrx_word' id='word_1_92' title='bbox 576 947 653 992; x_wconf 84' lang='lat' dir='ltr'>quis</span> <span class='ocrx_word' id='word_1_93' title='bbox 692 947 736 980; x_wconf 91' lang='lat' dir='ltr'>sit</span> <span class='ocrx_word' id='word_1_94' title='bbox 777 946 948 992; x_wconf 78' lang='lat' dir='ltr'>patrinus7</span> 
     </span>
     <span class='ocr_line' id='line_1_19' title="bbox 175 1000 326 1042; baseline -0.013 -11"><span class='ocrx_word' id='word_1_95' title='bbox 175 1000 326 1042; x_wconf 79' lang='lat' dir='ltr'>oporiet:</span> 
     </span>
    </p>

    <p class='ocr_par' dir='ltr' id='par_1_8' title="bbox 174 1040 949 1181">
     <span class='ocr_line' id='line_1_20' title="bbox 275 1040 948 1087; baseline -0.003 -11"><span class='ocrx_word' id='word_1_96' title='bbox 275 1044 322 1076; x_wconf 82' lang='grc' dir='ltr'>1.ο</span> <span class='ocrx_word' id='word_1_97' title='bbox 351 1041 401 1077; x_wconf 89' lang='lat' dir='ltr'>Sit</span> <span class='ocrx_word' id='word_1_98' title='bbox 429 1041 635 1087; x_wconf 80' lang='lat' dir='ltr'>baptizatus,</span> <span class='ocrx_word' id='word_1_99' title='bbox 665 1040 811 1075; x_wconf 85' lang='lat' dir='ltr'>rationis</span> <span class='ocrx_word' id='word_1_100' title='bbox 849 1051 948 1075; x_wconf 88' lang='lat' dir='ltr'>usum</span> 
     </span>
     <span class='ocr_line' id='line_1_21' title="bbox 174 1088 949 1125; baseline -0.003 0"><span class='ocrx_word' id='word_1_101' title='bbox 174 1095 352 1125; x_wconf 88' lang='lat' dir='ltr'>assecutus</span> <span class='ocrx_word' id='word_1_102' title='bbox 392 1094 424 1123; x_wconf 86' lang='lat' dir='ltr'>et</span> <span class='ocrx_word' id='word_1_103' title='bbox 454 1088 701 1124; x_wconf 75' lang='lat' dir='ltr'>‘intentionem</span> <span class='ocrx_word' id='word_1_104' title='bbox 747 1088 872 1123; x_wconf 86' lang='lat' dir='ltr'>habeat</span> <span class='ocrx_word' id='word_1_105' title='bbox 918 1088 949 1123; x_wconf 90' lang='lat' dir='ltr'>id</span> 
     </span>
     <span class='ocr_line' id='line_1_22' title="bbox 176 1136 495 1181; baseline -0.003 -10"><span class='ocrx_word' id='word_1_106' title='bbox 176 1148 304 1172; x_wconf 90' lang='lat' dir='ltr'>munus</span> <span class='ocrx_word' id='word_1_107' title='bbox 330 1136 495 1181; x_wconf 84' lang='lat' dir='ltr'>gerendi;</span> 
     </span>
    </p>

    <p class='ocr_par' dir='ltr' id='par_1_9' title="bbox 173 1182 952 1465">
     <span class='ocr_line' id='line_1_23' title="bbox 269 1182 951 1228; baseline -0.003 -10"><span class='ocrx_word' id='word_1_108' title='bbox 269 1184 318 1218; x_wconf 57' lang='lat'>20</span> <span class='ocrx_word' id='word_1_109' title='bbox 348 1184 399 1218; x_wconf 77' lang='lat' dir='ltr'>Ad</span> <span class='ocrx_word' id='word_1_110' title='bbox 428 1183 560 1218; x_wconf 90' lang='lat' dir='ltr'>nullam</span> <span class='ocrx_word' id='word_1_111' title='bbox 601 1183 771 1228; x_wconf 84' lang='lat' dir='ltr'>pertineat</span> <span class='ocrx_word' id='word_1_112' title='bbox 809 1182 951 1217; x_wconf 89' lang='lat' dir='ltr'>haereti-</span> 
     </span>
     <span class='ocr_line' id='line_1_24' title="bbox 174 1230 952 1270; baseline -0.003 -4"><span class='ocrx_word' id='word_1_113' title='bbox 174 1242 249 1266; x_wconf 78' lang='lat' dir='ltr'>cam</span> <span class='ocrx_word' id='word_1_114' title='bbox 276 1236 335 1266; x_wconf 88' lang='lat' dir='ltr'>aut</span> <span class='ocrx_word' id='word_1_115' title='bbox 360 1230 618 1265; x_wconf 71' lang='lat' dir='ltr'>schismaticam</span> <span class='ocrx_word' id='word_1_116' title='bbox 638 1234 779 1270; x_wconf 67' lang='lat' dir='ltr'>seciam,</span> <span class='ocrx_word' id='word_1_117' title='bbox 800 1240 862 1265; x_wconf 82' lang='lat' dir='ltr'>nec</span> <span class='ocrx_word' id='word_1_118' title='bbox 877 1240 952 1265; x_wconf 89' lang='lat' dir='ltr'>sen-</span> 
     </span>
     <span class='ocr_line' id='line_1_25' title="bbox 175 1276 951 1313; baseline -0.006 0"><span class='ocrx_word' id='word_1_119' title='bbox 175 1278 283 1313; x_wconf 87' lang='lat' dir='ltr'>tentia</span> <span class='ocrx_word' id='word_1_120' title='bbox 296 1276 582 1313; x_wconf 87' lang='lat' dir='ltr'>condemnatoria</span> <span class='ocrx_word' id='word_1_121' title='bbox 597 1277 647 1312; x_wconf 74' lang='lat' dir='ltr'>vel</span> <span class='ocrx_word' id='word_1_122' title='bbox 664 1277 894 1312; x_wconf 86' lang='lat' dir='ltr'>declaratoria</span> <span class='ocrx_word' id='word_1_123' title='bbox 908 1277 951 1311; x_wconf 82' lang='lat' dir='ltr'>sit</span> 
     </span>
     <span class='ocr_line' id='line_1_26' title="bbox 173 1324 951 1360; baseline -0.003 0"><span class='ocrx_word' id='word_1_124' title='bbox 173 1325 493 1360; x_wconf 69' lang='lat' dir='ltr'>excommunicatus</span> <span class='ocrx_word' id='word_1_125' title='bbox 530 1329 590 1359; x_wconf 85' lang='lat' dir='ltr'>ant</span> <span class='ocrx_word' id='word_1_126' title='bbox 630 1324 773 1359; x_wconf 83' lang='lat' dir='ltr'>infamis</span> <span class='ocrx_word' id='word_1_127' title='bbox 803 1324 951 1359; x_wconf 85' lang='lat' dir='ltr'>infamia</span> 
     </span>
     <span class='ocr_line' id='line_1_27' title="bbox 175 1371 946 1416; baseline -0.003 -9"><span class='ocrx_word' id='word_1_128' title='bbox 175 1372 258 1408; x_wconf 90' lang='lat' dir='ltr'>iuris</span> <span class='ocrx_word' id='word_1_129' title='bbox 276 1377 334 1408; x_wconf 89' lang='lat' dir='ltr'>aut</span> <span class='ocrx_word' id='word_1_130' title='bbox 353 1373 512 1407; x_wconf 69' lang='lat' dir='ltr'>exclusus</span> <span class='ocrx_word' id='word_1_131' title='bbox 537 1372 581 1407; x_wconf 87' lang='lat' dir='ltr'>ab</span> <span class='ocrx_word' id='word_1_132' title='bbox 607 1372 743 1407; x_wconf 88' lang='lat' dir='ltr'>actibus</span> <span class='ocrx_word' id='word_1_133' title='bbox 770 1371 946 1416; x_wconf 70' lang='lat' dir='ltr'>legitimis,</span> 
     </span>
     <span class='ocr_line' id='line_1_28' title="bbox 175 1419 947 1465; baseline 0 -11"><span class='ocrx_word' id='word_1_134' title='bbox 175 1431 236 1455; x_wconf 88' lang='lat' dir='ltr'>nec</span> <span class='ocrx_word' id='word_1_135' title='bbox 250 1420 293 1454; x_wconf 88' lang='lat' dir='ltr'>sit</span> <span class='ocrx_word' id='word_1_136' title='bbox 308 1420 453 1454; x_wconf 82' lang='lat' dir='ltr'>clericus</span> <span class='ocrx_word' id='word_1_137' title='bbox 468 1419 643 1465; x_wconf 90' lang='lat' dir='ltr'>depositus</span> <span class='ocrx_word' id='word_1_138' title='bbox 660 1419 709 1454; x_wconf 89' lang='lat' dir='ltr'>vel</span> <span class='ocrx_word' id='word_1_139' title='bbox 725 1419 947 1464; x_wconf 85' lang='lat' dir='ltr'>degradatus;</span> 
     </span>
    </p>

    <p class='ocr_par' dir='ltr' id='par_1_10' title="bbox 173 1466 949 1559">
     <span class='ocr_line' id='line_1_29' title="bbox 266 1466 949 1512; baseline -0.001 -11"><span class='ocrx_word' id='word_1_140' title='bbox 266 1466 319 1501; x_wconf 87' lang='lat'>3.0</span> <span class='ocrx_word' id='word_1_141' title='bbox 348 1466 415 1502; x_wconf 87' lang='lat' dir='ltr'>Nec</span> <span class='ocrx_word' id='word_1_142' title='bbox 441 1467 484 1500; x_wconf 86' lang='lat' dir='ltr'>sit</span> <span class='ocrx_word' id='word_1_143' title='bbox 521 1470 616 1512; x_wconf 89' lang='lat' dir='ltr'>pater</span> <span class='ocrx_word' id='word_1_144' title='bbox 655 1466 705 1501; x_wconf 79' lang='lat' dir='ltr'>vel</span> <span class='ocrx_word' id='word_1_145' title='bbox 750 1471 860 1502; x_wconf 88' lang='lat' dir='ltr'>mater</span> <span class='ocrx_word' id='word_1_146' title='bbox 899 1466 949 1502; x_wconf 85' lang='lat' dir='ltr'>vel</span> 
     </span>
     <span class='ocr_line' id='line_1_30' title="bbox 173 1514 543 1559; baseline 0 -11"><span class='ocrx_word' id='word_1_147' title='bbox 173 1514 297 1548; x_wconf 84' lang='lat' dir='ltr'>coniux</span> <span class='ocrx_word' id='word_1_148' title='bbox 325 1514 543 1559; x_wconf 85' lang='lat' dir='ltr'>baptizandi;</span> 
     </span>
    </p>

    <p class='ocr_par' dir='ltr' id='par_1_11' title="bbox 172 1560 949 1700">
     <span class='ocr_line' id='line_1_31' title="bbox 267 1560 948 1607; baseline 0 -12"><span class='ocrx_word' id='word_1_149' title='bbox 267 1561 320 1595; x_wconf 76' lang='lat'>4.⁰</span> <span class='ocrx_word' id='word_1_150' title='bbox 348 1562 399 1596; x_wconf 77' lang='lat' dir='ltr'>Ab</span> <span class='ocrx_word' id='word_1_151' title='bbox 427 1561 501 1607; x_wconf 89' lang='lat' dir='ltr'>ipso</span> <span class='ocrx_word' id='word_1_152' title='bbox 527 1560 737 1606; x_wconf 89' lang='lat' dir='ltr'>baptizando</span> <span class='ocrx_word' id='word_1_153' title='bbox 755 1561 872 1596; x_wconf 82' lang='lat' dir='ltr'>eiusve</span> <span class='ocrx_word' id='word_1_154' title='bbox 893 1572 948 1606; x_wconf 90' lang='lat' dir='ltr'>pa—</span> 
     </span>
     <span class='ocr_line' id='line_1_32' title="bbox 172 1607 949 1647; baseline 0 -5"><span class='ocrx_word' id='word_1_155' title='bbox 172 1608 330 1643; x_wconf 90' lang='lat' dir='ltr'>rentibus</span> <span class='ocrx_word' id='word_1_156' title='bbox 371 1608 421 1643; x_wconf 89' lang='lat' dir='ltr'>vel</span> <span class='ocrx_word' id='word_1_157' title='bbox 462 1607 635 1644; x_wconf 92' lang='lat' dir='ltr'>tutoribus</span> <span class='ocrx_word' id='word_1_158' title='bbox 672 1613 743 1647; x_wconf 83' lang='lat' dir='ltr'>aut.</span> <span class='ocrx_word' id='word_1_159' title='bbox 780 1608 833 1642; x_wconf 88' lang='lat' dir='ltr'>his</span> <span class='ocrx_word' id='word_1_160' title='bbox 866 1608 949 1643; x_wconf 85' lang='lat' dir='ltr'>deti-</span> 
     </span>
     <span class='ocr_line' id='line_1_33' title="bbox 172 1655 901 1700; baseline 0 -10"><span class='ocrx_word' id='word_1_161' title='bbox 172 1655 390 1695; x_wconf 84' lang='lat' dir='ltr'>cientibus,a</span> <span class='ocrx_word' id='word_1_162' title='bbox 417 1655 578 1690; x_wconf 88' lang='lat' dir='ltr'>ministro</span> <span class='ocrx_word' id='word_1_163' title='bbox 604 1655 648 1690; x_wconf 91' lang='lat' dir='ltr'>sit</span> <span class='ocrx_word' id='word_1_164' title='bbox 674 1656 901 1700; x_wconf 87' lang='lat' dir='ltr'>designatus;</span> 
     </span>
    </p>

    <p class='ocr_par' dir='ltr' id='par_1_12' title="bbox 172 1701 950 1938">
     <span class='ocr_line' id='line_1_34' title="bbox 267 1701 948 1749; baseline -0.003 -11"><span class='ocrx_word' id='word_1_165' title='bbox 267 1701 316 1738; x_wconf 78' lang='lat'>5.⁰</span> <span class='ocrx_word' id='word_1_166' title='bbox 347 1702 598 1749; x_wconf 87' lang='lat' dir='ltr'>Baptizandum</span> <span class='ocrx_word' id='word_1_167' title='bbox 627 1702 660 1736; x_wconf 90' lang='lat' dir='ltr'>in</span> <span class='ocrx_word' id='word_1_168' title='bbox 689 1707 767 1738; x_wconf 83' lang='lat' dir='ltr'>actu</span> <span class='ocrx_word' id='word_1_169' title='bbox 785 1702 948 1748; x_wconf 86' lang='lat' dir='ltr'>baptismi</span> 
     </span>
     <span class='ocr_line' id='line_1_35' title="bbox 173 1749 950 1799; baseline 0.001 -15"><span class='ocrx_word' id='word_1_170' title='bbox 173 1760 230 1794; x_wconf 89' lang='lat' dir='ltr'>per</span> <span class='ocrx_word' id='word_1_171' title='bbox 256 1761 291 1785; x_wconf 90' lang='lat' dir='ltr'>se</span> <span class='ocrx_word' id='word_1_172' title='bbox 332 1750 381 1785; x_wconf 75' lang='lat' dir='ltr'>vel</span> <span class='ocrx_word' id='word_1_173' title='bbox 416 1761 478 1799; x_wconf 90' lang='lat' dir='ltr'>per</span> <span class='ocrx_word' id='word_1_174' title='bbox 519 1754 774 1796; x_wconf 88' lang='lat' dir='ltr'>procuratorem</span> <span class='ocrx_word' id='word_1_175' title='bbox 810 1749 950 1796; x_wconf 76' lang='lat' dir='ltr'>physice</span> 
     </span>
     <span class='ocr_line' id='line_1_36' title="bbox 172 1797 948 1842; baseline 0.001 -11"><span class='ocrx_word' id='word_1_176' title='bbox 172 1801 286 1832; x_wconf 90' lang='lat' dir='ltr'>teneat</span> <span class='ocrx_word' id='word_1_177' title='bbox 311 1802 371 1832; x_wconf 91' lang='lat' dir='ltr'>aut</span> <span class='ocrx_word' id='word_1_178' title='bbox 398 1802 517 1842; x_wconf 88' lang='lat' dir='ltr'>tangat</span> <span class='ocrx_word' id='word_1_179' title='bbox 545 1797 595 1833; x_wconf 88' lang='lat' dir='ltr'>vel</span> <span class='ocrx_word' id='word_1_180' title='bbox 623 1797 739 1833; x_wconf 89' lang='lat' dir='ltr'>statim</span> <span class='ocrx_word' id='word_1_181' title='bbox 776 1797 862 1832; x_wconf 89' lang='lat' dir='ltr'>levet</span> <span class='ocrx_word' id='word_1_182' title='bbox 889 1808 948 1832; x_wconf 86' lang='lat' dir='ltr'>seu</span> 
     </span>
     <span class='ocr_line' id='line_1_37' title="bbox 172 1844 948 1890; baseline 0.001 -13"><span class='ocrx_word' id='word_1_183' title='bbox 172 1844 338 1890; x_wconf 76' lang='lat' dir='ltr'>suscipiat</span> <span class='ocrx_word' id='word_1_184' title='bbox 363 1844 405 1880; x_wconf 92' lang='lat' dir='ltr'>de</span> <span class='ocrx_word' id='word_1_185' title='bbox 431 1855 528 1880; x_wconf 86' lang='lat' dir='ltr'>sacro</span> <span class='ocrx_word' id='word_1_186' title='bbox 557 1845 648 1879; x_wconf 84' lang='lat' dir='ltr'>fonte</span> <span class='ocrx_word' id='word_1_187' title='bbox 682 1849 742 1880; x_wconf 89' lang='lat' dir='ltr'>aut</span> <span class='ocrx_word' id='word_1_188' title='bbox 768 1845 810 1879; x_wconf 86' lang='lat' dir='ltr'>de</span> <span class='ocrx_word' id='word_1_189' title='bbox 838 1844 948 1879; x_wconf 83' lang='lat' dir='ltr'>mani-</span> 
     </span>
     <span class='ocr_line' id='line_1_38' title="bbox 173 1892 488 1938; baseline 0.003 -13"><span class='ocrx_word' id='word_1_190' title='bbox 173 1892 236 1926; x_wconf 87' lang='lat' dir='ltr'>bus</span> <span class='ocrx_word' id='word_1_191' title='bbox 264 1892 488 1938; x_wconf 80' lang='lat' dir='ltr'>baptizantis.</span> 
     </span>
    </p>
   </div>
   <div class='ocr_carea' id='block_1_5' title="bbox 1021 282 1834 1936">
    <p class='ocr_par' dir='ltr' id='par_1_13' title="bbox 1025 282 1807 378">
     <span class='ocr_line' id='line_1_39' title="bbox 1071 282 1807 331; baseline 0.001 -11"><span class='ocrx_word' id='word_1_192' title='bbox 1071 283 1155 320; x_wconf 75' lang='lat' dir='ltr'>CAN.</span> <span class='ocrx_word' id='word_1_193' title='bbox 1174 282 1255 320; x_wconf 79' lang='grc'><strong>766.</strong></span> <span class='ocrx_word' id='word_1_194' title='bbox 1276 304 1297 311; x_wconf 90' lang='grc'><strong>-</strong></span> <span class='ocrx_word' id='word_1_195' title='bbox 1331 284 1371 320; x_wconf 88' lang='lat' dir='ltr'>Ut</span> <span class='ocrx_word' id='word_1_196' title='bbox 1392 289 1508 321; x_wconf 87' lang='lat' dir='ltr'>autem</span> <span class='ocrx_word' id='word_1_197' title='bbox 1534 284 1613 330; x_wconf 87' lang='lat' dir='ltr'>quis</span> <span class='ocrx_word' id='word_1_198' title='bbox 1639 284 1731 320; x_wconf 89' lang='lat' dir='ltr'>licite</span> <span class='ocrx_word' id='word_1_199' title='bbox 1750 296 1807 331; x_wconf 87' lang='lat' dir='ltr'>pa·</span> 
     </span>
     <span class='ocr_line' id='line_1_40' title="bbox 1025 331 1562 378; baseline 0.002 -12"><span class='ocrx_word' id='word_1_200' title='bbox 1025 331 1139 366; x_wconf 88' lang='lat' dir='ltr'>trinus</span> <span class='ocrx_word' id='word_1_201' title='bbox 1164 331 1382 373; x_wconf 69' lang='lat' dir='ltr'>admittatur,</span> <span class='ocrx_word' id='word_1_202' title='bbox 1411 335 1562 378; x_wconf 83' lang='lat' dir='ltr'>oportet.</span> 
     </span>
    </p>

    <p class='ocr_par' dir='ltr' id='par_1_14' title="bbox 1026 378 1807 518">
     <span class='ocr_line' id='line_1_41' title="bbox 1125 378 1806 425; baseline 0.003 -13"><span class='ocrx_word' id='word_1_203' title='bbox 1125 378 1169 412; x_wconf 91' lang='lat' dir='ltr'>i.0</span> <span class='ocrx_word' id='word_1_204' title='bbox 1197 378 1376 414; x_wconf 89' lang='lat' dir='ltr'>Decimum</span> <span class='ocrx_word' id='word_1_205' title='bbox 1395 384 1557 425; x_wconf 84' lang='lat' dir='ltr'>quartum</span> <span class='ocrx_word' id='word_1_206' title='bbox 1579 390 1663 416; x_wconf 89' lang='lat' dir='ltr'>suae</span> <span class='ocrx_word' id='word_1_207' title='bbox 1681 379 1806 415; x_wconf 87' lang='lat' dir='ltr'>aetatis</span> 
     </span>
     <span class='ocr_line' id='line_1_42' title="bbox 1026 426 1807 470; baseline 0.003 -10"><span class='ocrx_word' id='word_1_208' title='bbox 1026 436 1160 460; x_wconf 88' lang='lat' dir='ltr'>aunum</span> <span class='ocrx_word' id='word_1_209' title='bbox 1200 426 1365 470; x_wconf 85' lang='lat' dir='ltr'>attigerit.</span> <span class='ocrx_word' id='word_1_210' title='bbox 1394 426 1460 460; x_wconf 92' lang='lat' dir='ltr'>nisi</span> <span class='ocrx_word' id='word_1_211' title='bbox 1500 427 1595 462; x_wconf 90' lang='lat' dir='ltr'>aliud</span> <span class='ocrx_word' id='word_1_212' title='bbox 1635 426 1726 462; x_wconf 87' lang='lat' dir='ltr'>iusta</span> <span class='ocrx_word' id='word_1_213' title='bbox 1764 427 1807 463; x_wconf 89' lang='lat' dir='ltr'>de</span> 
     </span>
     <span class='ocr_line' id='line_1_43' title="bbox 1027 472 1526 518; baseline 0.002 -11"><span class='ocrx_word' id='word_1_214' title='bbox 1027 483 1132 507; x_wconf 81' lang='lat' dir='ltr'>eausa</span> <span class='ocrx_word' id='word_1_215' title='bbox 1161 472 1321 508; x_wconf 87' lang='lat' dir='ltr'>ministro</span> <span class='ocrx_word' id='word_1_216' title='bbox 1349 473 1526 518; x_wconf 80' lang='lat' dir='ltr'>videatur;</span> 
     </span>
    </p>

    <p class='ocr_par' dir='ltr' id='par_1_15' title="bbox 1025 518 1806 844">
     <span class='ocr_line' id='line_1_44' title="bbox 1121 518 1804 566; baseline 0.003 -13"><span class='ocrx_word' id='word_1_217' title='bbox 1121 520 1175 553; x_wconf 60' lang='lat' dir='ltr'>‘LO</span> <span class='ocrx_word' id='word_1_218' title='bbox 1194 518 1267 555; x_wconf 90' lang='lat' dir='ltr'>Non</span> <span class='ocrx_word' id='word_1_219' title='bbox 1295 520 1339 554; x_wconf 90' lang='lat' dir='ltr'>sit</span> <span class='ocrx_word' id='word_1_220' title='bbox 1368 525 1505 566; x_wconf 90' lang='lat' dir='ltr'>propter</span> <span class='ocrx_word' id='word_1_221' title='bbox 1524 521 1698 557; x_wconf 90' lang='lat' dir='ltr'>notorium</span> <span class='ocrx_word' id='word_1_222' title='bbox 1726 520 1804 555; x_wconf 89' lang='lat' dir='ltr'>deli·</span> 
     </span>
     <span class='ocr_line' id='line_1_45' title="bbox 1026 567 1806 603; baseline 0.001 -1"><span class='ocrx_word' id='word_1_223' title='bbox 1026 572 1117 602; x_wconf 88' lang='lat' dir='ltr'>ctum</span> <span class='ocrx_word' id='word_1_224' title='bbox 1146 568 1469 602; x_wconf 85' lang='lat' dir='ltr'>excommunicatus</span> <span class='ocrx_word' id='word_1_225' title='bbox 1497 567 1550 603; x_wconf 90' lang='lat' dir='ltr'>vel</span> <span class='ocrx_word' id='word_1_226' title='bbox 1575 568 1735 603; x_wconf 81' lang='lat' dir='ltr'>exclusus</span> <span class='ocrx_word' id='word_1_227' title='bbox 1761 568 1806 603; x_wconf 89' lang='lat' dir='ltr'>ab</span> 
     </span>
     <span class='ocr_line' id='line_1_46' title="bbox 1025 614 1806 659; baseline 0.003 -11"><span class='ocrx_word' id='word_1_228' title='bbox 1025 614 1161 649; x_wconf 88' lang='lat' dir='ltr'>actibus</span> <span class='ocrx_word' id='word_1_229' title='bbox 1189 614 1354 659; x_wconf 86' lang='lat' dir='ltr'>legitimis</span> <span class='ocrx_word' id='word_1_230' title='bbox 1393 614 1444 650; x_wconf 90' lang='lat' dir='ltr'>vel</span> <span class='ocrx_word' id='word_1_231' title='bbox 1483 614 1626 650; x_wconf 81' lang='lat' dir='ltr'>infamis</span> <span class='ocrx_word' id='word_1_232' title='bbox 1658 614 1806 650; x_wconf 84' lang='lat' dir='ltr'>infamia</span> 
     </span>
     <span class='ocr_line' id='line_1_47' title="bbox 1027 661 1803 707; baseline 0.003 -11"><span class='ocrx_word' id='word_1_233' title='bbox 1027 661 1123 702; x_wconf 78' lang='lat' dir='ltr'>iuris,</span> <span class='ocrx_word' id='word_1_234' title='bbox 1150 663 1235 707; x_wconf 86' lang='lat' dir='ltr'>quin</span> <span class='ocrx_word' id='word_1_235' title='bbox 1263 666 1380 697; x_wconf 89' lang='lat' dir='ltr'>tamen</span> <span class='ocrx_word' id='word_1_236' title='bbox 1408 661 1583 698; x_wconf 82' lang='lat' dir='ltr'>sententia</span> <span class='ocrx_word' id='word_1_237' title='bbox 1602 662 1803 698; x_wconf 85' lang='lat' dir='ltr'>intercesse-</span> 
     </span>
     <span class='ocr_line' id='line_1_48' title="bbox 1026 708 1805 755; baseline 0.001 -12"><span class='ocrx_word' id='word_1_238' title='bbox 1026 709 1083 749; x_wconf 88' lang='lat' dir='ltr'>rit,</span> <span class='ocrx_word' id='word_1_239' title='bbox 1114 719 1176 744; x_wconf 85' lang='lat' dir='ltr'>nec</span> <span class='ocrx_word' id='word_1_240' title='bbox 1202 709 1246 743; x_wconf 89' lang='lat' dir='ltr'>sit</span> <span class='ocrx_word' id='word_1_241' title='bbox 1275 708 1483 744; x_wconf 88' lang='lat' dir='ltr'>interdictus</span> <span class='ocrx_word' id='word_1_242' title='bbox 1520 713 1580 744; x_wconf 90' lang='lat' dir='ltr'>aut</span> <span class='ocrx_word' id='word_1_243' title='bbox 1617 709 1704 745; x_wconf 90' lang='lat' dir='ltr'>alias</span> <span class='ocrx_word' id='word_1_244' title='bbox 1745 720 1805 755; x_wconf 91' lang='lat' dir='ltr'>pu-</span> 
     </span>
     <span class='ocr_line' id='line_1_49' title="bbox 1027 756 1806 792; baseline 0.001 -1"><span class='ocrx_word' id='word_1_245' title='bbox 1027 756 1114 791; x_wconf 87' lang='lat' dir='ltr'>blice</span> <span class='ocrx_word' id='word_1_246' title='bbox 1140 756 1351 791; x_wconf 87' lang='lat' dir='ltr'>criminosus</span> <span class='ocrx_word' id='word_1_247' title='bbox 1389 756 1441 791; x_wconf 85' lang='lat' dir='ltr'>vel</span> <span class='ocrx_word' id='word_1_248' title='bbox 1480 756 1623 792; x_wconf 80' lang='lat' dir='ltr'>infamis</span> <span class='ocrx_word' id='word_1_249' title='bbox 1659 756 1806 792; x_wconf 85' lang='lat' dir='ltr'>infamia</span> 
     </span>
     <span class='ocr_line' id='line_1_50' title="bbox 1028 803 1129 844; baseline 0 -6"><span class='ocrx_word' id='word_1_250' title='bbox 1028 803 1104 838; x_wconf 80' lang='lat' dir='ltr'>iacti</span> <span class='ocrx_word' id='word_1_251' title='bbox 1122 816 1129 844; x_wconf 82' lang='lat'><em>;</em></span> 
     </span>
    </p>

    <p class='ocr_par' dir='ltr' id='par_1_16' title="bbox 1119 849 1698 893">
     <span class='ocr_line' id='line_1_51' title="bbox 1119 849 1698 893; baseline 0.003 -11"><span class='ocrx_word' id='word_1_252' title='bbox 1119 851 1171 883; x_wconf 74' lang='lat'>3.0</span> <span class='ocrx_word' id='word_1_253' title='bbox 1200 849 1289 885; x_wconf 80' lang='lat' dir='ltr'>Fidei</span> <span class='ocrx_word' id='word_1_254' title='bbox 1318 850 1517 885; x_wconf 88' lang='lat' dir='ltr'>rudimenta</span> <span class='ocrx_word' id='word_1_255' title='bbox 1545 850 1698 893; x_wconf 87' lang='lat' dir='ltr'>noverit;</span> 
     </span>
    </p>

    <p class='ocr_par' dir='ltr' id='par_1_17' title="bbox 1024 896 1805 1079">
     <span class='ocr_line' id='line_1_52' title="bbox 1120 896 1805 942; baseline -0.001 -10"><span class='ocrx_word' id='word_1_256' title='bbox 1120 896 1173 932; x_wconf 80' lang='lat'>4.0</span> <span class='ocrx_word' id='word_1_257' title='bbox 1201 897 1235 932; x_wconf 93' lang='lat' dir='ltr'>ln</span> <span class='ocrx_word' id='word_1_258' title='bbox 1267 897 1358 933; x_wconf 87' lang='lat' dir='ltr'>nulla</span> <span class='ocrx_word' id='word_1_259' title='bbox 1386 897 1554 942; x_wconf 86' lang='lat' dir='ltr'>religione</span> <span class='ocrx_word' id='word_1_260' title='bbox 1580 897 1624 933; x_wconf 89' lang='lat' dir='ltr'>sit</span> <span class='ocrx_word' id='word_1_261' title='bbox 1651 897 1805 933; x_wconf 88' lang='lat' dir='ltr'>novitius</span> 
     </span>
     <span class='ocr_line' id='line_1_53' title="bbox 1026 944 1805 991; baseline 0.001 -12"><span class='ocrx_word' id='word_1_262' title='bbox 1026 944 1075 980; x_wconf 78' lang='lat' dir='ltr'>vel</span> <span class='ocrx_word' id='word_1_263' title='bbox 1106 945 1290 991; x_wconf 81' lang='lat' dir='ltr'>professus,</span> <span class='ocrx_word' id='word_1_264' title='bbox 1318 945 1384 979; x_wconf 88' lang='lat' dir='ltr'>nisi</span> <span class='ocrx_word' id='word_1_265' title='bbox 1412 944 1600 980; x_wconf 83' lang='lat' dir='ltr'>necessitas</span> <span class='ocrx_word' id='word_1_266' title='bbox 1628 949 1746 990; x_wconf 86' lang='lat' dir='ltr'>urgeat</span> <span class='ocrx_word' id='word_1_267' title='bbox 1771 949 1805 980; x_wconf 84' lang='lat' dir='ltr'>et</span> 
     </span>
     <span class='ocr_line' id='line_1_54' title="bbox 1024 991 1803 1038; baseline 0 -12"><span class='ocrx_word' id='word_1_268' title='bbox 1024 1003 1186 1037; x_wconf 75' lang='lat' dir='ltr'>expressa</span> <span class='ocrx_word' id='word_1_269' title='bbox 1212 992 1381 1027; x_wconf 88' lang='lat' dir='ltr'>habeatur</span> <span class='ocrx_word' id='word_1_270' title='bbox 1409 992 1509 1027; x_wconf 81' lang='lat' dir='ltr'>venia</span> <span class='ocrx_word' id='word_1_271' title='bbox 1528 991 1723 1038; x_wconf 86' lang='lat' dir='ltr'>Superioris</span> <span class='ocrx_word' id='word_1_272' title='bbox 1741 991 1803 1027; x_wconf 87' lang='lat' dir='ltr'>sal·</span> 
     </span>
     <span class='ocr_line' id='line_1_55' title="bbox 1025 1038 1591 1079; baseline -0.004 -6"><span class='ocrx_word' id='word_1_273' title='bbox 1025 1043 1093 1074; x_wconf 89' lang='lat' dir='ltr'>tem</span> <span class='ocrx_word' id='word_1_274' title='bbox 1122 1038 1261 1079; x_wconf 86' lang='lat' dir='ltr'>localis;</span> <span class='ocrx_word' id='word_1_275' title='bbox 1586 1043 1591 1045; x_wconf 69' lang='grc'>’</span> 
     </span>
    </p>

    <p class='ocr_par' dir='ltr' id='par_1_18' title="bbox 1023 1085 1806 1227">
     <span class='ocr_line' id='line_1_56' title="bbox 1119 1085 1806 1121; baseline -0.001 0"><span class='ocrx_word' id='word_1_276' title='bbox 1119 1085 1167 1121; x_wconf 69' lang='lat'>50</span> <span class='ocrx_word' id='word_1_277' title='bbox 1193 1086 1230 1121; x_wconf 91' lang='lat' dir='ltr'>ln</span> <span class='ocrx_word' id='word_1_278' title='bbox 1274 1086 1381 1121; x_wconf 87' lang='lat' dir='ltr'>sacris</span> <span class='ocrx_word' id='word_1_279' title='bbox 1424 1086 1607 1121; x_wconf 86' lang='lat' dir='ltr'>ordinibus</span> <span class='ocrx_word' id='word_1_280' title='bbox 1648 1098 1715 1121; x_wconf 89' lang='lat' dir='ltr'>non</span> <span class='ocrx_word' id='word_1_281' title='bbox 1759 1086 1806 1120; x_wconf 89' lang='lat' dir='ltr'>sit</span> 
     </span>
     <span class='ocr_line' id='line_1_57' title="bbox 1023 1132 1804 1179; baseline -0.001 -11"><span class='ocrx_word' id='word_1_282' title='bbox 1023 1134 1246 1173; x_wconf 66' lang='lat' dir='ltr'>constitutus,</span> <span class='ocrx_word' id='word_1_283' title='bbox 1269 1133 1334 1168; x_wconf 89' lang='lat' dir='ltr'>nisi</span> <span class='ocrx_word' id='word_1_284' title='bbox 1362 1133 1503 1169; x_wconf 84' lang='lat' dir='ltr'>accedat</span> <span class='ocrx_word' id='word_1_285' title='bbox 1521 1144 1680 1179; x_wconf 86' lang='lat' dir='ltr'>expressa</span> <span class='ocrx_word' id='word_1_286' title='bbox 1702 1132 1804 1168; x_wconf 86' lang='lat' dir='ltr'>Ordi—</span> 
     </span>
     <span class='ocr_line' id='line_1_58' title="bbox 1024 1180 1458 1227; baseline 0 -12"><span class='ocrx_word' id='word_1_287' title='bbox 1024 1181 1113 1216; x_wconf 89' lang='lat' dir='ltr'>narii</span> <span class='ocrx_word' id='word_1_288' title='bbox 1144 1180 1271 1227; x_wconf 90' lang='lat' dir='ltr'>proprii</span> <span class='ocrx_word' id='word_1_289' title='bbox 1305 1180 1458 1216; x_wconf 89' lang='lat' dir='ltr'>licentia.</span> 
     </span>
    </p>

    <p class='ocr_par' dir='ltr' id='par_1_19' title="bbox 1022 1227 1834 1416">
     <span class='ocr_line' id='line_1_59' title="bbox 1072 1227 1804 1273; baseline -0.001 -10"><span class='ocrx_word' id='word_1_290' title='bbox 1072 1228 1155 1263; x_wconf 64' lang='lat' dir='ltr'>cm.</span> <span class='ocrx_word' id='word_1_291' title='bbox 1187 1227 1268 1263; x_wconf 80' lang='lat'>767.</span> <span class='ocrx_word' id='word_1_292' title='bbox 1305 1247 1320 1254; x_wconf 95' lang='lat'>—</span> <span class='ocrx_word' id='word_1_293' title='bbox 1356 1227 1393 1262; x_wconf 90' lang='lat' dir='ltr'>ln</span> <span class='ocrx_word' id='word_1_294' title='bbox 1432 1227 1538 1263; x_wconf 88' lang='lat' dir='ltr'>dubio</span> <span class='ocrx_word' id='word_1_295' title='bbox 1577 1232 1693 1263; x_wconf 88' lang='lat' dir='ltr'>utrum</span> <span class='ocrx_word' id='word_1_296' title='bbox 1725 1227 1804 1273; x_wconf 81' lang='lat' dir='ltr'>quis</span> 
     </span>
     <span class='ocr_line' id='line_1_60' title="bbox 1025 1274 1801 1321; baseline 0.003 -14"><span class='ocrx_word' id='word_1_297' title='bbox 1025 1275 1137 1311; x_wconf 82' lang='lat' dir='ltr'>valide</span> <span class='ocrx_word' id='word_1_298' title='bbox 1165 1277 1214 1312; x_wconf 93' lang='lat' dir='ltr'>vel</span> <span class='ocrx_word' id='word_1_299' title='bbox 1245 1275 1336 1311; x_wconf 87' lang='lat' dir='ltr'>licite</span> <span class='ocrx_word' id='word_1_300' title='bbox 1361 1274 1497 1310; x_wconf 89' lang='lat' dir='ltr'>admitti</span> <span class='ocrx_word' id='word_1_301' title='bbox 1529 1275 1648 1321; x_wconf 87' lang='lat' dir='ltr'>possit,</span> <span class='ocrx_word' id='word_1_302' title='bbox 1677 1285 1801 1316; x_wconf 83' lang='lat' dir='ltr'>necne,</span> 
     </span>
     <span class='ocr_line' id='line_1_61' title="bbox 1022 1323 1833 1369; baseline 0 -13"><span class='ocrx_word' id='word_1_303' title='bbox 1022 1323 1064 1357; x_wconf 90' lang='lat' dir='ltr'>ad</span> <span class='ocrx_word' id='word_1_304' title='bbox 1096 1324 1221 1369; x_wconf 87' lang='lat' dir='ltr'>patrini</span> <span class='ocrx_word' id='word_1_305' title='bbox 1251 1334 1392 1364; x_wconf 90' lang='lat' dir='ltr'>munus,</span> <span class='ocrx_word' id='word_1_306' title='bbox 1417 1323 1598 1368; x_wconf 67' lang='lat' dir='ltr'>parochus,</span> <span class='ocrx_word' id='word_1_307' title='bbox 1618 1323 1643 1356; x_wconf 88' lang='lat' dir='ltr'>si</span> <span class='ocrx_word' id='word_1_308' title='bbox 1666 1327 1804 1368; x_wconf 87' lang='lat' dir='ltr'>tempus</span> <span class='ocrx_word' id='word_1_309' title='bbox 1830 1363 1833 1365; x_wconf 77' lang='lat'>.</span> 
     </span>
     <span class='ocr_line' id='line_1_62' title="bbox 1023 1368 1834 1416; baseline -0.002 -11"><span class='ocrx_word' id='word_1_310' title='bbox 1023 1375 1197 1416; x_wconf 72' lang='lat' dir='ltr'>suppetat,</span> <span class='ocrx_word' id='word_1_311' title='bbox 1226 1370 1384 1407; x_wconf 86' lang='lat' dir='ltr'>consulat</span> <span class='ocrx_word' id='word_1_312' title='bbox 1415 1368 1658 1406; x_wconf 85' lang='lat' dir='ltr'>Ordinarium.</span> <span class='ocrx_word' id='word_1_313' title='bbox 1830 1376 1834 1378; x_wconf 89' lang='grc'><strong><em>·</em></strong></span> 
     </span>
    </p>

    <p class='ocr_par' dir='ltr' id='par_1_20' title="bbox 1022 1416 1801 1558">
     <span class='ocr_line' id='line_1_63' title="bbox 1072 1416 1800 1463; baseline -0.003 -10"><span class='ocrx_word' id='word_1_314' title='bbox 1072 1416 1156 1453; x_wconf 50' lang='lat' dir='ltr'>Cas.</span> <span class='ocrx_word' id='word_1_315' title='bbox 1183 1417 1263 1453; x_wconf 79' lang='lat'>768.</span> <span class='ocrx_word' id='word_1_316' title='bbox 1285 1437 1300 1443; x_wconf 96' lang='lat'><em>-</em></span> <span class='ocrx_word' id='word_1_317' title='bbox 1327 1416 1372 1452; x_wconf 87' lang='lat' dir='ltr'>Ex</span> <span class='ocrx_word' id='word_1_318' title='bbox 1392 1416 1564 1463; x_wconf 90' lang='lat' dir='ltr'>baptismo</span> <span class='ocrx_word' id='word_1_319' title='bbox 1583 1416 1800 1463; x_wconf 88' lang='lat' dir='ltr'>spiritualem</span> 
     </span>
     <span class='ocr_line' id='line_1_64' title="bbox 1022 1464 1801 1510; baseline -0.003 -10"><span class='ocrx_word' id='word_1_320' title='bbox 1022 1465 1265 1510; x_wconf 80' lang='lat' dir='ltr'>cognationem</span> <span class='ocrx_word' id='word_1_321' title='bbox 1293 1464 1507 1500; x_wconf 86' lang='lat' dir='ltr'>contrahunt</span> <span class='ocrx_word' id='word_1_322' title='bbox 1545 1468 1682 1499; x_wconf 89' lang='lat' dir='ltr'>tantum</span> <span class='ocrx_word' id='word_1_323' title='bbox 1722 1474 1801 1499; x_wconf 89' lang='lat' dir='ltr'>cum</span> 
     </span>
     <span class='ocr_line' id='line_1_65' title="bbox 1024 1511 1664 1558; baseline -0.003 -11"><span class='ocrx_word' id='word_1_324' title='bbox 1024 1512 1196 1558; x_wconf 88' lang='lat' dir='ltr'>baptizato</span> <span class='ocrx_word' id='word_1_325' title='bbox 1224 1512 1405 1558; x_wconf 87' lang='lat' dir='ltr'>baptizans</span> <span class='ocrx_word' id='word_1_326' title='bbox 1431 1516 1464 1547; x_wconf 87' lang='lat' dir='ltr'>et</span> <span class='ocrx_word' id='word_1_327' title='bbox 1493 1511 1664 1557; x_wconf 85' lang='lat' dir='ltr'>patrinus.</span> 
     </span>
    </p>

    <p class='ocr_par' dir='ltr' id='par_1_21' title="bbox 1021 1558 1803 1936">
     <span class='ocr_line' id='line_1_66' title="bbox 1073 1558 1803 1599; baseline -0.005 -3"><span class='ocrx_word' id='word_1_328' title='bbox 1073 1559 1156 1596; x_wconf 59' lang='lat' dir='ltr'>CAN.</span> <span class='ocrx_word' id='word_1_329' title='bbox 1188 1559 1268 1595; x_wconf 80' lang='grc'><strong>769.</strong></span> <span class='ocrx_word' id='word_1_330' title='bbox 1293 1581 1309 1585; x_wconf 92' lang='grc'>-</span> <span class='ocrx_word' id='word_1_331' title='bbox 1340 1558 1559 1594; x_wconf 87' lang='lat' dir='ltr'>Patrinorum</span> <span class='ocrx_word' id='word_1_332' title='bbox 1587 1563 1650 1599; x_wconf 89' lang='lat' dir='ltr'>est,</span> <span class='ocrx_word' id='word_1_333' title='bbox 1679 1569 1717 1593; x_wconf 81' lang='lat' dir='ltr'>ex</span> <span class='ocrx_word' id='word_1_334' title='bbox 1745 1569 1803 1592; x_wconf 85' lang='lat' dir='ltr'>su·</span> 
     </span>
     <span class='ocr_line' id='line_1_67' title="bbox 1023 1605 1801 1654; baseline -0.003 -12"><span class='ocrx_word' id='word_1_335' title='bbox 1023 1612 1141 1654; x_wconf 86' lang='lat' dir='ltr'>scepto</span> <span class='ocrx_word' id='word_1_336' title='bbox 1168 1617 1327 1647; x_wconf 76' lang='lat' dir='ltr'>munere,</span> <span class='ocrx_word' id='word_1_337' title='bbox 1350 1605 1566 1652; x_wconf 88' lang='lat' dir='ltr'>spiritualem</span> <span class='ocrx_word' id='word_1_338' title='bbox 1597 1606 1705 1641; x_wconf 84' lang='lat' dir='ltr'>tilium</span> <span class='ocrx_word' id='word_1_339' title='bbox 1727 1615 1801 1651; x_wconf 89' lang='lat' dir='ltr'>per-</span> 
     </span>
     <span class='ocr_line' id='line_1_68' title="bbox 1026 1653 1802 1700; baseline -0.004 -10"><span class='ocrx_word' id='word_1_340' title='bbox 1026 1659 1126 1700; x_wconf 86' lang='lat' dir='ltr'>petuo</span> <span class='ocrx_word' id='word_1_341' title='bbox 1152 1655 1216 1690; x_wconf 88' lang='lat' dir='ltr'>sibi</span> <span class='ocrx_word' id='word_1_342' title='bbox 1244 1654 1530 1690; x_wconf 88' lang='lat' dir='ltr'>commendatum</span> <span class='ocrx_word' id='word_1_343' title='bbox 1554 1653 1681 1688; x_wconf 88' lang='lat' dir='ltr'>habere</span> <span class='ocrx_word' id='word_1_344' title='bbox 1699 1657 1802 1698; x_wconf 87' lang='lat' dir='ltr'>atque</span> 
     </span>
     <span class='ocr_line' id='line_1_69' title="bbox 1024 1700 1801 1748; baseline -0.003 -13"><span class='ocrx_word' id='word_1_345' title='bbox 1024 1702 1058 1736; x_wconf 90' lang='lat' dir='ltr'>in</span> <span class='ocrx_word' id='word_1_346' title='bbox 1087 1702 1129 1736; x_wconf 89' lang='lat' dir='ltr'>iis</span> <span class='ocrx_word' id='word_1_347' title='bbox 1155 1713 1244 1748; x_wconf 86' lang='lat' dir='ltr'>quae</span> <span class='ocrx_word' id='word_1_348' title='bbox 1269 1702 1311 1737; x_wconf 91' lang='lat' dir='ltr'>ad</span> <span class='ocrx_word' id='word_1_349' title='bbox 1339 1700 1552 1736; x_wconf 85' lang='lat' dir='ltr'>christianae</span> <span class='ocrx_word' id='word_1_350' title='bbox 1586 1700 1674 1736; x_wconf 89' lang='lat' dir='ltr'>vitae</span> <span class='ocrx_word' id='word_1_351' title='bbox 1701 1700 1801 1734; x_wconf 91' lang='lat' dir='ltr'>insti-</span> 
     </span>
     <span class='ocr_line' id='line_1_70' title="bbox 1023 1747 1802 1795; baseline -0.003 -12"><span class='ocrx_word' id='word_1_352' title='bbox 1023 1750 1191 1784; x_wconf 86' lang='lat' dir='ltr'>tutionem</span> <span class='ocrx_word' id='word_1_353' title='bbox 1219 1752 1387 1795; x_wconf 81' lang='lat' dir='ltr'>spectant,</span> <span class='ocrx_word' id='word_1_354' title='bbox 1407 1758 1528 1783; x_wconf 89' lang='lat' dir='ltr'>curare</span> <span class='ocrx_word' id='word_1_355' title='bbox 1553 1747 1739 1792; x_wconf 86' lang='lat' dir='ltr'>diligenter</span> <span class='ocrx_word' id='word_1_356' title='bbox 1766 1751 1802 1782; x_wconf 86' lang='lat' dir='ltr'>ut</span> 
     </span>
     <span class='ocr_line' id='line_1_71' title="bbox 1023 1794 1798 1841; baseline -0.003 -11"><span class='ocrx_word' id='word_1_357' title='bbox 1023 1795 1079 1832; x_wconf 84' lang='lat' dir='ltr'>ille</span> <span class='ocrx_word' id='word_1_358' title='bbox 1113 1798 1217 1832; x_wconf 88' lang='lat' dir='ltr'>talem</span> <span class='ocrx_word' id='word_1_359' title='bbox 1258 1796 1293 1830; x_wconf 91' lang='lat' dir='ltr'>in</span> <span class='ocrx_word' id='word_1_360' title='bbox 1333 1800 1402 1830; x_wconf 91' lang='lat' dir='ltr'>tota</span> <span class='ocrx_word' id='word_1_361' title='bbox 1442 1795 1511 1830; x_wconf 90' lang='lat' dir='ltr'>vita</span> <span class='ocrx_word' id='word_1_362' title='bbox 1548 1805 1584 1830; x_wconf 89' lang='lat' dir='ltr'>se</span> <span class='ocrx_word' id='word_1_363' title='bbox 1625 1794 1798 1841; x_wconf 80' lang='lat' dir='ltr'>praebeat,</span> 
     </span>
     <span class='ocr_line' id='line_1_72' title="bbox 1021 1841 1802 1889; baseline -0.001 -11"><span class='ocrx_word' id='word_1_364' title='bbox 1021 1844 1161 1889; x_wconf 80' lang='lat' dir='ltr'>qualem</span> <span class='ocrx_word' id='word_1_365' title='bbox 1191 1844 1344 1878; x_wconf 81' lang='lat' dir='ltr'>futurum</span> <span class='ocrx_word' id='word_1_366' title='bbox 1384 1853 1458 1878; x_wconf 91' lang='lat' dir='ltr'>esse</span> <span class='ocrx_word' id='word_1_367' title='bbox 1495 1841 1655 1877; x_wconf 87' lang='lat' dir='ltr'>sollemni</span> <span class='ocrx_word' id='word_1_368' title='bbox 1688 1852 1802 1877; x_wconf 79' lang='lat' dir='ltr'>caere·</span> 
     </span>
     <span class='ocr_line' id='line_1_73' title="bbox 1024 1890 1441 1936; baseline -0.005 -11"><span class='ocrx_word' id='word_1_369' title='bbox 1024 1891 1141 1926; x_wconf 87' lang='lat' dir='ltr'>monia</span> <span class='ocrx_word' id='word_1_370' title='bbox 1168 1890 1441 1936; x_wconf 86' lang='lat' dir='ltr'>spoponderunt.</span> 
     </span>
    </p>
   </div>
   <div class='ocr_carea' id='block_1_6' title="bbox 170 1984 1799 2959">
    <p class='ocr_par' dir='ltr' id='par_1_22' title="bbox 171 1984 1799 2396">
     <span class='ocr_line' id='line_1_74' title="bbox 291 1984 1799 2044; baseline -0.001 -16"><span class='ocrx_word' id='word_1_371' title='bbox 291 1986 357 2030; x_wconf 77' lang='lat'>48.</span> <span class='ocrx_word' id='word_1_372' title='bbox 392 1988 647 2044; x_wconf 83' lang='lat' dir='ltr'>Inscriptio</span> <span class='ocrx_word' id='word_1_373' title='bbox 682 2001 788 2044; x_wconf 86' lang='lat' dir='ltr'>cap.</span> <span class='ocrx_word' id='word_1_374' title='bbox 824 1987 900 2032; x_wconf 92' lang='lat' dir='ltr'>1V.</span> <span class='ocrx_word' id='word_1_375' title='bbox 934 2011 959 2015; x_wconf 86' lang='lat'><em>—</em></span> <span class='ocrx_word' id='word_1_376' title='bbox 992 1984 1043 2029; x_wconf 92' lang='lat' dir='ltr'>Ut</span> <span class='ocrx_word' id='word_1_377' title='bbox 1076 1985 1426 2041; x_wconf 80' lang='lat' dir='ltr'>complementum</span> <span class='ocrx_word' id='word_1_378' title='bbox 1460 1985 1607 2040; x_wconf 88' lang='lat' dir='ltr'>capitis</span> <span class='ocrx_word' id='word_1_379' title='bbox 1632 1995 1799 2040; x_wconf 86' lang='lat' dir='ltr'>praece-</span> 
     </span>
     <span class='ocr_line' id='line_1_75' title="bbox 172 2053 1798 2115; baseline -0.002 -16"><span class='ocrx_word' id='word_1_380' title='bbox 172 2057 305 2099; x_wconf 88' lang='lat' dir='ltr'>dentis</span> <span class='ocrx_word' id='word_1_381' title='bbox 343 2056 485 2101; x_wconf 89' lang='lat' dir='ltr'>haberi</span> <span class='ocrx_word' id='word_1_382' title='bbox 534 2062 665 2114; x_wconf 88' lang='lat' dir='ltr'>potest</span> <span class='ocrx_word' id='word_1_383' title='bbox 702 2056 836 2115; x_wconf 77' lang='lat' dir='ltr'>Caput</span> <span class='ocrx_word' id='word_1_384' title='bbox 872 2055 940 2099; x_wconf 82' lang='lat' dir='ltr'>IV.</span> <span class='ocrx_word' id='word_1_385' title='bbox 980 2055 1036 2099; x_wconf 82' lang='lat' dir='ltr'>De</span> <span class='ocrx_word' id='word_1_386' title='bbox 1065 2055 1267 2113; x_wconf 72' lang='lat' dir='ltr'>patrinis,</span> <span class='ocrx_word' id='word_1_387' title='bbox 1301 2054 1482 2099; x_wconf 86' lang='lat' dir='ltr'>scilicet:</span> <span class='ocrx_word' id='word_1_388' title='bbox 1529 2054 1580 2098; x_wconf 87' lang='lat' dir='ltr'>de</span> <span class='ocrx_word' id='word_1_389' title='bbox 1625 2053 1687 2097; x_wconf 90' lang='lat' dir='ltr'>his</span> <span class='ocrx_word' id='word_1_390' title='bbox 1730 2056 1798 2111; x_wconf 81' lang='lat' dir='ltr'>qui</span> 
     </span>
     <span class='ocr_line' id='line_1_76' title="bbox 171 2124 1799 2184; baseline -0.001 -15"><span class='ocrx_word' id='word_1_391' title='bbox 171 2127 363 2183; x_wconf 86' lang='lat' dir='ltr'>supplent</span> <span class='ocrx_word' id='word_1_392' title='bbox 397 2127 624 2171; x_wconf 79' lang='lat' dir='ltr'>naturalem</span> <span class='ocrx_word' id='word_1_393' title='bbox 663 2129 945 2184; x_wconf 86' lang='lat' dir='ltr'>impotentiam</span> <span class='ocrx_word' id='word_1_394' title='bbox 994 2126 1223 2182; x_wconf 85' lang='lat' dir='ltr'>baptizandi</span> <span class='ocrx_word' id='word_1_395' title='bbox 1258 2125 1307 2169; x_wconf 91' lang='lat' dir='ltr'>ad</span> <span class='ocrx_word' id='word_1_396' title='bbox 1345 2124 1617 2182; x_wconf 76' lang='lat' dir='ltr'>profitendam</span> <span class='ocrx_word' id='word_1_397' title='bbox 1660 2124 1799 2179; x_wconf 73' lang='lat' dir='ltr'>fidem,</span> 
     </span>
     <span class='ocr_line' id='line_1_77' title="bbox 172 2195 1799 2256; baseline -0.001 -16"><span class='ocrx_word' id='word_1_398' title='bbox 172 2198 221 2241; x_wconf 88' lang='lat' dir='ltr'>ad</span> <span class='ocrx_word' id='word_1_399' title='bbox 254 2197 634 2242; x_wconf 79' lang='lat' dir='ltr'>abrenuntiationes</span> <span class='ocrx_word' id='word_1_400' title='bbox 670 2200 889 2256; x_wconf 76' lang='lat' dir='ltr'>requisitas</span> <span class='ocrx_word' id='word_1_401' title='bbox 934 2202 973 2241; x_wconf 91' lang='lat' dir='ltr'>et</span> <span class='ocrx_word' id='word_1_402' title='bbox 1016 2197 1065 2240; x_wconf 89' lang='lat' dir='ltr'>ad</span> <span class='ocrx_word' id='word_1_403' title='bbox 1112 2196 1335 2253; x_wconf 87' lang='lat' dir='ltr'>petendum</span> <span class='ocrx_word' id='word_1_404' title='bbox 1377 2195 1642 2252; x_wconf 86' lang='lat' dir='ltr'>baptismum,</span> <span class='ocrx_word' id='word_1_405' title='bbox 1675 2199 1799 2252; x_wconf 85' lang='lat' dir='ltr'>atque</span> 
     </span>
     <span class='ocr_line' id='line_1_78' title="bbox 171 2266 1797 2326; baseline -0.001 -16"><span class='ocrx_word' id='word_1_406' title='bbox 171 2282 388 2324; x_wconf 86' lang='lat' dir='ltr'>sponsores</span> <span class='ocrx_word' id='word_1_407' title='bbox 422 2270 523 2312; x_wconf 87' lang='lat' dir='ltr'>liunt</span> <span class='ocrx_word' id='word_1_408' title='bbox 556 2269 663 2326; x_wconf 89' lang='lat' dir='ltr'>apud</span> <span class='ocrx_word' id='word_1_409' title='bbox 704 2269 830 2312; x_wconf 86' lang='lat' dir='ltr'>Deum</span> <span class='ocrx_word' id='word_1_410' title='bbox 865 2273 905 2312; x_wconf 93' lang='lat' dir='ltr'>et</span> <span class='ocrx_word' id='word_1_411' title='bbox 937 2280 1075 2311; x_wconf 85' lang='lat' dir='ltr'>coram</span> <span class='ocrx_word' id='word_1_412' title='bbox 1101 2266 1284 2311; x_wconf 80' lang='lat' dir='ltr'>Ecclesia</span> <span class='ocrx_word' id='word_1_413' title='bbox 1319 2266 1369 2310; x_wconf 90' lang='lat' dir='ltr'>de</span> <span class='ocrx_word' id='word_1_414' title='bbox 1402 2266 1724 2322; x_wconf 80' lang='lat' dir='ltr'>adimplemeuto</span> <span class='ocrx_word' id='word_1_415' title='bbox 1747 2279 1797 2309; x_wconf 81' lang='lat' dir='ltr'>ex</span> 
     </span>
     <span class='ocr_line' id='line_1_79' title="bbox 173 2339 1177 2396; baseline -0.001 -15"><span class='ocrx_word' id='word_1_416' title='bbox 173 2343 286 2394; x_wconf 89' lang='lat' dir='ltr'>parte</span> <span class='ocrx_word' id='word_1_417' title='bbox 322 2339 509 2395; x_wconf 87' lang='lat' dir='ltr'>baptizati</span> <span class='ocrx_word' id='word_1_418' title='bbox 545 2339 842 2396; x_wconf 84' lang='lat' dir='ltr'>obligationum</span> <span class='ocrx_word' id='word_1_419' title='bbox 877 2343 1177 2394; x_wconf 83' lang='lat' dir='ltr'>susceptarum.</span> 
     </span>
    </p>

    <p class='ocr_par' dir='ltr' id='par_1_23' title="bbox 170 2406 1799 2959">
     <span class='ocr_line' id='line_1_80' title="bbox 291 2406 1799 2465; baseline -0.001 -14"><span class='ocrx_word' id='word_1_420' title='bbox 291 2410 357 2453; x_wconf 76' lang='lat'>49.</span> <span class='ocrx_word' id='word_1_421' title='bbox 393 2412 527 2457; x_wconf 82' lang='lat' dir='ltr'>Ordo</span> <span class='ocrx_word' id='word_1_422' title='bbox 561 2425 816 2458; x_wconf 87' lang='lat' dir='ltr'>canonum.</span> <span class='ocrx_word' id='word_1_423' title='bbox 840 2435 865 2441; x_wconf 90' lang='lat'>-</span> <span class='ocrx_word' id='word_1_424' title='bbox 888 2409 1005 2454; x_wconf 89' lang='lat' dir='ltr'>Circa</span> <span class='ocrx_word' id='word_1_425' title='bbox 1040 2408 1117 2452; x_wconf 85' lang='lat' dir='ltr'>hoc</span> <span class='ocrx_word' id='word_1_426' title='bbox 1152 2408 1432 2465; x_wconf 80' lang='lat' dir='ltr'>paedagogi-ae</span> <span class='ocrx_word' id='word_1_427' title='bbox 1464 2406 1690 2464; x_wconf 87' lang='lat' dir='ltr'>spiritualis</span> <span class='ocrx_word' id='word_1_428' title='bbox 1715 2419 1799 2450; x_wconf 89' lang='lat' dir='ltr'>mu-</span> 
     </span>
     <span class='ocr_line' id='line_1_81' title="bbox 172 2477 1798 2537; baseline -0.001 -16"><span class='ocrx_word' id='word_1_429' title='bbox 172 2492 259 2533; x_wconf 67' lang='lat' dir='ltr'>nus,</span> <span class='ocrx_word' id='word_1_430' title='bbox 296 2483 580 2524; x_wconf 88' lang='lat' dir='ltr'>necessitatem</span> <span class='ocrx_word' id='word_1_431' title='bbox 617 2483 743 2537; x_wconf 84' lang='lat' dir='ltr'>ipsius</span> <span class='ocrx_word' id='word_1_432' title='bbox 776 2494 825 2523; x_wconf 87' lang='lat' dir='ltr'>ex</span> <span class='ocrx_word' id='word_1_433' title='bbox 862 2482 949 2523; x_wconf 89' lang='lat' dir='ltr'>iure</span> <span class='ocrx_word' id='word_1_434' title='bbox 981 2479 1261 2523; x_wconf 89' lang='lat' dir='ltr'>ecclesiastico</span> <span class='ocrx_word' id='word_1_435' title='bbox 1296 2491 1369 2535; x_wconf 89' lang='lat' dir='ltr'>pro</span> <span class='ocrx_word' id='word_1_436' title='bbox 1405 2477 1595 2535; x_wconf 88' lang='lat' dir='ltr'>baptismi</span> <span class='ocrx_word' id='word_1_437' title='bbox 1621 2477 1798 2521; x_wconf 89' lang='lat' dir='ltr'>liceiiate</span> 
     </span>
     <span class='ocr_line' id='line_1_82' title="bbox 170 2547 1796 2612; baseline -0.001 -20"><span class='ocrx_word' id='word_1_438' title='bbox 170 2550 445 2612; x_wconf 85' lang='lat' dir='ltr'>determinant</span> <span class='ocrx_word' id='word_1_439' title='bbox 479 2564 568 2595; x_wconf 89' lang='lat' dir='ltr'>can.</span> <span class='ocrx_word' id='word_1_440' title='bbox 604 2552 702 2606; x_wconf 67' lang='lat'>762,</span> <span class='ocrx_word' id='word_1_441' title='bbox 738 2551 836 2605; x_wconf 74' lang='lat'>763,</span> <span class='ocrx_word' id='word_1_442' title='bbox 861 2551 911 2594; x_wconf 90' lang='lat' dir='ltr'>de</span> <span class='ocrx_word' id='word_1_443' title='bbox 937 2563 1108 2594; x_wconf 88' lang='lat' dir='ltr'>numero</span> <span class='ocrx_word' id='word_1_444' title='bbox 1132 2551 1387 2606; x_wconf 86' lang='lat' dir='ltr'>patrinorum</span> <span class='ocrx_word' id='word_1_445' title='bbox 1413 2550 1553 2592; x_wconf 89' lang='lat' dir='ltr'>statuit</span> <span class='ocrx_word' id='word_1_446' title='bbox 1582 2561 1670 2592; x_wconf 89' lang='lat' dir='ltr'>can.</span> <span class='ocrx_word' id='word_1_447' title='bbox 1697 2547 1796 2596; x_wconf 80' lang='lat'><strong>764,</strong></span> 
     </span>
     <span class='ocr_line' id='line_1_83' title="bbox 170 2617 1796 2678; baseline -0.001 -16"><span class='ocrx_word' id='word_1_448' title='bbox 170 2634 293 2676; x_wconf 79' lang='lat' dir='ltr'>quom</span> <span class='ocrx_word' id='word_1_449' title='bbox 326 2621 636 2678; x_wconf 85' lang='lat' dir='ltr'>subsequuntur</span> <span class='ocrx_word' id='word_1_450' title='bbox 659 2622 740 2665; x_wconf 90' lang='lat' dir='ltr'>duo</span> <span class='ocrx_word' id='word_1_451' title='bbox 764 2622 847 2676; x_wconf 81' lang='lat' dir='ltr'>alii,</span> <span class='ocrx_word' id='word_1_452' title='bbox 876 2621 1090 2665; x_wconf 86' lang='lat' dir='ltr'>videlicet:</span> <span class='ocrx_word' id='word_1_453' title='bbox 1126 2621 1224 2673; x_wconf 78' lang='lat'>765,</span> <span class='ocrx_word' id='word_1_454' title='bbox 1249 2620 1332 2662; x_wconf 86' lang='grc'>766</span> <span class='ocrx_word' id='word_1_455' title='bbox 1357 2619 1407 2663; x_wconf 90' lang='lat' dir='ltr'>de</span> <span class='ocrx_word' id='word_1_456' title='bbox 1431 2617 1702 2676; x_wconf 87' lang='lat' dir='ltr'>qualitatibus</span> <span class='ocrx_word' id='word_1_457' title='bbox 1725 2631 1796 2661; x_wconf 88' lang='lat' dir='ltr'>seu</span> 
     </span>
     <span class='ocr_line' id='line_1_84' title="bbox 171 2688 1796 2751; baseline 0.001 -19"><span class='ocrx_word' id='word_1_458' title='bbox 171 2694 390 2748; x_wconf 81' lang='lat' dir='ltr'>requisitis,</span> <span class='ocrx_word' id='word_1_459' title='bbox 425 2698 467 2735; x_wconf 94' lang='lat' dir='ltr'>ut</span> <span class='ocrx_word' id='word_1_460' title='bbox 499 2695 591 2750; x_wconf 85' lang='lat' dir='ltr'>quis</span> <span class='ocrx_word' id='word_1_461' title='bbox 627 2695 713 2735; x_wconf 90' lang='lat' dir='ltr'>iure</span> <span class='ocrx_word' id='word_1_462' title='bbox 748 2693 817 2735; x_wconf 88' lang='lat' dir='ltr'>tiat</span> <span class='ocrx_word' id='word_1_463' title='bbox 852 2694 1051 2751; x_wconf 85' lang='lat' dir='ltr'>patrinus,</span> <span class='ocrx_word' id='word_1_464' title='bbox 1084 2695 1123 2735; x_wconf 92' lang='lat' dir='ltr'>et</span> <span class='ocrx_word' id='word_1_465' title='bbox 1157 2696 1199 2734; x_wconf 91' lang='lat' dir='ltr'>ut</span> <span class='ocrx_word' id='word_1_466' title='bbox 1233 2691 1342 2734; x_wconf 87' lang='lat' dir='ltr'>licite</span> <span class='ocrx_word' id='word_1_467' title='bbox 1377 2690 1453 2733; x_wconf 89' lang='lat' dir='ltr'>hoc</span> <span class='ocrx_word' id='word_1_468' title='bbox 1487 2703 1638 2733; x_wconf 89' lang='lat' dir='ltr'>munus</span> <span class='ocrx_word' id='word_1_469' title='bbox 1662 2691 1700 2731; x_wconf 92' lang='lat' dir='ltr'>in</span> <span class='ocrx_word' id='word_1_470' title='bbox 1728 2688 1796 2733; x_wconf 87' lang='lat' dir='ltr'>ba-</span> 
     </span>
     <span class='ocr_line' id='line_1_85' title="bbox 172 2761 1796 2816; baseline 0 -14"><span class='ocrx_word' id='word_1_471' title='bbox 172 2762 318 2816; x_wconf 87' lang='lat' dir='ltr'>ptismo</span> <span class='ocrx_word' id='word_1_472' title='bbox 352 2767 557 2816; x_wconf 75' lang='lat' dir='ltr'>exerceat,</span> <span class='ocrx_word' id='word_1_473' title='bbox 590 2776 637 2806; x_wconf 85' lang='lat' dir='ltr'>ac</span> <span class='ocrx_word' id='word_1_474' title='bbox 681 2762 805 2806; x_wconf 89' lang='lat' dir='ltr'>dubia</span> <span class='ocrx_word' id='word_1_475' title='bbox 845 2761 1043 2805; x_wconf 88' lang='lat' dir='ltr'>solvenda</span> <span class='ocrx_word' id='word_1_476' title='bbox 1088 2766 1180 2804; x_wconf 90' lang='lat' dir='ltr'>suni</span> <span class='ocrx_word' id='word_1_477' title='bbox 1224 2761 1455 2804; x_wconf 88' lang='lat' dir='ltr'>secuudum</span> <span class='ocrx_word' id='word_1_478' title='bbox 1499 2772 1686 2804; x_wconf 88' lang='lat' dir='ltr'>normam</span> <span class='ocrx_word' id='word_1_479' title='bbox 1729 2771 1796 2803; x_wconf 87' lang='lat' dir='ltr'>ca-</span> 
     </span>
     <span class='ocr_line' id='line_1_86' title="bbox 171 2831 1797 2889; baseline -0.001 -17"><span class='ocrx_word' id='word_1_480' title='bbox 171 2833 287 2873; x_wconf 88' lang='lat' dir='ltr'>nonis</span> <span class='ocrx_word' id='word_1_481' title='bbox 319 2832 427 2887; x_wconf 69' lang='lat'>7673</span> <span class='ocrx_word' id='word_1_482' title='bbox 462 2833 513 2875; x_wconf 90' lang='lat' dir='ltr'>de</span> <span class='ocrx_word' id='word_1_483' title='bbox 545 2833 748 2889; x_wconf 89' lang='lat' dir='ltr'>spirituaii</span> <span class='ocrx_word' id='word_1_484' title='bbox 784 2835 1030 2889; x_wconf 83' lang='lat' dir='ltr'>cognatione</span> <span class='ocrx_word' id='word_1_485' title='bbox 1062 2832 1249 2875; x_wconf 90' lang='lat' dir='ltr'>decernit</span> <span class='ocrx_word' id='word_1_486' title='bbox 1290 2845 1381 2875; x_wconf 90' lang='lat' dir='ltr'>can.</span> <span class='ocrx_word' id='word_1_487' title='bbox 1416 2831 1518 2886; x_wconf 81' lang='lat'><strong>768,</strong></span> <span class='ocrx_word' id='word_1_488' title='bbox 1551 2842 1657 2888; x_wconf 84' lang='lat' dir='ltr'>quae</span> <span class='ocrx_word' id='word_1_489' title='bbox 1692 2842 1797 2872; x_wconf 75' lang='lat' dir='ltr'>[inus</span> 
     </span>
     <span class='ocr_line' id='line_1_87' title="bbox 170 2899 1793 2959; baseline 0.001 -17"><span class='ocrx_word' id='word_1_490' title='bbox 170 2905 230 2943; x_wconf 88' lang='lat' dir='ltr'>est</span> <span class='ocrx_word' id='word_1_491' title='bbox 263 2914 311 2944; x_wconf 84' lang='lat' dir='ltr'>ex</span> <span class='ocrx_word' id='word_1_492' title='bbox 346 2902 561 2946; x_wconf 82' lang='lat' dir='ltr'>effectibus</span> <span class='ocrx_word' id='word_1_493' title='bbox 596 2905 778 2946; x_wconf 89' lang='lat' dir='ltr'>muneris</span> <span class='ocrx_word' id='word_1_494' title='bbox 810 2904 1002 2959; x_wconf 79' lang='lat' dir='ltr'>suscepti,</span> <span class='ocrx_word' id='word_1_495' title='bbox 1038 2901 1224 2959; x_wconf 87' lang='lat' dir='ltr'>aliusque</span> <span class='ocrx_word' id='word_1_496' title='bbox 1257 2903 1479 2958; x_wconf 85' lang='lat' dir='ltr'>exponitur</span> <span class='ocrx_word' id='word_1_497' title='bbox 1513 2902 1551 2943; x_wconf 94' lang='lat' dir='ltr'>in</span> <span class='ocrx_word' id='word_1_498' title='bbox 1586 2912 1674 2944; x_wconf 88' lang='lat' dir='ltr'>can.</span> <span class='ocrx_word' id='word_1_499' title='bbox 1696 2899 1793 2943; x_wconf 81' lang='grc'><strong>769.</strong></span> 
     </span>
    </p>
   </div>
  </div>
 </body>
</html>
