1971 3261
191 111 260 145 498
590 109 672 143 Lus.
699 109 770 143 ΙΙΙ.
797 129 808 135 -
835 110 946 144 PARS
971 110 1000 144 Ι.
1027 130 1038 135 -
1066 110 1122 145 De
1147 110 1412 146 Sam-amentis
1595 111 1687 148 Can.
1716 114 1811 150 1017

190 230 239 271 ad
265 241 452 271 normam
475 228 532 285 §g
556 228 791 284 pi·aeced¹¹¹.,
825 227 868 285 b)
901 242 975 271 nee
1007 228 1097 271 ulla
1131 229 1246 272 iusta
1279 243 1408 273 eausa
1431 243 1480 274 ex
1506 230 1685 275 diversis
1707 245 1813 289 quae

190 299 240 342 ab
265 298 515 342 Auctoribus
548 298 811 354 explicantur
843 299 1074 342 secundum
1108 312 1288 343 canones
1311 301 1351 342 in
1375 299 1452 343 hac
1477 306 1591 357 parte
1616 301 1815 358 implicite

190 374 389 423 servatos,
424 382 472 412 eo
505 369 613 426 quod
649 371 687 411 in
721 369 987 425 sponsalitiae
1025 369 1086 413 vel
1121 370 1322 426 simplicis
1355 373 1637 426 promissionis
1670 377 1815 416 natura

191 439 475 483 fulcimentum
503 438 692 493 habeant,
718 438 767 482 ab
794 453 843 481 ea
868 442 1141 496 promissione
1164 439 1362 484 alterutra
1386 440 1599 498 implenda
1631 449 1813 496 eoecuset,

189 524 236 553 ac
271 509 442 566 proinde
485 511 679 566 quamvis
713 511 751 552 in
785 512 1037 553 conscientia
1079 523 1250 554 servare
1289 510 1399 554 illam
1435 517 1658 568 oporteret,
1690 526 1813 570 quam

189 580 481 636 obligationem
507 592 637 623 canon
665 582 833 623 minime
856 582 1003 634 aufert,
1023 580 1102 624 illis
1125 583 1365 638 neutiquam
1390 581 1647 626 obstantibus
1669 583 1710 640 a)
1733 597 1815 627 non

188 650 317 693 (latur
358 650 467 693 aetio
511 652 549 692 in
595 650 679 693 Lib.
719 666 739 690 «
764 650 815 694 de
851 651 1112 706 processibus
1136 667 1156 692 ν)
1193 652 1495 708 cognoscenda,
1531 657 1671 709 utpote
1709 654 1815 697 iudi-

188 721 316 776 cialis,
351 720 407 764 ad
435 720 659 778 petendam
691 721 957 764 matrimonii
1001 724 1190 778 promissi
1234 721 1575 769 celebrationem:
1610 722 1653 780 b)
1687 723 1816 767 datur

189 798 327 834 lamen
359 791 436 835 sub
468 791 622 848 duplici
657 794 892 835 necessaria
925 805 1120 848 expressa
1145 796 1259 849 prius
1281 793 1517 837 conditione
1551 793 1607 836 acl
1637 808 1813 852 repara—

190 863 342 906 {ionem
374 861 622 905 clanmorem
656 862 825 905 forsitan
851 875 899 905 ex
925 864 1199 919 promissione
1222 876 1301 906 non
1325 863 1588 920 adimplenda
1624 878 1817 909 enascen-

190 936 305 987 tium,
341 937 508 990 propter
539 933 648 990 quod
684 938 744 976 est
777 933 988 976 additum:
1021 933 1059 976 si
1091 947 1173 991 qua
1206 936 1412 990 reparatio
1444 934 1656 977 debeatur.

307 1004 396 1048 Huc
441 1006 647 1060 pertinent
689 1003 1007 1058 corroborantes
1040 1005 1177 1048 datam
1214 1004 1533 1061 explicationem
1571 1006 1678 1050 duae
1715 1013 1815 1064 seq⁸.

187 1076 491 1120 declarationes
527 1075 674 1118 Pontae.
708 1074 866 1119 Comm.
901 1075 951 1119 ad
985 1074 1101 1119 Cod⁸.
1136 1081 1242 1119 can⁸.
1278 1075 1390 1119 auth.
1426 1077 1813 1133 interpretandos²:

192 1164 213 1188 «
239 1146 301 1190 lV.
329 1147 364 1191 1.
389 1146 428 1189 Si
453 1148 545 1203 quis
579 1145 777 1189 reclamet
810 1148 872 1189 ius
904 1159 1024 1189 suum
1059 1159 1109 1189 ex
1143 1146 1405 1202 sponsalibus
1435 1148 1571 1191 valide
1594 1152 1816 1192 contractis

187 1223 328 1262 eontra
363 1222 521 1275 partem
558 1219 749 1260 inituram
776 1219 1085 1261 matrimonium
1111 1231 1206 1261 cum
1231 1217 1326 1273 alio,
1352 1221 1659 1262 matrimonium
1685 1222 1815 1263 eritne

186 1288 522 1346 suspendendum
547 1301 678 1345 usque
701 1288 798 1331 dum
825 1292 964 1332 actum
989 1289 1113 1331 fuerit
1136 1288 1186 1331 de
1212 1290 1317 1332 iusta
1340 1301 1463 1332 causa
1496 1289 1815 1346 dispensationis

190 1363 372 1416 priorum
406 1361 658 1415 sponsalium
684 1363 723 1402 et
745 1359 797 1402 de
830 1359 1076 1402 damnorum
1115 1361 1389 1416 reparatione,
1413 1362 1446 1403 si
1469 1373 1549 1417 qua
1583 1360 1815 1404 debeatur?

176 1432 332 1488 'ltesp.:
366 1430 584 1486 Negative,
602 1443 674 1472 seu
710 1443 788 1473 non
822 1429 1000 1486 amplius
1032 1429 1196 1473 admitti
1230 1432 1434 1474 actionem
1470 1431 1520 1474 de
1554 1433 1657 1474 iusta
1691 1444 1813 1475 causa

186 1501 467 1545 dissolutionis
488 1499 757 1557 sponsalium,
782 1503 986 1544 actionem
1025 1514 1123 1543 vero
1158 1503 1430 1557 reparationis
1462 1501 1710 1545 damnorum
1735 1515 1812 1545 non

186 1572 440 1629 suspendere
474 1573 725 1614 matrimonii
760 1570 1100 1614 celebrationem.

306 1643 344 1686 ⁶2.
377 1642 521 1686 Utrum
557 1643 663 1685 actio
698 1644 971 1697 reparationis
1004 1642 1251 1685 damnorum
1285 1643 1337 1686 de
1370 1655 1453 1700 qua
1489 1645 1525 1685 in
1561 1656 1649 1686 can.
1686 1643 1811 1698 1017,

185 1714 212 1772 ξ
236 1713 274 1767 3,
298 1715 500 1770 pertineat
518 1712 568 1756 ad
594 1713 726 1755 forum
747 1712 1090 1766 ecclesiasticum,
1115 1725 1164 1756 an
1190 1713 1239 1756 ad
1264 1713 1423 1757 civile?
1442 1713 1571 1770 Resp:
1597 1715 1810 1758 Actionem

189 1786 459 1841 reparationis
491 1783 752 1837 damnorum,
779 1783 829 1826 de
853 1795 934 1840 qua
968 1785 1006 1826 in
1040 1795 1130 1826 can.
1158 1784 1328 1839 1012}
1362 1784 1385 1827 3
1421 1798 1509 1828 esse
1534 1787 1649 1827 mixti
1674 1785 1749 1827 fori
1773 1800 1814 1828 n.

306 1855 377 1898 His
409 1855 562 1898 addere
596 1859 757 1910 oportet
791 1854 868 1897 alia
904 1853 1008 1898 bene
1042 1855 1221 1898 notanda
1246 1855 1322 1899 sub
1346 1869 1385 1898 n.
1411 1871 1431 1896 c<
1457 1857 1494 1898 6.
1520 1857 1590 1898 Vis
1622 1857 1720 1898 novi
1743 1854 1813 1900 Co-

187 1927 290 1970 dicis
323 1930 436 1969 estne
470 1927 719 1969 retroactiva
754 1927 793 1967 in
829 1925 904 1976 his,
925 1937 1032 1982 quae
1067 1925 1359 1970 modificantur
1395 1928 1504 1970 circa
1537 1926 1740 1983 sponsalia
1775 1930 1813 1969 et

189 1997 481 2054 impedimenta
525 2001 608 2038 tam
654 1996 920 2052 impedientia
964 2008 1087 2053 quam
1129 1997 1364 2040 dirimentia
1399 1999 1724 2053 matrimonium,
1759 1999 1812 2040 ita

189 2074 227 2111 ut
252 2067 466 2126 quodlibet
490 2069 551 2110 ius
574 2069 823 2124 acquisitum
862 2069 1004 2123 vigore
1036 2067 1290 2123 sponsalium
1317 2067 1566 2119 validorum,
1586 2067 1811 2111 nullimode

189 2141 313 2196 possit
357 2138 589 2192 reclamari,
625 2140 698 2181 nisi
735 2140 773 2180 in
807 2143 1007 2195 quantum
1052 2151 1186 2181 novus
1231 2137 1369 2182 Codex
1409 2138 1613 2193 concedit,
1645 2143 1685 2182 et
1715 2151 1811 2182 cou-

188 2215 315 2253 traeta
350 2209 646 2264 impedimenta
690 2208 925 2252 modificata
959 2221 980 2251 a
1015 2222 1124 2251 novo
1157 2207 1331 2264 Codice,‘
1354 2208 1465 2252 nulla
1508 2209 1812 2265 dispensatione

187 2280 428 2337 indigeant?
454 2306 505 2310 —
531 2279 651 2336 Resp.
675 2278 831 2334 Codici‚
864 2281 986 2322 etiam
1021 2279 1157 2336 quoad
1191 2279 1395 2336 sponsalia
1430 2284 1469 2323 et
1503 2279 1810 2336 impedimenta,

188 2365 265 2395 non
290 2365 379 2395 esse
403 2354 487 2393 vim
512 2352 830 2394 retroactivam:
865 2350 1072 2406 sponsalia
1096 2355 1232 2394 autem
1258 2356 1297 2393 et
1320 2353 1582 2394 matrimonia
1612 2352 1698 2407 regi
1723 2352 1811 2393 iure

189 2424 342 2478 vigenti
377 2421 542 2478 quando
575 2425 786 2464 contracta
819 2424 914 2463 sunt
941 2420 1002 2463 vel
1027 2420 1340 2475 contrahentur,
1358 2420 1474 2464 salvo
1499 2426 1651 2475 tamen,
1674 2421 1807 2477 quoad

186 2495 389 2536 actionem
425 2505 474 2534 ex
509 2490 784 2547 sponsalibus,
817 2503 975 2534 canone
1011 2491 1137 2546 1017,
1169 2491 1197 2549 ἐ
1232 2491 1318 2534 3».

304 2563 400 2606 406.
439 2564 648 2608 Parochi
681 2564 925 2618 obligatio
958 2564 1020 2608 de
1052 2563 1236 2619 populo
1266 2564 1396 2609 circa
1419 2565 1512 2608 hoc
1535 2576 1810 2608 sacramen-

184 2639 286 2679 tum
319 2635 603 2679 erudiendo.
627 2658 679 2662 ——
704 2632 809 2687 Quia
840 2634 952 2675 iuxta
977 2631 1160 2688 Apostoli
1194 2634 1463 2675 monitionem
1499 2632 1659 2675 mulieri
1684 2645 1706 2675 a
1734 2633 1808 2674 viri

188 2706 276 2761 lege
311 2703 530 2747 liberatae:
561 2719 581 2743 «
604 2705 668 2746 cui
708 2703 806 2757 vuli,
842 2702 981 2757 nubat,
1016 2707 1173 2746 tantum
1211 2705 1247 2744 in
1284 2702 1457 2746 Domino
1479 2718 1501 2743 »
1525 2701 1554 2756 ²,
1577 2715 1683 2760 quae
1715 2702 1810 2745 tide-

303 2859 314 2879 1
341 2857 402 2891 2-3
427 2857 514 2891 Iun.
543 2857 654 2900 191&
685 2857 761 2892 CO.
791 2857 927 2891 x-345.
959 2877 1001 2881 —
1028 2856 1042 2878 2
1068 2857 1086 2890 I
1112 2856 1159 2891 ad
1188 2855 1367 2891 Corinth.
1396 2856 1483 2896 VII,
1512 2856 1569 2890 59.
