1971 3261
239 167 334 204 can.
363 167 518 202 794-795
735 166 820 200 Trr.
848 166 900 200 II.
930 186 941 192 -
968 166 1024 201 De
1067 167 1373 211 Consirmcttz'one
1824 167 1867 199 91

238 288 384 341 sitatis,
415 287 610 342 egregius
644 284 853 328 Ecclesiae
888 284 1039 328 Doctor
1081 284 1119 328 S.
1172 284 1407 340 Alphonsus
1455 284 1699 340 simpliciter
1748 284 1870 327 tradit

239 356 439 413 obligare,
472 361 511 399 et
544 356 712 413 quidem
747 355 823 399 sul)
856 357 990 412 gravi,
1025 360 1201 410 excepto
1245 369 1343 398 casu
1392 369 1473 412 quo
1524 357 1709 411 patrinus
1757 359 1871 406 (vere

239 426 348 484 talis)
385 426 524 470 haberi
561 440 638 469 non
676 431 872 482 posset».

357 498 423 542 91.
461 499 536 544 De
574 512 776 543 numero
820 500 1126 554 patrinorum
1150 502 1198 544 et
1223 499 1695 544 confirmandorum.
1721 523 1741 528 -
1767 497 1869 540 Can.

238 570 266 611 7
269 571 343 612 94.
374 567 573 611 Pulrinus
598 582 724 611 urium
747 573 911 610 tantum
934 568 1266 624 confirmmiclum
1290 574 1364 611 aut
1386 567 1491 611 duos
1511 573 1753 626 praesente!
1778 567 1870 625 Epi-

235 652 374 696 scopo,
408 639 588 683 scilicet:
624 641 662 682 in
699 652 948 696 unaquaque
984 641 1204 694 iunctione,
1245 656 1267 681 ‹<
1290 653 1368 683 non
1406 639 1558 695 plures,
1593 639 1707 683 addit
1759 639 1868 682 l'ont.

236 709 368 764 Rom,
404 712 478 753 nisi
513 709 634 753 aliter
667 712 891 753 necessitas
922 711 1110 764 suadeat,
1142 710 1315 754 arbitrio
1349 710 1543 767 Episcopi
1569 726 1617 763 »ς
1661 710 1770 768 quod
1818 713 1869 753 ita

235 782 472 836 expressius
504 787 565 824 est
596 785 856 825 correctum:
890 780 976 823 nisi
999 780 1120 824 aliud
1162 781 1277 823 iustu
1317 781 1442 824 idest:
1480 784 1787 838 proportionata
1821 780 1872 824 de

236 864 365 893 eausa
397 852 726 894 confirmationis
759 851 955 894 ministro
988 851 1186 895 videatur
1220 852 1284 895 hic
1319 856 1359 895 et
1394 865 1503 895 nunc
1532 852 1868 908 permittendum.

353 920 458 974 Quia
493 921 615 966 Cone.
650 921 761 965 Trid.
795 927 1013 967 coarctans
1046 926 1337 980 cognationem
1376 939 1396 964 (ι
1424 936 1531 980 quae
1564 937 1612 966 ex
1649 925 1870 967 conlirma-

235 995 343 1036 tione
375 992 636 1036 contrahitur
660 1009 698 1042 )),
731 995 787 1036 ait
820 993 1112 1050 singulariter:
1153 1006 1244 1037 «ac
1278 998 1487 1037 tenentem
1510 1007 1586 1036 uon
1613 994 1867 1050 egrediatur,

233 1063 426 1107 omnibus
461 1066 566 1107 inter
599 1063 700 1107 alias
735 1077 930 1120 personas
964 1064 1086 1108 huius
1118 1065 1348 1121 spiritualis
1392 1067 1650 1121 cognationis
1699 1065 1869 1121 impedi-

235 1137 384 1178 mentis
432 1137 600 1178 omuino
647 1134 884 1191 sublatis»,
924 1148 1080 1178 novum
1115 1148 1194 1178 nou
1233 1136 1398 1179 videtur
1433 1138 1733 1192 praescriptum
1767 1136 1796 1195 ξ
1830 1137 1867 1180 ⁶2.

241 1204 353 1249 Unus
377 1219 538 1263 quoque
557 1219 635 1262 pro
659 1204 841 1263 sinqulis
864 1205 1166 1262 confirmandis
1189 1206 1244 1248 sit
1266 1206 1479 1263 patrinus.

351 1277 418 1319 92.
454 1279 780 1323 Necessariae
804 1278 1072 1334 qualitates
1095 1280 1293 1334 patrini.
1315 1303 1342 1307 —
1370 1276 1469 1320 Can.
1497 1280 1603 1321 795.
1633 1276 1682 1322 Ul
1701 1277 1794 1335 quis
1813 1278 1867 1320 sit

228 1347 429 1404 patrinus
467 1360 578 1399 vere,
616 1351 735 1403 prout
767 1347 818 1391 de
854 1347 930 1391 hoc
965 1347 1192 1404 loquuntur
1224 1360 1416 1403 canones,
1452 1354 1616 1406 oportet
1650 1350 1750 1392 iuris
1799 1362 1867 1392 ne·

231 1419 421 1461 cessitate
444 1435 451 1462 :
486 1442 543 1448 ---
580 1419 620 1459 l⁰
655 1417 718 1461 Sit
741 1419 782 1475 a)
807 1418 898 1473 ipse
920 1431 1081 1476 qnoque
1103 1418 1389 1474 confirmatus,
1414 1421 1521 1463 sicut
1545 1419 1682 1463 aiebat
1702 1433 1868 1477 quoque

234 1489 346 1532 l'ont.
380 1488 497 1532 Rom.
537 1488 738 1544 «Nullus,
773 1491 843 1547 qui
877 1503 957 1532 non
991 1492 1041 1533 sit
1076 1490 1347 1533 confirmatus
1384 1495 1515 1546 potest
1549 1504 1636 1533 esse
1657 1492 1695 1533 in
1720 1491 1866 1534 confir-

235 1561 415 1603 matione
450 1562 708 1616 patrinus»,
746 1573 840 1603 nam
880 1560 1021 1604 «licet
1053 1560 1283 1617 baptizatus
1316 1563 1367 1604 sit
1416 1561 1587 1605 effectus
1633 1561 1865 1605 membrum

231 1630 454 1685 Ecclesiae,
489 1632 672 1675 nondum
708 1636 844 1675 tamen
885 1636 946 1676 est
995 1632 1231 1689 adscriptus
1281 1632 1453 1676 militiae
1502 1632 1777 1686 christianae,
1829 1638 1868 1676 et

230 1702 323 1745 ideo
356 1701 575 1758 Episcopo,
611 1707 807 1760 tanquam
843 1703 938 1747 duci
973 1706 1196 1758 exercitus,
1234 1716 1307 1759 per
1340 1704 1466 1746 alium
1518 1703 1740 1747 exhibetur
1786 1706 1864 1747 iam

229 1772 399 1816 militiae
432 1772 682 1817 christianae
705 1765 995 1830 >adsci·iptum;
1032 1788 1109 1817 non
1145 1776 1254 1817 enim
1289 1773 1417 1817 debet
1450 1774 1577 1818 alium
1612 1776 1661 1818 ad
1712 1777 1862 1818 contir-

231 1845 453 1887 mationem
490 1848 630 1887 tenere
653 1846 722 1901 qui
748 1845 930 1888 nondum
957 1850 1015 1888 est
1040 1846 1311 1889 confirmatus
1334 1861 1373 1887 >›.
1400 1844 1467 1889 Sic
1491 1844 1536 1888 D.
1560 1845 1739 1889 Thomas
1759 1846 1785 1891 ¹.
1812 1872 1864 1876 —

229 1913 357 1958 Addit
389 1927 550 1958 canon:
586 1914 628 1972 b)
662 1915 847 1959 rationis
892 1931 1014 1959 usum
1052 1923 1270 1960 assecutus
1302 1919 1375 1971 sit3
1410 1919 1507 1974 quia
1558 1932 1578 1958 ((
1604 1917 1679 1961 hoc
1727 1930 1863 1961 sacra-

231 1990 413 2028 mentum
449 1985 670 2030 exhibetur
705 1985 860 2030 homini
893 1987 942 2030 ad
981 1986 1108 2031 robur
1133 2000 1296 2044 pugnae
1320 1987 1561 2044 spiritualis.
1588 1988 1702 2031 Sicut
1725 1996 1863 2031 autem

227 2054 377 2112 aliquis
409 2055 460 2099 de
495 2069 602 2099 novo
638 2061 757 2100 natus
791 2057 950 2112 indiget
983 2060 1236 2103 instructore
1271 2060 1309 2101 in
1345 2058 1406 2101 his
1441 2071 1548 2116 quae
1584 2062 1787 2114 pertinent
1812 2060 1862 2103 ad

228 2129 588 2170 conversationem
627 2129 750 2183 vitae,
783 2129 1015 2172 secundum
1061 2129 1218 2172 illud2:
1274 2130 1460 2173 «Patres
1508 2131 1678 2187 quidem
1728 2133 1865 2174 carnis

226 2202 390 2241 nostrae
424 2198 645 2242 habuimus
678 2199 926 2254 eruditores,
961 2204 1000 2243 et
1034 2200 1335 2245 reverebamur
1368 2214 1438 2245 eos
1462 2217 1500 2256 )),
1537 2204 1589 2244 ita
1628 2201 1682 2245 illi
1708 2204 1777 2259 qui
1805 2215 1863 2245 as-

226 2274 448 2312 sumuntur
481 2269 531 2312 ad
569 2282 764 2326 pugnam,
800 2271 988 2328 indigent
1020 2271 1316 2327 eruditoribus,
1351 2284 1374 2315 a
1407 2271 1559 2329 quibus
1607 2275 1862 2316 instruantur

226 2339 278 2382 de
310 2338 373 2383 his
405 2352 512 2397 quae
546 2343 752 2396 pertinent
785 2341 834 2384 ad
872 2342 1042 2386 modum
1077 2345 1332 2386 certaminis.
1366 2343 1415 2386 Et
1450 2344 1542 2386 ideo
1576 2343 1752 2387 inbellis
1778 2357 1860 2387 ma-

226 2410 439 2454 terialibus
473 2414 781 2455 constituuntur
814 2413 942 2456 duces
975 2418 1013 2456 et
1048 2416 1324 2465 centuriones,
1360 2427 1432 2470 per
1466 2428 1569 2472 quos
1603 2415 1670 2458 alii
1711 2414 1858 2471 guber-

225 2485 386 2525 nentur.
422 2481 470 2524 Et
505 2487 672 2539 prop-ter
706 2482 782 2527 hoc
815 2486 940 2527 etiam
977 2484 1043 2528 ille
1076 2486 1145 2542 qui
1180 2487 1332 2542 accipit
1355 2485 1433 2529 hoc
1457 2491 1779 2539 sacramentum,
1806 2486 1857 2529 ab

225 2552 305 2596 alio
340 2556 514 2598 tenetur.
549 2556 665 2610 quasi
717 2568 790 2611 per
831 2554 957 2598 alium
1003 2557 1040 2597 in
1091 2568 1226 2612 pugna
1274 2557 1482 2612 spirituali
1531 2557 1785 2600 erudiendus
1810 2572 1858 2607 >);

225 2623 394 2666 demum
429 2627 465 2676 c)
497 2628 536 2666 et
579 2624 854 2668 intentionem
898 2625 1047 2669 lrabeat
1090 2625 1135 2668 id
1174 2640 1323 2670 munus
1363 2627 1540 2684 qerendi
1577 2630 1860 2671 secunit'erens

226 2692 522 2750 obligationem
560 2695 790 2740 voluntarie
823 2698 1146 2754 suscipiendam.

346 2764 561 2810 Praeterea
596 2769 634 2810 in
673 2767 799 2810 Pont.¹
845 2767 982 2811 Rom.⁰
1030 2768 1081 2812 ab
1128 2768 1330 2826 Episcopo
1381 2770 1632 2813 admonente
1683 2771 1856 2813 dicitur:

319 2918 329 2939 ¹
350 2918 390 2952 3³
412 2918 452 2951 P.
476 2930 511 2962 q.
532 2918 686 2953 LXXII
704 2931 737 2954 a.
763 2920 806 2954 10
824 2920 872 2954 ad
892 2921 951 2957 2¹¹¹.
972 2941 1014 2945 —
1034 2921 1046 2942 2
1067 2920 1185 2957 Hebr.
1206 2921 1297 2966 XII,
1319 2923 1352 2955 9.
