1971 3261
229 161 275 193 30
628 158 714 191 L113.
746 157 819 191 III.
848 177 859 182 -
887 156 997 190 PARS
1023 155 1053 188 1.
1083 175 1094 181 -
1121 155 1177 189 De
1203 155 1469 189 Sam-amentis
1666 155 1758 191 Can.
1789 156 1856 191 742

345 276 459 319 Hanc
478 276 709 319 doctrinam
735 276 907 330 positam
931 275 968 315 in
991 272 1215 315 universali
1239 271 1451 316 Ecclesiae
1474 275 1711 329 magisterio
1729 279 1854 317 e'nun-

230 350 299 390 liat
332 361 421 388 ean,
456 347 560 388 742.
596 349 623 399 g
658 346 694 387 1.
732 343 975 400 Baptismus
1018 355 1099 384 non
1142 341 1357 384 sollemnis
1389 344 1413 385 i.
1448 356 1508 386 e.:
1546 344 1653 398 quod
1695 359 1713 385 (ι
1739 347 1855 387 mini-

227 422 379 460 stratur
412 429 489 459 non
524 417 701 458 servatis
737 413 883 457 ritibus
916 418 954 456 et
988 414 1262 456 caeremoniis
1294 425 1401 470 quae
1424 415 1463 456 in
1488 414 1706 458 ritualibus
1739 414 1853 459 libris

229 489 580 543 praecipiuntur»
618 485 726 542 (can.
762 484 860 537 737,
893 483 921 540 ξ
954 483 1011 539 ⁶2),
1046 482 1096 526 de
1128 497 1206 540 quo
1240 483 1284 526 in
1317 498 1406 527 σαη.
1442 486 1549 539 759,
1581 485 1609 542 ἓ
1651 488 1673 528 1
1715 486 1852 542 quoad

229 560 317 600 eius
350 556 568 600 liceitatem
605 560 792 610 cavetur,
814 559 949 610 potes!
973 567 998 595 α
1022 553 1166 610 quovis
1188 553 1431 596 titinistrari
1457 555 1605 609 valide,
1629 557 1738 612 quod
1762 556 1856 600 sub-

229 627 469 683 intelligitur
503 629 540 668 in
574 624 841 682 sequentibus
884 626 973 667 jure
1017 624 1160 667 divino
1195 627 1459 668 necessariis:
1504 632 1671 669 servata
1714 627 1853 670 debila

230 698 406 739 neuterio
440 703 477 739 el
509 697 663 753 forma,
700 708 801 752 quas
843 707 967 751 supra
1006 694 1327 746 declaravimus,
1362 701 1401 739 el
1433 696 1668 740 intentione
1699 700 1855 753 pariter

233 784 251 808 «
275 768 411 811 debita
436 783 475 820 n,
509 767 559 810 de
591 779 670 824 qua
706 766 805 809 dicit
837 764 960 809 Conc.
995 765 1138 809 Trid.1
1171 779 1261 810 can.
1290 767 1356 810 11.
1380 783 1400 808 <z
1423 768 1463 811 Si
1497 770 1590 825 quis
1623 768 1789 823 dixerit,
1813 771 1852 812 in

228 840 436 891 ministris,
470 838 567 880 dum
605 841 864 880 sacramenta
897 836 1126 879 conficiunt
1158 842 1197 880 ct
1228 839 1461 892 conferunt,
1496 851 1574 881 non
1611 841 1766 896 requiri
1799 841 1855 882 in-

227 911 446 952 tentionem
483 908 626 951 saltem
674 907 863 962 faciendi,
899 907 1009 964 quod
1054 908 1150 950 facit
1180 907 1378 958 Ecclesia,
1413 908 1461 954 A.
1496 906 1534 953 S.
1558 925 1597 955 ».
1633 909 1766 953 Huius
1799 912 1855 953 in-

228 981 418 1022 tentionis
450 978 656 1022 obiectum
690 982 769 1020 est:
805 981 1113 1021 sacramentum
1148 978 1258 1035 quod
1283 979 1358 1022 fuit
1392 981 1623 1023 institutum
1646 993 1667 1023 a
1692 980 1854 1024 Christo

227 1049 400 1092 Domino
433 1050 645 1092 conferre:
680 1062 779 1104 ergo
813 1048 914 1091 haec
948 1050 1121 1091 intentio
1153 1049 1298 1092 adesse
1331 1049 1454 1093 debet
1486 1050 1628 1093 saltem
1655 1051 1852 1107 implicita

227 1122 264 1162 in
299 1119 378 1162 alio
411 1124 503 1162 actu
556 1119 779 1162 voluntatis
822 1132 857 1164 v.
884 1132 944 1175 gr.
975 1134 995 1159 ((
1019 1121 1050 1162 si
1075 1121 1167 1176 quis
1191 1121 1369 1176 patiatur
1392 1120 1487 1164 fidei
1511 1121 1718 1164 defectum
1742 1124 1854 1165 circa

227 1192 358 1245 ipsum
394 1194 699 1232 sacramentum
735 1189 844 1246 quod
881 1188 1063 1243 exhibet,
1098 1188 1193 1233 licet
1225 1189 1368 1234 credat
1394 1204 1474 1247 per
1507 1191 1546 1234 id
1580 1191 1688 1249 quod
1718 1193 1856 1248 agitur

227 1262 420 1313 exterius,
445 1260 601 1303 nullum
637 1263 752 1316 sequi
790 1262 1027 1303 interiorem
1062 1261 1268 1316 ellectum,
1294 1274 1372 1304 non
1398 1266 1533 1305 tamen
1559 1264 1720 1318 ignorat
1743 1263 1852 1320 quod

228 1330 407 1373 Ecclesia
441 1330 642 1374 catholica
695 1331 869 1374 intendit
909 1344 981 1387 per
1018 1330 1255 1375 huiusmodi
1289 1345 1396 1390 quae
1428 1335 1613 1376 exterius
1660 1338 1854 1389 aguntur,

228 1400 425 1456 praebere
468 1407 799 1447 sacramentum:
846 1402 969 1454 unde,
1005 1415 1083 1445 non
1119 1402 1306 1445 obstante
1340 1403 1595 1452 infidelitate,
1630 1405 1854 1460 potestin·

227 1472 395 1515 tendere
429 1474 563 1515 tacere
599 1473 635 1515 id
672 1473 781 1529 quod
819 1474 916 1516 facit
946 1472 1145 1527 Ecclesia,
1180 1472 1275 1517 licet
1316 1476 1505 1517 aestimet
1539 1474 1577 1517 id
1614 1474 1713 1517 nihil
1751 1487 1853 1519 esse.

228 1542 274 1585 Et
307 1542 398 1585 talis
432 1545 601 1585 intentio
633 1544 784 1585 suflicit
807 1543 856 1586 ad
882 1547 1188 1586 sacramentum
1214 1559 1253 1585 )).
1278 1544 1343 1588 Sic
1366 1543 1412 1587 D.
1437 1544 1510 1589 Th.
1532 1544 1559 1590 ².
1585 1545 1697 1589 Sicut
1730 1547 1853 1588 etiam

226 1614 429 1656 sullicerel
467 1616 503 1655 in
541 1626 699 1669 pagano
735 1616 905 1657 intentio
949 1619 1166 1658 externum
1211 1614 1458 1671 baptismum
1496 1615 1619 1659 dandi
1654 1629 1747 1659 cum
1783 1616 1852 1659 de-

229 1684 307 1727 bita
344 1686 487 1737 forma,
511 1686 617 1727 sicut
645 1685 745 1727 vidit
770 1686 858 1728 lieri
882 1685 990 1741 apud
1025 1684 1284 1741 christianos,
1310 1691 1457 1742 putans
1481 1685 1632 1730 bonum
1658 1687 1848 1730 eflectum

229 1754 391 1806 habere,
426 1757 619 1811 quamtis
655 1757 810 1798 nesciat
847 1769 958 1798 eum.
993 1781 1046 1787 —
1081 1755 1403 1813 Praedictusque
1451 1761 1567 1800 actus
1619 1756 1852 1812 voluntatis,

227 1827 418 1881 quamvis
454 1827 566 1880 prius
602 1824 778 1878 habitus,
802 1826 1029 1869 dummodo
1057 1826 1287 1869 virtualiter
1311 1832 1549 1882 perseveret
1577 1843 1596 1868 «
1619 1828 1770 1870 sufficit
1803 1827 1852 1870 ad

228 1897 521 1950 pei-tectionem
557 1898 819 1949 sacramenti,
847 1901 941 1952 puta
976 1909 1069 1940 cum
1102 1897 1297 1940 sacerdos
1330 1897 1533 1941 accedens
1566 1898 1615 1941 ad
1653 1897 1855 1953 baptizan—

228 1965 340 2016 dum,
365 1966 431 2022 (eo
467 1966 570 2022 ipso)
597 1966 770 2009 intendit
805 1968 939 2010 lacere
973 1969 1082 2011 circa
1119 1966 1407 2024 baptizandum
1441 1968 1550 2025 quod
1586 1969 1680 2012 facit
1712 1967 1854 2012 Eccle-

227 2038 309 2087 sia;
346 2037 453 2079 unde
485 2039 517 2078 si
553 2042 691 2092 postea
727 2039 764 2079 in
800 2039 887 2094 ipso
931 2039 1131 2081 exercitio
1174 2043 1302 2093 actus,
1337 2040 1532 2095 cogitatio
1571 2041 1659 2083 eius
1692 2039 1741 2082 ad
1773 2029 1854 2082 ‘alia

229 2108 423 2161 rapiatur,
444 2119 491 2149 ex
518 2107 669 2150 virtute
689 2110 846 2163 primae
866 2109 1103 2151 intentionis
1128 2108 1341 2164 perficitur
1363 2113 1683 2152 sacramentum.
1704 2106 1855 2160 Quam-

232 2178 291 2219 vis
323 2177 504 2220 studiose
538 2190 685 2221 curare
719 2178 869 2221 debeat
901 2180 1150 2222 sacramenti
1186 2181 1372 2222 minister
1407 2184 1448 2222 ut
1480 2181 1602 2222 etiam
1648 2179 1850 2222 actualem

230 2249 497 2291 intentionem
532 2247 751 2303 adliibeatg
785 2249 854 2291 sed
891 2248 967 2292 hoc
1001 2262 1079 2291 non
1114 2254 1172 2292 est
1205 2249 1384 2293 totaliter
1409 2251 1587 2306 positum
1614 2252 1651 2292 in
1678 2249 1854 2292 hominis

231 2322 441 2372 potestate,
461 2320 556 2375 quia
577 2323 739 2375 praeter
758 2321 1041 2374 intentionem,
1058 2333 1152 2363 cum
1172 2319 1295 2363 homo
1316 2320 1403 2363 vult
1426 2320 1600 2363 multum
1627 2320 1855 2374 intendere,

231 2390 371 2444 incipit
403 2389 481 2432 alia
515 2391 711 2445 cogitare,
735 2390 966 2434 secundum
992 2389 1090 2434 illud
1181 2389 1259 2434 Cor
1282 2404 1420 2434 meum
1443 2391 1666 2448 dereliquit
1691 2404 1755 2434 me
1778 2406 1798 2431 »
1823 2392 1851 2434 ⁴.

349 2459 443 2502 Pars
468 2461 641 2515 positiva
666 2463 834 2503 canonis
866 2465 948 2505 est:
983 2465 1189 2518 quatenus
1220 2474 1314 2503 vero
1348 2461 1441 2517 fieri
1470 2467 1620 2519 potest,
1645 2461 1753 2504 unde
1788 2474 1854 2504 no-

231 2529 352 2572 tabile
396 2531 704 2573 incommodum
742 2536 927 2584 excusat,
960 2520 1242 2574 adhibeantur·
1273 2530 1354 2574 duo
1390 2537 1525 2585 testes,
1559 2544 1651 2575 nam
1700 2534 1736 2574 in
1783 2545 1853 2574 ore

229 2600 404 2641 duorum
443 2600 503 2643 vel
540 2602 662 2643 trium
699 2604 862 2644 testium
897 2606 976 2644 stat
1007 2614 1129 2644 omne
1165 2600 1353 2657 verbum,
1381 2601 1442 2644 vel
1464 2602 1610 2645 saltem
1637 2616 1759 2655 unas,
1782 2603 1851 2659 qui

230 2670 477 2726 quandoque
509 2671 657 2713 suflicit
683 2671 732 2713 ad
759 2684 944 2714 normam
969 2684 1058 2715 can.
1084 2672 1166 2714 779
1193 2671 1247 2715 ibi
1274 2671 1578 2728 explicandam,
1603 2677 1641 2715 et
1667 2672 1705 2715 hi
1730 2676 1853 2715 testes

347 2775 357 2796 ¹
386 2773 485 2808 Sess.
516 2775 601 2808 VH.
631 2775 687 2808 De
714 2777 972 2811 sacramentis
999 2777 1039 2810 in
1065 2787 1220 2822 genere.
1247 2797 1288 2801 —
1316 2777 1329 2798 ²
1355 2778 1377 2811 3
1403 2789 1455 2822 p.,
1484 2789 1519 2822 q.
1550 2777 1677 2811 LXtV
1704 2789 1737 2811 a.
1758 2778 1778 2811 9
1804 2776 1852 2810 ad

234 2822 289 2854 11¹.
317 2841 357 2844 —
387 2822 399 2840 ²³
426 2821 566 2856 Psahn.
595 2822 783 2864 XXXIX,
812 2824 868 2857 13.
899 2845 940 2848 —
968 2826 982 2846 4
1007 2824 1028 2858 3
1055 2835 1105 2868 p.,
1135 2836 1170 2868 q.
1199 2823 1340 2865 LXIV,
1369 2836 1402 2858 a.
1430 2825 1466 2865 8,
1495 2824 1542 2859 ad
1569 2824 1632 2858 3¹²².
