1971 3261
165 183 234 216 140
567 181 651 215 Lm.
681 181 741 214 111
779 201 791 204 -
819 180 928 214 PARS
955 179 983 214 I.
1010 200 1022 205 -
1049 180 1105 214 De
1131 180 1397 215 Sam-amentis
1600 179 1692 215 Can.
1719 180 1789 214 8⁶21

163 303 200 345 S.
228 301 271 345 R.
292 300 332 346 C.
360 303 456 357 ipsis
480 300 630 343 auditis
654 312 745 342 cum
784 297 1123 342 Procuratoribus
1146 302 1186 341 et
1208 298 1436 353 advocatis,
1470 299 1520 342 ad
1547 298 1789 342 relationem

162 371 252 415 Emi
289 371 461 423 Pallotti,
485 373 596 413 stetit
619 372 656 412 in
686 369 878 424 Decretis,
914 375 953 413 et
989 369 1219 425 respondit:
1257 369 1448 412 “Iterum
1486 368 1789 426 prohibendum

162 431 243 485 tam
279 440 572 486 Sacerdotibus
595 439 808 483 celebrare
835 439 1082 491 volentibus,
1106 452 1228 496 quam
1264 439 1568 482 confluentibus
1593 442 1629 481 in
1656 438 1789 482 media

162 517 281 556 nocte
313 512 363 555 ad
399 511 617 556 Ecclesias.
651 516 690 553 et
722 509 1066 553 Communionem
1103 510 1424 566 deposcentibus
1444 546 1467 564 ‚‚
1487 525 1527 554 )).

278 581 335 624 Ex
371 580 519 635 Congr.
554 580 590 623 S.
628 577 762 624 Officii
786 579 797 601 1
838 579 1018 623 «Ssmus
1055 579 1097 622 D.
1131 579 1221 624 Ν.
1259 584 1370 623 motu
1406 582 1584 636 proprio,
1611 579 1787 635 benigne

160 652 377 708 indulgere
411 651 605 707 dignatus
638 655 697 693 est
722 654 764 693 ut
789 652 826 693 in
851 650 1026 707 singulis
1049 663 1263 694 sacrarum
1287 652 1495 707 virginum
1521 650 1792 693 monasteriis

159 722 383 765 clausurae
418 721 495 777 legi
530 720 727 764 subiectis
758 720 933 777 aliisque
965 720 1181 777 reliqiesis
1215 720 1438 773 institutis,
1469 720 1555 778 piis
1588 720 1790 775 (leonibus,

159 798 198 836 et
231 792 478 835 clericormu
511 791 770 841 semiuam'iS,
805 791 1017 847 publicum
1043 796 1112 834 aut
1137 793 1344 847 privatum
1371 791 1607 834 oratorium
1643 789 1792 834 habeu-

161 863 267 906 tibus
300 877 390 905 cum
421 861 630 920 facultate
661 874 801 905 sacras
832 864 991 918 speeies
1035 861 1301 905 habitualiter
1335 861 1486 905 ibidem
1522 861 1787 905 adservandi.

162 947 278 978 sacra
315 938 433 977 nocte
467 932 704 976 Nativitatis
740 932 784 975 D.
807 932 853 975 N.
880 932 907 975 l.
942 931 1013 976 Cb.
1048 937 1130 975 tres
1164 931 1332 975 rituales
1368 932 1526 985 Missae„
1554 932 1615 975 vel
1650 934 1790 986 etiam,

159 1019 230 1062 pro
266 1018 403 1047 rerum
439 1005 760 1060 opportunitate,
811 1016 888 1047 una
924 1008 1097 1054 tantum,
1131 1005 1308 1046 servatis
1351 1003 1581 1050 servandis,
1621 1002 1789 1058 posthac

158 1079 195 1119 in
231 1081 474 1132 perpetuum
495 1077 715 1133 quotannis
737 1074 955 1131 celebrari,
980 1080 1210 1131 sanctaque
1237 1073 1478 1117 Coiiimuuio
1500 1073 1691 1117 omnibus
1725 1075 1791 1129 pie

158 1146 391 1204 petentibus
423 1146 668 1188 iniussu-ari·
701 1151 838 1204 queat.
876 1145 1074 1189 Devotam
1125 1158 1221 1189 vero
1256 1144 1379 1188 huius
1415 1144 1477 1188 vel
1514 1144 1661 1187 harum
1697 1143 1789 1188 Mis-

159 1231 296 1262 sarum
333 1218 586 1261 auditionem
612 1217 801 1260 omuibus
825 1215 1093 1260 adstautibus
1115 1217 1164 1260 ad
1203 1216 1422 1274 praecepti
1452 1214 1788 1273 satisfactionem

159 1289 297 1332 valere
329 1289 475 1333 eadem
510 1288 714 1332 Sanctitas
746 1301 819 1332 sua
854 1301 1048 1344 expresse
1082 1287 1286 1331 declarari
1324 1287 1639 1337 niandavit...)>.

274 1360 461 1403 (ssonditio
494 1359 701 1402 servanda
736 1361 773 1401 in
811 1360 886 1402 bae
921 1358 1200 1402 celebratione
1247 1358 1484 1402 declaratur
1517 1371 1714 1414 expresse
1749 1360 1788 1400 in

155 1445 260 1487 resp.
295 1431 344 1474 ad
380 1430 552 1474 dubium
574 1429 600 1470 ².
640 1429 707 1474 «l.
741 1429 803 1473 An
840 1430 916 1473 boc
951 1429 1154 1473 indultum
1192 1432 1381 1486 importet
1408 1428 1646 1472 facultatem
1681 1428 1785 1472 cele-

157 1502 300 1546 brandi
325 1504 450 1545 etiam
474 1501 635 1558 apertis
665 1499 964 1543 Oratoriorum
987 1500 1131 1543 ianuis
1146 1501 1212 1544 9...
1239 1500 1298 1543 Ad
1328 1500 1336 1542 l
1363 1499 1565 1556 Negative
1585 1515 1623 1542 a.
1650 1499 1698 1542 Et
1721 1499 1788 1542 hic

158 1572 330 1616 verbum
365 1569 546 1616 Oratorii
580 1574 721 1615 stricte
754 1572 1006 1615 sumendum
1056 1584 1158 1623 esse,
1194 1575 1313 1627 prout
1347 1571 1422 1613 fert
1457 1575 1600 1613 natura
1637 1570 1784 1613 indulti

155 1649 297 1687 contra
332 1645 406 1698 ius,
442 1645 654 1698 rescripsit
686 1642 725 1685 S.
759 1641 801 1686 C.
836 1642 926 1685 ead.
982 1641 1061 1684 «11.
1097 1642 1158 1684 An
1210 1641 1418 1684 lndultum
1452 1638 1657 1685 Oratoriis
1690 1654 1784 1684 con-

154 1727 314 1758 cessum
350 1713 515 1757 extendi
552 1715 681 1770 possit
701 1713 750 1756 ad
776 1713 982 1756 Ecclesias
1005 1712 1307 1769 Religiosorum
1334 1724 1438 1769 quae
1464 1711 1628 1768 publico
1653 1712 1787 1755 tidelis

155 1785 293 1842 populi
331 1787 418 1828 usui
456 1784 757 1829 inser-vionti)...
793 1784 854 1827 Ad
882 1783 926 1826 ll.
950 1783 1165 1840 Negative,
1189 1783 1305 1826 salvo
1331 1788 1466 1826 tamen
1493 1783 1779 1839 religiosorum

154 1855 374 1912 privilegio
409 1857 447 1897 in
485 1855 619 1898 media
654 1860 772 1898 nocte
806 1854 970 1898 Missam
1005 1853 1301 1898 celebrandi».

272 1926 329 1969 Ex
356 1926 434 1969 illis
457 1925 706 1969 authenticis
744 1942 765 1966 α
785 1925 1195 1982 interpretationibus
1214 1929 1321 1978 (can.
1349 1926 1387 1979 (5,
1413 1924 1474 1982 ⁶20)
1499 1925 1783 1968 aestimandus

153 2003 213 2041 est
246 1996 550 2054 (paragraphus
582 2010 760 2054 sequens
791 1999 859 2052 qui
896 1999 957 2039 ius
993 2001 1109 2039 vetus
1152 1995 1319 2052 (nempe
1360 1995 1458 2039 illud
1483 1996 1520 2039 S.
1547 1993 1683 2040 Officii
1709 1995 1785 2039 De·

150 2072 308 2111 cretum
344 2067 660 2124 transcriptum)
694 2081 743 2110 ex
779 2069 938 2123 integro
974 2068 1157 2109 refert».
1191 2068 1215 2120 ξ
1249 2069 1286 2110 3.
1323 2065 1370 2108 In
1403 2065 1591 2108 omnibus
1626 2071 1781 2122 tamen,

152 2138 352 2194 particula
386 2138 652 2181 adversativa
686 2150 855 2181 normae
887 2140 906 2191 ξ
941 2137 1007 2190 ἑὲ,
1032 2136 1072 2194 a)
1098 2136 1312 2194 reliqiosis
1345 2137 1526 2180 scilicet:
1566 2137 1782 2180 «alicuius

153 2209 363 2265 religionis
398 2211 435 2251 in
469 2222 660 2264 genere»
700 2208 808 2266 (can.
835 2209 933 2263 488,
958 2208 1035 2265 5⁰)
1070 2222 1141 2250 seu
1177 2207 1218 2265 b)
1251 2208 1336 2265 piis
1371 2221 1546 2264 nempe:
1582 2208 1631 2251 ad
1668 2221 1783 2251 exer-

150 2280 280 2323 cenda
314 2270 441 2335 opera
474 2279 685 2336 religionis
719 2285 758 2322 et
790 2279 1003 2323 charitatis
1036 2279 1250 2322 destinatis
1283 2278 1358 2322 sub
1393 2276 1604 2323 Ordinarii
1630 2291 1778 2335 appro-

153 2351 315 2395 batione
346 2349 545 2399 (lomibus,
583 2353 686 2393 intra
721 2364 898 2408 quarum
931 2349 1134 2394 ambitum
1179 2363 1256 2393 non
1293 2356 1349 2393 est
1386 2350 1557 2393 dubium
1594 2363 1781 2406 compre-

150 2421 274 2464 hendi
308 2423 545 2473 seminaria,
577 2421 813 2463 oratorium
847 2422 1140 2478 quodcumque
1163 2421 1233 2464 sed
1263 2423 1426 2476 proprie
1449 2421 1605 2464 dictum
1628 2419 1778 2463 liaben-

153 2492 259 2534 tibus
294 2494 461 2547 insuper
485 2505 574 2533 cum
597 2491 804 2548 facultate
827 2491 1137 2534 sanctissimam
1162 2489 1482 2533 Eucliaristi'am
1506 2490 1782 2533 liabi'tualiter

152 2560 399 2604 asservandi
452 2561 541 2604 «de
575 2561 738 2604 licentia
782 2559 993 2606 Ordinarii
1029 2560 1106 2604 loci
1126 2576 1145 2602 ))
1186 2561 1292 2616 (can.
1334 2561 1442 2603 1265
1475 2561 1502 2619 ξ
1537 2561 1573 2603 1.
1611 2574 1648 2605 n.
1684 2560 1777 2618 20),

152 2637 268 2675 nocte
300 2631 551 2677 Natiuitatis
580 2631 746 2675 Domini
779 2646 800 2675 a
826 2633 959 2675 media
986 2636 1104 2675 nocte
1130 2644 1258 2688 usque
1282 2632 1331 2674 ad
1359 2644 1480 2674 unam
1518 2631 1659 2674 boram
1685 2636 1779 2674 ante

150 2714 358 2755 auroram,
385 2716 491 2744 uuus
514 2707 673 2745 tantum
698 2702 895 2745 sacerdos
931 2708 1014 2745 tres
1048 2700 1229 2744 rituales
1263 2701 1433 2753 Missas,
1468 2714 1573 2759 quae
1608 2701 1675 2745 tali
1711 2702 1777 2744 die

150 2772 201 2817 ab
235 2786 282 2816 eo
317 2773 517 2816 celebrari
553 2778 711 2830 queunt
744 2774 792 2816 ad
835 2786 1006 2816 norman
1041 2785 1130 2816 can.
1166 2773 1262 2827 806,
1298 2772 1325 2829 ξ
1362 2773 1397 2825 l,
1431 2777 1469 2815 et
1503 2772 1551 2815 ad
1590 2785 1775 2815 normam

269 2926 277 2946 ¹
309 2927 325 2958 l
354 2925 457 2970 Aug.
500 2925 602 2959 1907.
633 2926 674 2960 A.
714 2925 750 2959 S.
782 2926 817 2960 S.
846 2925 929 2965 XL,
961 2925 1040 2959 478.
1076 2946 1113 2950 -
1140 2924 1153 2946 '2
1179 2925 1224 2959 26
1251 2925 1347 2959 Nov.
1379 2925 1480 2959 1908.
