1971 3261
133 125 200 159 182
573 123 656 156 L1B.
686 122 757 156 ΙΙΙ.
788 142 799 147 -
827 121 938 156 PARS
963 121 994 155 I.
1025 95 1119 155 -WDe
1144 120 1409 156 Sam-amentis
1571 120 1665 156 Can.
1691 120 1762 155 851

135 245 286 289 buntur
313 257 332 287 a
359 242 497 297 Nobis,
521 255 565 286 ea
592 242 753 285 dilectis
775 241 882 291 filiis,
908 245 1009 298 quot
1033 240 1234 285 habemus
1258 243 1296 283 in
1330 237 1515 297 Oriente,
1539 253 1588 283 ex
1614 241 1763 297 quovis

135 318 230 368 ritu,
252 314 476 358 admodum
501 314 585 356 sore
611 312 738 367 utilia,
764 324 843 355 non
867 311 1001 354 solum
1026 311 1075 355 ad
1102 311 1443 354 inflammandum
1466 313 1503 353 in
1524 312 1583 354 eis
1602 312 1764 366 pietatis

133 387 341 439 ardorem,
364 385 433 428 sed
461 387 582 427 etiam
608 383 658 427 ad
687 387 874 427 mutuam
896 396 1043 426 eorum
1067 382 1333 426 concordiam
1368 381 1698 426 confirmandam
1722 396 1760 423 ³).

320 472 341 496 «
364 455 390 498 Ι.
425 455 561 498 Sacris
597 455 833 510 promiscuo
876 455 956 496 ritu
1002 455 1164 509 operari
1209 452 1496 496 sacerdotibus
1534 465 1585 496 ne
1620 452 1761 495 liceat:

135 532 348 584 propterea
382 538 480 569 suae
513 527 690 583 quisque
725 524 935 568 Ecclesiae
980 526 1060 567 ritu
1105 524 1420 568 Sacramentum
1458 522 1652 580 Corporis
1686 521 1762 565 Do—

134 600 230 641 mini
265 598 486 642 conficiant
520 601 559 639 et
595 598 891 639 ministrent».

253 668 339 712 Hoc
374 669 693 725 praescriptum,
724 667 776 710 ad
812 669 1168 710 consecrationem
1194 667 1302 723 quod
1327 669 1485 720 attinet,
1520 665 1762 709 translatum

132 742 206 785 fuit
239 743 277 783 in
312 752 401 783 can.
436 740 542 793 8163
579 741 688 782 circa
724 738 1128 781 administrationem
1177 752 1275 781 vero
1321 741 1359 781 in
1395 738 1504 782 hunc
1537 752 1627 780 can.
1661 739 1762 780 851.

133 815 157 866 ξ
192 812 229 854 l.
264 810 468 854 Sacerdos
501 823 668 853 sacram
701 809 1032 853 communionem
1065 808 1296 852 distribuat
1335 810 1573 866 (eidemque
1610 811 1765 865 praeci-

135 886 244 940 pitur
262 884 511 939 cuicumque
535 883 659 924 etiam
680 884 782 924 ritus
809 880 1022 924 orientalis
1046 880 1095 923 ad
1123 893 1309 923 normam
1334 882 1589 936 exceptionis
1607 892 1696 923 can.
1725 880 1764 935 1)

134 958 417 998 consecratam
450 966 500 996 ex
534 965 679 1011 azymo
710 965 822 1010 pane
855 951 919 994 vel
949 951 1220 1009 fermentato,
1270 950 1497 994 secandum
1543 950 1765 1008 proprium

133 1024 361 1069 sacerdotis
392 1023 535 1078 ritum,
570 1036 651 1081 quo
687 1036 777 1066 eam
812 1026 1029 1066 consecrat
1061 1022 1111 1065 ad
1146 1034 1333 1065 normam
1374 1034 1464 1066 can.
1500 1021 1597 1065 816.

252 1094 386 1138 Huius
418 1094 458 1152 ξι
492 1096 780 1150 exceptionem
827 1094 1116 1150 depromptam
1161 1093 1211 1136 de
1259 1091 1386 1136 verbo
1419 1093 1470 1136 ad
1509 1091 1682 1136 verbum
1716 1104 1765 1135 ex

134 1168 238 1210 cit.⁸”⁸
271 1171 414 1210 const³.
449 1179 489 1209 n.
523 1165 555 1208 ll
588 1164 757 1208 exhibet
788 1164 816 1223 ἓ
850 1165 886 1207 ⁶2.
919 1162 995 1208 Ubi
1018 1177 1112 1207 ivero
1137 1163 1178 1220 a)
1201 1163 1433 1207 necessitas
1467 1169 1615 1221 urqea!
1643 1176 1681 1205 v.
1705 1176 1764 1219 gr.

135 1239 374 1280 imminenie
419 1241 550 1279 morte
594 1235 728 1280 tidelis
770 1236 940 1279 alterius
985 1238 1087 1279 ritus
1130 1235 1264 1293 quoad
1308 1248 1455 1291 panem
1493 1233 1561 1277 illo
1596 1237 1634 1277 in
1669 1246 1765 1278 casu

136 1310 216 1351 iam
250 1312 553 1361 consecratum,
572 1307 780 1364 simulque
803 1307 970 1350 deliciat
995 1306 1189 1350 sacerdos
1212 1306 1399 1349 eiusdam
1425 1307 1526 1349 ritus
1549 1318 1597 1349 ac
1621 1304 1767 1358 tidelis,

136 1379 185 1423 ad
222 1392 410 1422 normam
446 1391 534 1422 can.
572 1379 670 1433 866,
703 1380 727 1432 ἓ
760 1378 798 1432 3,
834 1382 903 1421 aut
936 1380 1059 1421 etiam
1111 1391 1182 1433 pro
1220 1377 1483 1434 suscipienda
1519 1376 1766 1420 eucharistia

136 1450 457 1505 exdevotione,
491 1449 657 1506 quando
691 1449 802 1492 solus
837 1451 952 1505 panis
991 1448 1194 1492 habeatur
1228 1453 1494 1492 consecratus
1528 1450 1567 1490 in
1602 1447 1768 1491 diverso

139 1524 215 1564 ritu
251 1534 373 1578 quam
409 1523 460 1564 sit
495 1523 595 1563 ritus
627 1520 856 1564 sacerdotis
889 1520 1016 1563 solius
1056 1522 1282 1576 praesentis
1322 1532 1399 1562 non
1437 1521 1578 1573 ieiuni,
1616 1518 1656 1575 b)
1691 1515 1765 1561 aec

135 1591 332 1635 sacerdos
365 1591 522 1635 diversi
555 1591 665 1634 ritas
699 1604 747 1635 ac
782 1591 903 1645 illius,
938 1604 1019 1648 quo
1052 1591 1247 1634 sacerdos
1281 1593 1590 1633 ministraturus
1626 1591 1767 1640 utitur,

136 1662 263 1718 adsit,
289 1665 326 1705 in
352 1676 616 1720 quocumque
652 1664 777 1719 igitur
809 1675 906 1705 casu
940 1661 1102 1705 duabus
1138 1663 1284 1704 vestito
1317 1659 1638 1715 conditionibus,
1672 1659 1769 1702 lieet

136 1733 177 1790 a)
210 1732 423 1777 sacerdoti
455 1732 658 1776 orientali
692 1732 764 1790 qai
795 1732 1052 1790 fermentato
1086 1732 1236 1783 utimr,
1275 1732 1522 1774 ministrare
1555 1729 1764 1774 Euchari-

135 1804 262 1847 stiam
295 1804 339 1846 in
372 1818 515 1861 asisino
550 1809 804 1858 consecrato,
841 1803 1021 1846 vicissim
1059 1803 1099 1859 b>
1131 1802 1265 1846 lalirio
1300 1806 1335 1853 c)
1369 1808 1442 1845 aul
1466 1800 1670 1845 orientali
1697 1800 1768 1858 qai

139 1881 181 1918 ut
205 1876 353 1919 latinus
378 1875 514 1917 utitur
537 1889 681 1933 azymo
705 1879 963 1929 consecrato,
998 1864 1244 1916 ministrare
1269 1874 1308 1915 ιή
1333 1872 1589 1931 fermentato
1623 1871 1769 1928 supple

137 1952 399 1994 consecrato:
444 1952 487 1989 a!
530 1946 787 1989 servandum
831 1950 891 1988 est
925 1958 944 1988 a
980 1945 1195 1988 sacerdote
1239 1944 1314 1987 suh
1349 1944 1390 2001 a)
1427 1943 1467 2000 h)
1503 1949 1541 1986 et
1575 1943 1615 2000 c)
1653 1955 1769 1999 prae-

138 2020 336 2074 scriptum
372 2031 569 2074 sequens:
604 2031 724 2059 suum
758 2016 932 2074 quisque
964 2016 1096 2058 ritum
1129 2015 1407 2058 ‘niim‘strcmdi
1451 2014 1585 2072 quoad
1628 2027 1772 2071 preces

139 2094 178 2132 et
209 2093 505 2136 caeremonias,
542 2092 662 2145 prout
697 2090 734 2130 in
772 2089 947 2144 propriis
981 2086 1096 2130 libris
1131 2087 1337 2142 liturgicis
1372 2085 1569 2142 probatis,
1602 2098 1773 2127 servare

139 2160 266 2203 debet.

262 2265 337 2300 169.
371 2269 428 2301 De
456 2269 762 2300 communione
800 2268 879 2301 sub
920 2276 1004 2299 una
1043 2268 1220 2299 tantum
1249 2267 1405 2306 specie.
1435 2284 1476 2288 —-
1509 2278 1523 2295 «
1544 2261 1673 2298 Sancta
1699 2261 1772 2296 Tri-

139 2326 285 2361 dentina
312 2324 503 2371 Synodus¹
533 2325 697 2365 declarat,
728 2325 818 2359 hano
845 2328 1048 2370 potestatem
1077 2328 1240 2369 perpetuo
1277 2324 1310 2357 in
1347 2313 1496 2358 Ecclesia
1524 2321 1640 2362 fuisse,
1671 2325 1709 2356 ut
1736 2321 1771 2355 in

141 2389 440 2419 sacramentorum
468 2384 742 2429 disponsatione.
772 2383 867 2418 salva
893 2383 1030 2418 illorum
1061 2382 1270 2423 substantia,
1299 2393 1338 2417 ea
1365 2386 1530 2416 statueret
1546 2380 1596 2416 vel
1613 2385 1773 2418 mutaret,

141 2454 231 2488 quae
258 2443 523 2488 suscipientium
554 2443 692 2477 utilitati
721 2454 780 2478 seu
808 2442 962 2488 ipsorum
990 2446 1287 2476 sacramentorum
1318 2440 1530 2476 venerationi
1554 2450 1613 2485 pro
1640 2449 1772 2474 rerum.

144 2509 339 2548 temporum
366 2507 399 2537 et
426 2503 577 2537 locorum
617 2503 782 2537 varietate
821 2502 931 2546 magis
966 2501 1126 2546 expedire
1162 2500 1328 2535 iudicaret
1349 2514 1379 2534 ›>.
1422 2498 1513 2534 Hinc
1551 2498 1710 2534 definivit
1737 2498 1772 2532 in

141 2572 217 2596 can.
245 2561 277 2595 2.
313 2576 326 2592 α
350 2561 383 2596 Si
412 2561 489 2606 quis
516 2561 652 2599 dixerit,
679 2566 836 2595 sanctam
866 2559 1051 2595 Ecclesiam
1080 2559 1288 2594 catholicam
1318 2569 1388 2593 non
1418 2558 1519 2593 iustis
1545 2557 1660 2592 causis
1675 2562 1707 2592 et
1725 2567 1773 2591 ra-

144 2620 297 2654 tionibus
323 2620 509 2654 adductam
541 2620 658 2663 fuisse‚
689 2626 721 2654 ut
753 2620 856 2654 laicos
893 2623 995 2664 atque
1034 2618 1136 2653 etiam
1172 2618 1317 2653 vclericos
1357 2628 1427 2652 non
1459 2616 1683 2652 conficientes
1709 2614 1773 2650 sub

149 2679 248 2724 panis
276 2679 517 2714 tantummodo
544 2680 655 2724 specie
682 2679 970 2720 communicaret,
1002 2683 1062 2712 aut
1090 2678 1123 2711 in
1144 2688 1181 2712 eo
1200 2688 1346 2718 errasse,
1370 2678 1410 2711 A.
1428 2675 1463 2711 S.
1488 2690 1518 2710 n.
1549 2675 1646 2718 Quas
1666 2674 1774 2709 iustas

146 2750 268 2774 causas
294 2739 395 2774 nohis
421 2738 560 2773 haurire
588 2738 688 2773 liceat
714 2749 752 2773 ex
783 2738 819 2772 l).
850 2737 992 2778 Thoma‚
1020 2736 1078 2782 qui
1097 2735 1110 2756 ‘2
1147 2737 1244 2771 docet
1282 2737 1350 2771 sic.-
1389 2751 1403 2769 «
1424 2736 1515 2771 circa
1543 2745 1643 2769 usum
1670 2733 1774 2768 huius

262 2881 271 2901 ¹
300 2880 392 2922 Cap.
419 2881 453 2920 2,
485 2891 581 2913 sess.
609 2879 705 2912 XXI
734 2879 778 2913 de
807 2879 893 2914 Res,
920 2900 961 2903 —
988 2878 1001 2899 ²
1027 2880 1068 2911 3³
1095 2878 1136 2913 P.
1163 2890 1198 2921 q.
1229 2877 1391 2930 LXXX.
1419 2888 1450 2910 a.
1479 2876 1521 2909 12
1548 2886 1648 2918 corp.
