1971 3261
163 122 255 158 Can.
284 121 482 156 1041-1042
680 121 765 155 TIT.
794 122 880 156 VII.
911 142 921 148 -
950 123 1006 157 De
1034 124 1292 158 Matrimonio
1729 124 1790 158 531

164 240 367 284 Formulis
398 240 436 284 S.
471 238 613 297 C0ng⁸.
648 241 698 283 de
735 241 852 297 Prop.
890 240 986 284 Fide
1020 254 1125 298 quas
1159 244 1195 284 in
1232 241 1307 285 bac
1342 247 1456 298 parte
1495 248 1798 286 commentatas

167 312 260 355 vide
295 312 415 354 infra.

282 382 379 425 433.
416 383 682 428 Contraria
724 387 1032 430 consuetudo
1077 389 1393 443 reprobatur.
1424 412 1479 416 —
1515 386 1694 430 Maxime
1740 389 1796 428 in-

163 458 287 496 terest
310 452 522 496 Ecclesiae
556 454 816 496 unilormitas
850 454 972 497 liuius
1007 456 1265 512 disciplinae.
1290 470 1337 500 eo
1372 457 1480 514 quod
1516 459 1620 500 sicut
1647 460 1682 499 in
1709 457 1799 500 aliis

161 526 432 569 sacramentis
479 524 614 581 quoad
667 527 863 568 materiae
897 539 943 569 ac
979 528 1133 569 t'ormae
1166 527 1438 571 accidentalia
1473 528 1676 571 stabilitas
1709 530 1796 571 uni-

161 599 305 650 tasque
337 594 583 650 disciplinae
618 597 799 639 maxime
833 600 1021 647 cavetur,
1046 600 1104 641 sic
1137 598 1257 641 decet
1292 599 1380 641 lieri
1418 613 1489 654 pro
1524 612 1643 654 posse
1679 601 1715 641 in
1753 598 1796 641 il-

162 665 239 709 lius
270 670 509 709 contractus
552 665 780 713 elementis,
817 669 885 724 qui
920 671 1168 711 sacramenti
1221 671 1472 713 matrimonii
1522 669 1794 713 substantiam

160 737 297 791 eflicit,
324 738 437 779 iuxta
462 736 609 779 Leonis
634 736 726 780 xtlt
748 750 875 794 supra
911 738 1163 781 declaratam
1199 744 1523 797 accuratamquc
1547 741 1794 784 doctrinam.

163 807 382 863 Propterea
416 809 631 864 opiniones
664 807 883 852 Doctorum
920 811 1030 853 circa
1065 811 1378 853 consuetudinis
1417 814 1497 853 vim
1532 816 1796 855 senescentes

161 879 339 921 resecuit
362 891 453 920 can.
477 880 602 922 1041.
633 877 898 922 Fonsuetmlo
932 879 1112 923 scilicet:
1148 881 1257 933 facti,
1283 894 1354 923 seu
1389 880 1611 924 diuturnus
1644 882 1794 938 agendi

161 962 233 1005 per
257 948 452 1005 populum
480 949 627 992 modus
649 947 756 993 liber
779 962 826 993 ac
851 951 1080 1005 unitor-mis,
1101 950 1142 1007 a)
1160 964 1309 993 novum
1331 950 1686 1009 impedimenteon,
1706 955 1795 996 sive

161 1019 392 1074 impediens
423 1021 514 1062 sive
546 1019 748 1063 dirimens
772 1019 988 1072 intimem,
1015 1021 1230 1065 videlicet:
1259 1021 1367 1078 (can.
1394 1021 1466 1079 28)
1496 1038 1517 1063 c<
1541 1023 1796 1067 consuetudo

162 1095 325 1147 praeter
359 1091 491 1148 legem
519 1090 966 1149 (impedimentorum),
990 1105 1097 1149 quae
1121 1095 1301 1136 scienter
1324 1106 1343 1136 a
1370 1096 1668 1137 communitate
1701 1108 1794 1138 cum

162 1164 301 1206 animo
335 1175 379 1205 se
413 1161 625 1218 obligandi
661 1168 827 1206 servata
861 1166 913 1206 sit
936 1179 976 1217 )›,
1011 1163 1054 1220 b)
1089 1169 1163 1206 aut
1198 1164 1507 1221 impedimentis
1544 1167 1794 1208 matrimonii

160 1232 413 1290 quibuslibet
446 1246 496 1276 ex
533 1235 622 1276 iure
654 1247 764 1278 nunc
798 1239 837 1277 et
871 1248 944 1291 pro
978 1239 1166 1291 tempore
1203 1236 1368 1291 vigente
1392 1235 1668 1278 eoez'stentibas
1702 1250 1795 1279 eon-

162 1303 315 1355 trmia,
338 1316 446 1360 quae
470 1309 514 1347 ut
538 1319 559 1345 «
583 1306 660 1347 iuri
685 1304 967 1349 ecclesiastico
991 1305 1293 1362 praeiudicium
1319 1307 1474 1357 atterat,
1501 1311 1663 1363 oportet
1686 1308 1793 1364 quod

162 1375 284 1418 fuerit
328 1374 649 1429 rationabilis»,
694 1375 771 1419 hoc
816 1377 854 1418 iu
899 1388 1058 1419 canone
1099 1375 1353 1432 reprobatur
1399 1390 1702 1433 «expresse».
1748 1390 1794 1421 at·

161 1446 334 1502 proinde
373 1461 393 1486 <c
418 1459 496 1489 non
533 1451 593 1489 est
622 1446 925 1490 rationabilis»
962 1453 1070 1502 (can.
1106 1447 1188 1504 ⁶27).

278 1516 377 1560 434.
413 1519 766 1574 Impedimenta
798 1520 986 1575 gradus
1019 1520 1222 1565 minoris
1255 1523 1304 1565 et
1337 1522 1555 1566 maioris.
1581 1545 1633 1551 ·-
1660 1519 1700 1562 ln
1736 1534 1796 1562 or-

159 1587 256 1631 dine
287 1588 337 1631 ad
375 1588 771 1644 impedimentorum
822 1589 1172 1645 dispensationem
1209 1590 1259 1633 de
1293 1603 1372 1647 qua
1408 1593 1544 1633 statim
1593 1590 1701 1648 loqui
1738 1593 1795 1633 in-

160 1659 290 1702 tendit
322 1658 478 1714 Codex,
512 1659 679 1703 inducta
715 1661 788 1703 tuit
821 1659 987 1703 Normis
1022 1660 1302 1717 peculiaribus
1328 1661 1340 1683 ¹
1376 1660 1491 1718 (Cap.
1515 1660 1595 1713 Vll,
1620 1667 1695 1705 art.
1732 1661 1795 1707 lll.

160 1743 228 1773 nn.
253 1729 443 1788 170-210)
468 1731 679 1774 distinctio
705 1731 1098 1788 impedimentorum
1137 1734 1248 1775 iuxta
1283 1746 1428 1776 eorum
1465 1738 1720 1776 momentum
1756 1736 1793 1776 in

162 1803 411 1844 matrimonii
455 1801 689 1859 disciplina,
723 1815 846 1860 quam
888 1802 1138 1846 divisionem
1184 1805 1333 1847 retinet
1367 1817 1461 1847 cum
1499 1803 1796 1848 mutationibus

161 1877 350 1929 respectu
399 1871 450 1915 ad
499 1871 694 1916 Codicem
744 1875 991 1916 necessariis
1039 1887 1129 1918 eim.
1164 1876 1300 1917 1049.
1339 1874 1367 1932 ξ
1407 1874 1443 1918 l.
1478 1873 1795 1931 Impedimema,

160 1947 281 1999 prout
314 1942 415 1986 haec
449 1942 809 1999 comprehendunt
842 1948 924 1988 tam
959 1944 1196 1987 dirimentia
1230 1957 1354 2002 quam
1392 1945 1675 2000 impedientia,
1702 1957 1793 1988 nam

161 2013 226 2057 lex
250 2026 329 2057 non
355 2013 572 2070 distinguit
604 2018 729 2072 atque
763 2015 1030 2071 impedientia
1070 2028 1236 2072 quoque
1269 2015 1577 2072 dispensantur,
1602 2018 1796 2073 quamvis

159 2084 236 2128 sub
271 2087 407 2141 priore
440 2085 659 2128 divisionis
691 2085 881 2129 membro
915 2085 1154 2129 dirimentia
1193 2085 1278 2129 sola
1313 2091 1541 2141 recenseat,
1577 2086 1687 2130 unde
1721 2089 1792 2130 ista

159 2155 318 2199 directe
361 2155 512 2198 divisio
556 2157 738 2212 respicit,
774 2155 864 2198 alia
896 2161 994 2198 sunt
1024 2155 1186 2213 ι([ναῑίηε
1218 2156 1397 2199 minoris
1430 2157 1597 2200 forsitan
1633 2156 1684 2200 ob
1719 2160 1791 2199 mi-

159 2239 303 2270 norem
354 2239 625 2283 personarum
675 2230 980 2284 cognationem,
1016 2229 1052 2270 in
1088 2240 1168 2284 qua
1202 2227 1357 2284 gradus
1407 2230 1572 2284 proprie
1611 2233 1720 2283 sunt,
1755 2234 1792 2272 et

161 2297 255 2341 inde
278 2297 427 2341 horum
454 2311 603 2341 nomen
629 2298 1021 2355 impedimentorum
1059 2300 1269 2355 provenit,
1304 2298 1374 2342 sed
1409 2301 1505 2356 quia
1541 2312 1620 2342 non
1656 2312 1794 2343 recen·

160 2373 303 2412 sentur
335 2368 420 2412 sola
453 2371 713 2426 cognationis
746 2369 1057 2425 impedimenta,
1104 2368 1251 2412 melius
1296 2371 1621 2425 interpretantur
1668 2369 1792 2413 verba

165 2439 365 2496 «gradus
400 2442 571 2483 minoris
594 2456 614 2481 2>
647 2440 759 2484 velut
792 2442 830 2482 in
867 2441 1050 2483 inferiori
1087 2442 1231 2496 posita,
1255 2452 1363 2498 quae
1398 2442 1435 2483 in
1471 2442 1607 2484 citatis
1640 2443 1796 2483 normis

165 2526 185 2550 «
212 2512 369 2554 minora
406 2511 750 2567 impedimenta»
787 2524 954 2568 quoque
987 2510 1250 2568 appellantur
1283 2511 1379 2568 (loc.
1413 2513 1481 2556 cit.
1516 2525 1554 2555 n.
1591 2511 1794 2568 ⁶21),al1·‹1

163 2580 340 2624 maioris
374 2586 563 2638 respectu
598 2583 896 2638 praefatorum.

277 2651 305 2710 g
329 2652 367 2696 ⁶2.
396 2650 695 2710 Impedimenla
724 2652 888 2710 φ’(ιιίηε
920 2652 1100 2696 ‘minoris
1132 2659 1256 2697 sunt:
1278 2679 1334 2684 —
1354 2656 1394 2696 1⁰
1420 2652 1792 2711 Consanquim'tas,

161 2722 213 2765 de
246 2735 326 2779 qua
358 2725 465 2766 sicut
498 2722 549 2766 de
583 2722 703 2766 lineis
736 2728 775 2766 et
809 2722 1008 2779 gradibus
1040 2725 1130 2767 eius
1162 2728 1221 2767 est
1254 2736 1344 2767 can.
1380 2725 1433 2767 96
1470 2725 1548 2767 iam
1584 2737 1793 2767 commen-

279 2830 290 2851 1
318 2828 421 2863 Ordo
456 2828 673 2863 servandus
709 2829 749 2863 in
788 2829 854 2863 SS.
885 2829 1286 2875 Congregationibus,
1316 2829 1611 2870 Tribunalibus,
1644 2828 1794 2864 Officiis

159 2876 359 2910 Romanae
386 2876 539 2910 Curiae.
567 2875 644 2910 CO.
673 2875 704 2920 Ι,
725 2877 779 2911 16.
