1971 3261
170 152 266 189 Can.
297 150 498 186 1056·1057
695 150 779 183 Ti'r.
807 149 891 183 VII.
919 169 930 174 -
958 148 1015 183 De
1041 149 1301 182 ,tlatrimonz‘o
1738 146 1809 181 553

169 271 266 315 huic
299 269 498 326 singulari
533 269 828 325 dispensationi
853 267 1243 324 computandarum,
1277 266 1317 323 c)
1353 266 1393 308 iu
1418 265 1806 324 dispensationibus

170 355 218 386 ex
254 341 464 385 ordinaria
501 339 563 383 vel
597 339 783 396 qualibet
815 338 1003 395 delegata
1041 342 1254 394 potestate,
1291 337 1353 381 vel
1389 339 1684 393 rescriptorum
1711 350 1806 380 exe·

170 414 350 466 cutione,
382 411 424 466 d)
455 423 533 468 pro
566 423 646 452 aon
679 408 937 467 paeqieribus
981 409 1209 452 secundnm
1245 408 1533 464 praecedentis
1558 410 1659 451 iuris
1683 410 1810 451 inter-

171 484 421 540 pretationes
453 479 694 533 Doctorum,
729 493 900 536 nempe:
937 493 1008 534 pro
1043 478 1105 522 his
1137 481 1206 536 qui
1243 491 1320 521 non
1360 481 1505 521 vivunt
1546 481 1731 534 praecise
1754 491 1801 522 ac

171 556 350 610 parciter
383 565 431 595 ex
467 551 709 608 quotidiano
761 553 925 606 proprio
977 549 1138 593 labore:
1173 562 1220 592 ac
1253 549 1519 605 subiungitur
1564 549 1801 604 praedictae

171 623 403 679 exceptioni
439 634 582 664 norma
619 620 740 665 liuius
772 623 965 664 canonis:
1001 620 1185 662 locorum
1219 619 1260 675 a)
1300 619 1526 662 Ordinarii
1560 632 1664 670 tcan.
1706 620 1809 674 198,

169 694 198 752 ξ
217 694 260 750 2)
280 693 322 747 b)
341 706 534 736 eorainre
551 691 758 749 officiales
776 692 924 734 Curiae
945 693 1050 733 inter
1068 704 1137 733 eos
1155 692 1223 747 qui
1246 695 1515 733 recensentur
1535 692 1572 732 in
1593 702 1682 733 can.
1704 689 1804 741 363,

170 765 199 823 ξ
232 764 270 818 2,
304 763 442 807 addita
479 763 675 806 incidenti
712 764 880 805 maximi
919 763 1113 804 momenti
1149 760 1358 804 clausula:
1401 760 1623 817 reprobata
1658 760 1807 817 (μαινίς

172 834 390 879 contraria
425 832 737 880 consuetudine,
772 846 865 875 cum
906 848 925 872 «
953 834 1028 874 iuri
1064 832 1207 874 divino
1240 831 1352 875 nulla
1387 831 1643 875 consuetudo
1680 832 1803 887 possit

172 907 433 964 aliquatenus
466 905 702 960 derogare»
742 907 846 955 (can.
884 902 1001 960 22}
1035 903 1092 956 1),
1126 908 1163 945 et
1198 902 1250 945 ob
1283 901 1510 945 clausulam
1541 901 1649 944 illam
1681 917 1699 942 «
1724 915 1802 944 non

171 980 221 1022 sit
257 975 555 1020 rationabilis»
592 975 682 1031 illm,
719 975 747 1032 ξ
781 974 839 1030 2),
875 976 956 1016 imo
979 973 1030 1016 de
1055 972 1401 1029 praecedentibus
1434 973 1654 1016 Codicem:
1686 988 1704 1013 ((
1726 978 1813 1015 tan·

173 1061 295 1106 quam
333 1049 432 1091 iuris
465 1046 724 1102 corruptelae
758 1048 1036 1101 corrigantur,
1071 1044 1164 1087 licet
1197 1046 1275 1086 sint
1311 1043 1677 1095 immemorabiles,
1702 1056 1808 1086 nere

172 1122 360 1163 sinantur
394 1121 432 1161 in
469 1122 678 1174 posterum
717 1118 1012 1159 rexiviscere»
1065 1118 1172 1166 (can.
1209 1113 1267 1171 ²5),
1316 1114 1465 1170 singuli
1517 1128 1615 1170 crgo
1651 1114 1815 1170 praedi-

172 1196 332 1235 ctorum
382 1202 565 1246 unquam
619 1192 826 1245 nequeant
860 1186 900 1243 a)
935 1186 1153 1230 occasione
1200 1199 1418 1229 concessae
1455 1184 1814 1242 dispensationis,

172 1261 339 1319 quando
373 1264 509 1317 posset
548 1275 568 1300 ((
593 1272 671 1302 non
708 1258 850 1302 haberi
884 1259 1104 1301 simonia»
1143 1257 1251 1313 (can.
1277 1256 1396 1313 730),
1422 1255 1803 1313 h)emolamentwn

174 1331 321 1386 ullam,
355 1330 463 1388 quod
498 1332 558 1373 eis
592 1328 877 1385 temporaliter
912 1330 1039 1385 prosit
1072 1340 1119 1371 ae
1155 1329 1284 1384 pretio
1317 1327 1588 1378 aestimabile,
1623 1327 1817 1383 eJiqei-e,

174 1416 252 1446 non
288 1407 424 1446 autem
463 1399 706 1457 prohibetur
740 1402 798 1443 eis
831 1403 975 1455 sponte
1008 1398 1191 1442 oblatum
1229 1400 1429 1454 recipere,
1455 1397 1494 1454 c)
1521 1398 1604 1440 nisi
1628 1397 1728 1439 haec
1750 1398 1814 1454 fa-

174 1473 310 1517 cultas
342 1488 366 1515 a
400 1471 561 1515 Sancta
597 1470 714 1525 Sede,
759 1484 780 1514 e
817 1483 897 1528 qua
933 1482 1112 1513 canones
1159 1473 1368 1523 emanant,
1419 1482 1615 1526 eoepresse
1646 1469 1721 1519 eis,
1756 1470 1811 1511 uti

174 1548 499 1600 recognoscente
533 1541 584 1586 ol)
617 1543 951 1586 circumstantias
985 1540 1165 1592 titulum,
1208 1538 1310 1582 data
1354 1538 1502 1597 faerit,
1537 1544 1604 1582 aut
1639 1538 1805 1595 speciali

176 1617 388 1672 rescripto,
422 1618 491 1657 aut
525 1627 573 1657 ex
615 1629 636 1654 «
660 1613 949 1669 praefinitione
984 1616 1174 1654 taxarum
1203 1624 1274 1667 pro
1302 1612 1428 1654 variis
1453 1609 1614 1654 actibus
1648 1609 1816 1653 iurisdi-

173 1688 321 1730 ctionis
358 1684 615 1728 voluntariae
652 1683 716 1727 vel
755 1697 827 1740 pro
860 1683 1129 1726 exsecutione
1165 1684 1460 1738 rescriptorum
1494 1681 1612 1724 Sedis
1645 1681 1820 1737 Aposto-

175 1757 292 1813 licae,
326 1769 432 1814 quae
468 1758 580 1813 prius
618 1767 640 1798 a
674 1755 779 1798 Sede
813 1753 1050 1811 Apostolica
1085 1753 1311 1810 approbata
1347 1754 1509 1796 suerit»
1550 1752 1659 1809 (can.
1686 1751 1809 1802 1507,

173 1829 201 1887 ἓ
237 1828 301 1885 1);
336 1833 376 1871 et
409 1828 475 1870 liic
509 1840 639 1870 canon
675 1826 926 1869 determinat
971 1838 1118 1882 «opus
1141 1824 1418 1882 adaequatum
1447 1823 1564 1867 alteri
1584 1839 1624 1878 »,
1663 1836 1734 1866 seu
1760 1825 1817 1866 iu-

175 1904 282 1943 stum
320 1901 560 1955 positivum,
593 1897 701 1954 quod
737 1901 798 1940 est
831 1895 1040 1940 obiectum
1088 1897 1252 1938 virtutis
1276 1897 1455 1938 iustitiae
1479 1896 1821 1949 commutatixae,

176 1972 295 2015 cuius
328 1969 453 2013 laesio
486 1968 709 2012 secumsert
745 1969 1022 2011 restitutionis
1065 1979 1181 2019 onus,
1227 1970 1443 2022 propterea
1489 1978 1661 2008 monens
1694 1964 1817 2008 edicit

176 2053 307 2086 canon
344 2043 382 2083 in
418 2040 517 2083 fine:
553 2045 592 2082 et
624 2039 662 2082 si
696 2038 914 2096 eaeqerint
948 2043 1092 2081 contra
1143 2038 1443 2093 praescriptum
1494 2035 1586 2088 hoc,
1622 2041 1819 2078 tenentur

177 2113 227 2156 ad
260 2111 530 2156 emolumenti
565 2113 871 2167 cuiuscumque
905 2111 963 2152 sic
998 2110 1131 2152 exacti
1168 2108 1475 2151 restitutionem
1503 2110 1539 2150 in
1564 2109 1817 2151 conscientia

178 2188 217 2227 et
252 2185 289 2226 in
326 2184 414 2226 foro
449 2181 674 2226 Ecclesiae.

298 2254 395 2298 451.
431 2255 767 2310 Exprimenda
815 2254 861 2297 in
910 2253 1366 2308 dispensationibus
1415 2253 1641 2307 potestas
1683 2251 1817 2294 dele-

179 2329 316 2383 gata.
336 2350 394 2356 --
414 2324 464 2368 Ut
490 2338 554 2367 res
579 2324 653 2367 fori
680 2325 840 2367 externi
866 2326 1025 2366 constet
1044 2322 1131 2364 lieri
1158 2321 1355 2378 legitime,
1375 2333 1422 2364 ac
1440 2319 1565 2363 dubia
1587 2319 1637 2363 de
1655 2318 1816 2375 dispen-

178 2398 384 2439 sationum
417 2394 558 2438 valore
583 2407 656 2451 pro
680 2393 868 2451 quolibet
892 2394 977 2435 soro
1002 2396 1348 2448 praecaveantur,
1384 2393 1538 2447 optimo
1563 2389 1733 2433 consilio
1757 2393 1816 2432 est

179 2466 370 2511 conditus
404 2480 495 2508 can.
532 2467 665 2508 1057.
705 2463 789 2518 Qui
822 2465 860 2519 a)
893 2477 944 2506 ea?
974 2468 1183 2520 potestate
1210 2476 1234 2505 a
1260 2461 1362 2507 Sede
1384 2460 1625 2519 Apostolica
1650 2460 1699 2504 ad
1725 2473 1818 2503 nor-

181 2550 290 2580 mam
325 2549 415 2580 can.
450 2537 491 2590 ἵ,
524 2548 573 2580 ac
608 2535 781 2592 proinde
801 2548 879 2578 non
904 2533 1217 2590 comprehensis
1239 2533 1456 2577 sacerdote
1480 2545 1527 2576 ac
1551 2532 1820 2585 confessario,

181 2608 279 2651 dum
315 2607 354 2650 hi
391 2611 636 2664 potestatem
672 2610 899 2650 exerceant
920 2607 958 2647 vi
979 2618 1070 2648 can.
1095 2604 1218 2658 1044,
1240 2604 1368 2657 1045,
1388 2617 1464 2648 nec
1483 2604 1591 2647 idem
1618 2603 1847 2656 praescri<

182 2678 292 2723 bitur
325 2681 435 2722 circa
471 2682 714 2734 potestatem
752 2677 804 2721 ab
838 2677 1032 2720 inferiore
1066 2675 1287 2732 Superiore
1321 2675 1603 2719 ecclesiastico
1627 2675 1821 2717 commis-

181 2762 283 2804 sam,
321 2748 362 2806 b)
396 2748 591 2806 delegata
627 2748 690 2792 vel
728 2762 800 2805 per
835 2746 1038 2791 indultum
1075 2746 1286 2803 generale,
1323 2745 1384 2789 vel
1412 2759 1483 2802 per
1508 2747 1753 2801 rescriptum
1779 2745 1817 2785 in

182 2832 279 2864 casu
316 2819 571 2876 particulari,
604 2832 724 2863 secus
756 2821 825 2876 qui
861 2832 909 2862 ex
947 2822 1148 2874 potestate
1197 2817 1422 2870 ordinaria,
1462 2814 1821 2873 dispensationem

183 2891 235 2935 de
268 2903 347 2948 qua
383 2892 421 2933 in
456 2889 534 2933 hoc
567 2888 709 2946 Capite
743 2894 945 2933 tractatur
980 2887 1221 2943 concedant,
1259 2888 1299 2931 in
1335 2887 1479 2931 eadem
1514 2887 1822 2942 dispensatione
