1971 3261
227 151 320 187 (lan.
347 150 415 185 807
617 150 699 184 Tm
728 150 796 184 III.
822 170 834 174 -
860 150 917 184 De
942 152 1198 184 sanctissima
1225 150 1481 184 Eucharistia
1794 152 1860 184 115

226 270 481 314 servandum
515 282 604 313 esse
636 268 848 322 decrevit3
885 268 1008 311 modo
1043 281 1120 311 non
1155 268 1261 312 desit
1296 267 1375 311 illis
1407 270 1523 324 copia
1550 269 1798 311 confessoris
1821 285 1859 310 ».

227 339 285 384 Ex
321 353 402 397 quo
435 341 623 396 sequitur
655 340 830 382 Sanctae
862 339 1017 395 Synodi
1054 340 1303 394 testimonio,
1338 338 1447 396 quod
1486 343 1659 395 urgente
1695 338 1760 381 illa
1797 351 1862 382 ne-

226 412 416 454 cessitate
439 422 487 453 ae
511 409 732 452 deficiente
757 411 874 465 copia
900 409 1157 461 confessarii,
1181 411 1395 452 excusatio
1420 411 1543 452 datur
1566 408 1617 452 ab
1651 408 1860 464 implendo

227 485 448 538 praecepto
490 481 763 523 confessionis
806 479 1148 535 praemittendae,
1184 484 1359 536 urgente
1399 483 1536 522 autem
1584 478 1860 535 prohibitione

225 550 451 595 accedendi
486 550 536 593 ad
571 552 909 594 communionem
935 552 973 592 in
999 554 1106 592 statu
1133 552 1290 605 peccati
1317 549 1516 605 mortalis,
1539 563 1611 593 seu
1636 563 1714 592 non
1743 562 1858 606 prae-

228 624 350 665 misso
394 627 488 666 actu
527 623 788 665 contritionis
833 622 1054 677 perfectae.
1103 647 1154 651 —
1196 622 1263 664 Sic
1302 620 1473 677 explicit
1506 633 1595 677 cap.
1635 620 1700 663 Vll
1735 620 1858 665 (lonc.

224 691 335 736 Trid.
376 708 396 733 <t
419 691 538 745 Quod
573 694 621 747 si,
655 694 900 735 necessitate
934 696 1123 748 urgente,
1155 692 1350 735 sacerdos
1383 691 1540 749 absque
1574 694 1742 748 praevia
1767 705 1859 735 con-

224 765 400 808 tessione
432 762 723 819 celebraverit,
753 765 1064 820 quamprimum
1110 764 1422 806 confiteatur».
1468 762 1585 806 Circa
1629 762 1855 806 clausulam

225 836 342 878 istam
378 835 452 877 fuit
485 834 679 877 damnata
713 832 764 877 ab
799 833 916 877 Alex.
956 832 1021 876 Vll
1059 833 1178 890 Prop.
1216 849 1236 874 c(
1262 833 1329 876 38.
1355 832 1592 876 Mandatum
1628 832 1855 876 Tridentini

225 907 378 949 sactum
427 905 633 949 sacerdoti
683 905 934 949 sacrificanti
969 917 1017 948 ex
1054 906 1300 948 necessitate
1343 918 1437 948 cum
1484 908 1654 960 peccato
1695 903 1856 947 mortali

223 975 447 1020 confitendi
481 977 793 1033 quamprimum
829 979 889 1018 est
922 974 1158 1029 consilium,
1192 987 1270 1017 non
1298 979 1563 1031 praeceptum
1591 989 1631 1016 ».
1661 974 1710 1017 Et
1733 977 1855 1017 etiam

223 1060 338 1105 prop.
378 1063 400 1088 «
424 1047 492 1090 39.
528 1046 598 1090 llla
632 1045 833 1103 particula
877 1047 1188 1103 quamprimum
1235 1045 1491 1102 intelligitur,
1527 1058 1619 1088 cum
1656 1045 1858 1088 Sacerdos

224 1131 298 1162 suo
332 1123 519 1174 tempore
551 1116 818 1161 confitebitur
844 1133 884 1160 ».

341 1187 480 1233 Codex
516 1190 653 1245 igitur,
690 1193 733 1231 ut
767 1188 873 1232 banc
906 1188 1134 1231 clausulam
1172 1188 1336 1231 tinalem
1371 1187 1496 1232 Cone.
1530 1187 1641 1231 'l‘rid.
1677 1188 1856 1245 discipli-

223 1272 365 1304 narem
400 1261 638 1316 expressius
670 1259 882 1309 decernat,
909 1264 1143 1315 opportune
1176 1271 1224 1302 ac
1258 1258 1440 1302 dilucide
1475 1258 1574 1302 illud
1600 1258 1723 1303 Cone.
1744 1258 1855 1302 Trid.

222 1335 347 1387 caput
380 1332 418 1372 in
452 1329 556 1373 duos
588 1342 769 1372 canones
801 1329 1043 1385 dispescuit,
1068 1342 1236 1385 nempe:
1261 1341 1351 1372 can.
1372 1329 1455 1371 856
1480 1329 1615 1386 quoad
1641 1341 1853 1371 accessum

221 1401 271 1444 ad
305 1413 467 1444 sacram
501 1402 840 1444 communionem
865 1404 905 1443 et
927 1399 1063 1457 quoad
1087 1399 1326 1443 sacerdotes
1351 1404 1610 1455 praesentem
1637 1413 1727 1442 ean.
1746 1401 1857 1444 807.

222 1470 427 1516 Sacerdos
459 1470 634 1529 quilibet
668 1470 887 1527 presbyter
920 1475 990 1514 aut
1022 1482 1157 1527 supra
1182 1469 1223 1527 a)
1252 1469 1332 1513 sibi
1354 1470 1543 1513 conscius
1563 1470 1728 1528 peceati
1751 1483 1856 1513 mor-

223 1542 339 1597 talia,
370 1542 551 1586 scilicet:
585 1544 721 1585 sciens
754 1540 900 1585 morali
935 1541 1186 1585 certitudine
1209 1543 1377 1598 gravari
1405 1547 1590 1597 peccato,
1614 1541 1722 1599 quod
1749 1554 1857 1584 mor-

221 1612 302 1657 tale
336 1613 504 1668 iudicat,
539 1611 578 1667 b)
612 1612 881 1671 quantumvis
914 1625 958 1654 se
989 1611 1216 1655 contritum
1250 1611 1475 1663 eaistimet,
1508 1624 1556 1655 ac
1591 1612 1686 1655 inde
1719 1616 1859 1655 certus

223 1683 436 1728 moraliter
483 1686 536 1727 sit
582 1685 759 1740 gratiam
806 1682 878 1726 Dei
924 1695 1208 1739 recuperasse,
1243 1696 1319 1726 nec
1352 1684 1486 1726 arceri
1521 1695 1542 1725 a
1576 1681 1858 1725 celebratione

221 1759 389 1812 propter
421 1757 585 1799 animae
619 1754 923 1811 indignitatem,
957 1753 997 1811 c)
1031 1753 1123 1796 sine
1152 1753 1392 1811 praemissa
1425 1753 1731 1796 sacramentali
1764 1767 1856 1796 eon-

219 1825 415 1885 fessione,
454 1839 527 1883 per
559 1838 686 1884 quam
719 1830 935 1882 peccatum
972 1825 1071 1868 illud
1107 1824 1318 1868 Ecclesiae
1352 1823 1544 1868 clavibus
1575 1823 1770 1868 subiiciat
1803 1826 1859 1867 in-

220 1897 378 1941 directe
410 1897 555 1941 saltem
589 1896 876 1952 auferendum,
911 1901 951 1939 et
983 1895 1031 1938 ad
1068 1908 1192 1953 quam
1228 1897 1318 1938 iure
1352 1895 1495 1938 divino
1530 1907 1604 1951 per
1637 1899 1855 1938 consuetu·

220 1968 361 2012 dinem
409 1968 735 2012 ecclesiasticam
784 1967 996 2011 declarato
1046 1971 1222 2023 tenetur,
1257 1965 1302 2022 d)
1337 1965 1515 2010 Missam
1559 1965 1771 2009 celebrare
1809 1979 1859 2008 ne

221 2038 398 2092 audeat;
429 2041 499 2098 qui
533 2052 659 2083 ausus
692 2039 868 2094 abesset,
904 2039 1071 2097 quando
1110 2053 1129 2079 <‹
1155 2051 1204 2081 ex
1240 2038 1378 2081 officio
1405 2037 1468 2081 vel
1494 2050 1544 2080 ex
1569 2036 1647 2080 alia
1682 2041 1857 2093 cogente

219 2123 343 2155 causa
376 2110 560 2154 scandali
594 2115 665 2153 aut
699 2110 893 2154 infamiae
918 2108 1178 2153 incumberet
1202 2107 1462 2152 celebrare»
1500 2107 1708 2165 simulque
1749 2126 1764 2146 «
1787 2107 1856 2151 de-

219 2186 326 2225 esset
368 2183 486 2238 copia
529 2181 769 2225 confessarii
793 2196 815 2221 »
855 2182 968 2223 iuxta
1004 2179 1144 2224 Cone.i
1178 2178 1304 2222 Τι’ίᾱ.1
1337 2191 1461 2235 supra
1499 2178 1751 2235 explicatum
1787 2178 1855 2221 de-

220 2257 396 2296 cretum.
418 2278 476 2283 —
508 2251 622 2295 Haec
654 2253 848 2308 supponit
883 2264 1139 2308 prosequens
1175 2262 1306 2293 canon
1342 2251 1381 2292 in
1410 2249 1592 2293 secunda
1620 2254 1733 2305 parte
1759 2251 1858 2292 iuris

224 2336 337 2367 mere
369 2323 657 2378 ecclesiastici,
691 2321 800 2380 quod
832 2322 882 2377 si,
918 2321 959 2379 a)
993 2321 1211 2378 deficiente
1253 2321 1375 2379 eopia
1417 2319 1686 2378 coufessarii,
1723 2333 1759 2362 v.
1794 2333 1855 2376 gr.

220 2396 315 2452 quia
351 2394 489 2438 nullus
520 2393 626 2437 alius
659 2398 720 2437 est
753 2395 931 2437 inveniri
966 2392 1176 2446 sacerdos,
1213 2392 1274 2435 vel
1310 2394 1380 2449 qui
1413 2391 1529 2435 adest
1573 2391 1856 2434 iurisdictione

219 2465 510 2509 sacramentali
545 2465 787 2508 destituitur
820 2467 946 2519 omni⁷
972 2463 1084 2521 (nam
1111 2466 1143 2506 si
1170 2463 1342 2507 baberet
1376 2463 1592 2506 limitatam
1627 2464 1736 2505 circa
1763 2474 1855 2517 pec-

219 2540 358 2579 catum
394 2535 510 2590 illud,
546 2535 639 2579 talis
672 2538 791 2592 copia
826 2549 904 2578 non
939 2535 1138 2578 deiiceret
1171 2535 1413 2578 confessarii
1438 2535 1616 2590 potentis
1638 2532 1856 2576 absolvere

219 2606 271 2650 ab
305 2607 452 2650 eodem
487 2611 605 2650 reatu
640 2606 841 2650 indirecte
876 2610 1045 2662 propter
1073 2617 1240 2648 causam
1265 2604 1537 2662 sequentem),
1566 2603 1605 2647 bi
1629 2608 1666 2645 el
1688 2607 1857 2657 arqenle

220 2677 468 2720 necessitate
500 2676 737 2720 celebrandi
773 2689 1038 2734 quacumque
1070 2675 1141 2718 sed
1180 2688 1278 2718 vera
1312 2687 1360 2718 ac
1395 2688 1473 2717 non
1510 2678 1667 2717 tantum
1709 2687 1756 2716 ex
1804 2673 1853 2713 ot'-

220 2748 314 2791 ticio
347 2761 441 2791 cum
476 2750 708 2791 animarum
742 2760 855 2798 cura,
890 2760 966 2790 nec
999 2747 1210 2790 sufficeret
1241 2759 1262 2789 e
1296 2750 1440 2789 contra
1468 2758 1572 2788 vane
1596 2746 1854 2795 existimatam

219 2817 289 2861 sed
314 2817 582 2861 adversative
605 2819 840 2861 internectit
864 2830 1019 2860 canon:
1045 2815 1186 2859 elicito
1215 2831 1235 2856 ((
1256 2821 1393 2858 tamen
1413 2830 1432 2856 >³
1457 2814 1675 2873 perfectae
1698 2812 1855 2855 contri-

221 2887 349 2931 tionis
382 2893 493 2940 actu,
529 2888 641 2931 velut
683 2890 714 2930 si
759 2888 941 2931 diceret:
987 2889 1148 2930 etiamsi
1181 2889 1313 2942 gratia
1351 2899 1422 2942 per
1455 2887 1745 2929 contritionem
1782 2881 1852 2925 ob-
