1971 3261
173 142 268 178 Gan.
293 140 364 176 958
745 140 829 175 Τιτ.
864 140 930 174 VI.
953 161 964 165 -
994 141 1049 175 De
1079 142 1224 176 Ordine
1735 141 1804 173 36&

291 259 351 302 4.⁰
397 257 588 301 Vicarius
620 272 670 301 uc
706 257 949 317 Praefectus
982 260 1261 317 Apostolicus,
1296 260 1428 303 Abbas
1472 259 1534 302 vel
1582 258 1803 302 Praelatus

173 329 347 381 nullius,
380 332 621 386 ceteroquin
661 345 681 370 «
709 343 851 374 sacrae
886 330 1157 375 ordinationis
1203 334 1377 375 ministri
1416 330 1800 381 extraordinarii»,

173 406 215 444 ut
250 400 447 454 vidimus,
479 401 528 443 ad
565 414 751 444 normam
785 414 874 444 can.
901 402 1000 456 957,
1030 402 1058 459 ᾗ
1092 402 1131 456 2,
1164 405 1417 460 quicumque
1451 415 1593 444 eorum
1621 407 1661 444 ut
1687 401 1800 450 tales,

169 473 267 528 quia
299 470 514 514 subditur:
549 471 590 528 c)
622 470 720 514 lice!
753 472 984 530 episcopali
1023 471 1269 515 charactere
1310 478 1497 520 careant,
1531 472 1714 516 clausula
1750 486 1798 515 ex

171 543 397 584 intentione
429 542 585 595 addita,
618 556 665 585 eo
699 543 807 599 quod
844 548 940 586 tunc
984 545 1174 587 conferre
1219 550 1425 601 nequeunt
1463 546 1537 586 nisi
1578 545 1797 599 «primam

170 617 379 655 tonsuram
415 617 454 656 et
486 613 653 656 ordines
687 616 927 668 minores»,
950 619 1128 658 attamen
1154 616 1203 657 ad
1232 615 1387 658 litteras
1411 616 1665 657 dimissorias
1689 614 1797 670 quod

168 685 326 727 attinet.
362 684 461 726 dare
497 690 664 741 possunt
699 698 767 728 eas
800 685 845 742 d)
869 685 996 728 etiam
1020 685 1075 728 ad
1098 685 1267 729 ortlines
1293 686 1472 729 arctiores
1500 685 1797 741 suscipiendos.

290 754 514 812 Hucusque
539 756 802 799 determinati
827 761 919 799 sunt
947 756 1096 800 limites
1119 760 1355 800 enuntiatae
1381 760 1592 813 potestatis
1616 759 1652 798 in
1680 756 1798 799 l'rae-

170 825 272 869 latis.
308 826 527 881 Quoddam
566 830 865 883 praescriptum
891 827 942 871 ab
966 842 1107 871 eorum
1134 828 1271 884 aliquo
1295 829 1547 871 serxandum
1574 828 1687 870 addit
1709 828 1736 885 Β
1762 827 1799 870 2.

181 896 370 940 wrm-ias
408 898 672 956 (opitularis
707 898 877 941 litteras
910 898 1192 949 slimissm·ia.s·‚
1217 913 1319 957 quas
1354 902 1477 956 possit
1511 899 1610 941 dare
1634 898 1683 942 ad
1711 912 1799 941 nor-

169 980 277 1011 mam
311 968 339 1026 ᾗ
376 969 410 1023 1,
448 982 484 1011 n.
519 969 576 1016 30,
611 983 662 1011 ‘ne
693 969 890 1012 comedat
924 970 978 1012 ris
1012 970 1083 1027 ’μα’
1106 969 1154 1013 ab
1177 969 1399 1028 Episcopo,
1424 972 1488 1013 cui
1513 974 1715 1026 sequutus
1738 974 1797 1012 est

168 1041 206 1082 in
231 1040 434 1083 dioecesis
459 1042 675 1096 regimine,
695 1045 735 1083 et
757 1040 834 1084 sul)
856 1043 975 1084 cuius
999 1043 1163 1084 nomine
1188 1041 1253 1084 hic
1283 1058 1303 1081 α
1331 1044 1440 1084 venit
1470 1054 1634 1097 quoque
1659 1039 1798 1083 Abbas

171 1110 233 1152 vel
270 1110 480 1154 Praelatus
515 1111 709 1154 nullius»
749 1116 857 1166 (can.
894 1111 997 1168 215)
1030 1117 1332 1169 consequenter
1366 1111 1471 1155 can.i
1496 1111 1577 1153 327
1611 1110 1638 1168 ξ
1676 1111 1709 1158 l,
1746 1111 1797 1154 al)

164 1180 357 1223 ordinum
391 1183 653 1238 susceptione
676 1182 823 1224 reiecti
847 1195 1017 1238 nempe:
1055 1185 1229 1238 positive
1252 1182 1426 1239 filerunt
1460 1194 1721 1239 quacumque
1745 1196 1794 1225 ex

165 1263 303 1294 causa.
338 1252 415 1295 Sed
451 1255 645 1309 quamvis
679 1253 820 1296 illicite
853 1253 905 1296 al)
940 1256 1026 1310 ipso
1059 1259 1200 1296 contra
1242 1253 1349 1296 linnc
1383 1256 1435 1307 ἕω
1469 1253 1797 1296 concederentur

167 1322 326 1365 litterae
359 1323 631 1378 dimissoriae,
667 1326 780 1367 iuxta
814 1324 1066 1367 declaratam
1097 1338 1193 1367 tero
1224 1329 1464 1380 potestatem
1501 1324 1602 1366 tales
1636 1324 1796 1367 litterae

163 1398 301 1437 essent
341 1394 659 1451 «legitimae».
696 1400 815 1451 prout
849 1398 1074 1452 exiguntur
1107 1396 1156 1438 ad
1193 1409 1378 1438 normam
1415 1409 1504 1439 can.
1540 1395 1636 1438 962.

284 1464 385 1510 Cum
410 1466 486 1509 sub
512 1479 548 1508 n.
570 1465 614 1508 4⁰
636 1466 876 1520 specialiter
910 1469 1175 1510 nominentur
1198 1466 1338 1510 Abbas
1374 1466 1434 1509 vel
1474 1466 1683 1509 l'raelatus
1707 1466 1794 1509 nul-

166 1536 258 1592 lius,
292 1540 360 1595 qui
401 1552 421 1578 ((
445 1539 483 1580 in
521 1539 609 1580 iure
636 1540 806 1580 veniunt
830 1539 996 1580 nomine
1021 1537 1211 1594 Episcopi
1241 1554 1256 1575 »
1286 1540 1391 1592 (can.
1413 1538 1510 1593 ⁹215,
1528 1537 1555 1595 ᾗ
1575 1537 1632 1593 2),
1650 1540 1794 1594 quaeri

166 1613 298 1665 potest
330 1621 379 1652 an
415 1608 651 1651 huiusmodi
688 1608 882 1652 facultate
915 1614 1083 1652 careant
1116 1614 1199 1652 tum
1235 1609 1605 1652 Administratores
1627 1609 1795 1663 Aposto-

165 1679 246 1735 lici,
281 1683 365 1722 tum
403 1678 469 1722 ille
504 1692 629 1736 penes
661 1692 783 1737 quem
819 1679 916 1722 sede
951 1680 1145 1736 impedita
1186 1685 1289 1723 «est
1324 1680 1526 1722 dioeces1s
1560 1682 1789 1735 regimen»

161 1751 213 1794 ad
249 1763 437 1794 normam
473 1764 563 1794 can.
589 1751 688 1805 429,
713 1756 837 1808 atque
862 1751 917 1793 illi
942 1752 991 1793 ad
1018 1764 1120 1808 quos
1153 1754 1375 1794 vicariatus
1408 1756 1477 1794 aut
1512 1753 1794 1807 praefecturae

161 1821 414 1877 apostolicae
452 1824 636 1865 vacantis
669 1834 768 1865 cura
803 1822 1033 1865 devenerit.
1057 1847 1114 1852 —
1136 1821 1242 1865 Huic
1276 1824 1505 1879 quaestioni
1538 1823 1596 1864 sic
1630 1823 1706 1864 erit
1731 1834 1792 1864 re-

163 1891 467 1947 spondendum.
503 1891 643 1935 Abbas
679 1891 741 1934 vel
778 1891 990 1935 Praelatus
1033 1892 1190 1935 nullius
1229 1894 1469 1934 nominatim
1512 1895 1792 1934 recensentur.

163 1964 258 2018 quia
295 1962 402 2005 idem
438 1967 499 2006 est
533 1965 832 2019 praescriptum
884 1963 933 2006 de
983 1965 1079 2019 ipsis
1123 1976 1168 2005 ac
1207 1963 1257 2005 de
1295 1961 1466 2006 Vieariis
1499 1967 1536 2004 et
1573 1962 1794 2004 Praefectis

164 2032 428 2089 Apostolicis‚
460 2036 528 2090 qui
565 2036 768 2077 nominari
804 2033 1054 2086 debuerunt,
1087 2038 1210 2090 atque
1243 2032 1614 2076 animadvertenda
1639 2032 1690 2075 de
1716 2031 1793 2076 illis

165 2105 202 2146 in
237 2117 395 2147 canone
431 2118 507 2147 non
544 2105 661 2148 facile
694 2105 919 2148 coadunari
957 2110 1143 2162 poterant
1167 2118 1259 2148 cum
1285 2104 1472 2147 dicendis
1495 2106 1603 2147 circa
1630 2103 1793 2160 Episco-

165 2188 249 2231 ρος.
273 2200 321 2206 -
344 2173 489 2227 Quoad
525 2176 894 2219 Administratores
928 2177 1185 2233 Apostolicos
1208 2190 1256 2218 ex
1283 2188 1370 2218 can.
1398 2175 1481 2217 31ἒ)
1503 2177 1658 2217 scimus
1681 2175 1788 2230 quod

165 2261 189 2286 «
213 2246 535 2290 Administrator
568 2247 831 2303 Apostolicus
852 2253 1155 2304 'permanenter
1188 2249 1433 2290 constitutus
1463 2245 1607 2288 iisdem
1634 2245 1792 2289 iuribus

164 2317 312 2360 fruitur
333 2330 382 2360 ac
408 2316 635 2374 Episcopus
670 2318 945 2362 residentialis
968 2335 988 2359 ))
1019 2319 1062 2376 (ς’
1090 2317 1143 2375 l),
1168 2322 1290 2375 atque
1315 2317 1359 2375 (ἓ
1384 2316 1426 2374 ’2)
1457 2332 1475 2357 «
1499 2319 1531 2359 si
1556 2316 1605 2359 ad
1631 2321 1793 2372 tempus

160 2388 283 2431 datus
315 2391 389 2433 sit:
426 2388 469 2431 10
492 2388 646 2433 Eadem
674 2392 761 2433 iura
795 2402 842 2433 ac
877 2390 1009 2432 otticia
1036 2389 1171 2443 habet,
1197 2401 1243 2432 ac
1272 2387 1458 2431 Vicat-ius
1479 2386 1728 2443 Capitularis
1751 2402 1790 2436 n,

161 2470 262 2514 ergo
295 2460 333 2501 in
368 2472 526 2503 canone
559 2473 681 2517 quem
715 2465 1047 2503 commentamur
1070 2459 1439 2502 Administratorcs
1462 2458 1594 2514 Aplci.
1623 2459 1790 2500 veniunt

163 2529 337 2573 iuridice
385 2530 607 2589 designati,
639 2534 870 2587 respective
914 2530 991 2574 sub
1035 2536 1088 2573 n.⁸
1123 2530 1164 2572 1⁰
1198 2537 1236 2573 et
1270 2529 1327 2583 3⁰,
1364 2532 1445 2572 imo
1478 2532 1516 2572 in
1552 2528 1628 2572 hoc
1662 2528 1791 2571 altero

159 2612 259 2643 casu
310 2605 502 2644 tenentur
550 2601 605 2644 illi
654 2615 826 2645 servare
859 2602 896 2653 §¹
928 2601 965 2644 Ξῖ
1002 2604 1320 2658 praescriptum.
1354 2626 1411 2631 —
1443 2600 1548 2644 Sede
1594 2599 1790 2656 impedita

163 2672 275 2714 iuxta
300 2684 390 2716 can.
414 2674 483 2716 cit.
506 2671 551 2729 (ἓ
585 2673 628 2730 1)
656 2689 676 2713 «
701 2674 902 2716 dioecesis
927 2675 1126 2729 regimen,
1160 2671 1203 2729 a)
1240 2674 1314 2715 nisi
1339 2675 1485 2715 Sancta
1511 2672 1639 2715 Sedes
1670 2671 1790 2714 aliter

163 2743 455 2798 providerit»,
488 2757 538 2787 ex
572 2757 652 2802 qua
694 2746 930 2801 provisione
968 2756 1013 2786 ac
1049 2746 1123 2786 isto
1156 2756 1313 2787 canone
1348 2744 1431 2786 958
1465 2743 1647 2786 eruenda
1682 2748 1787 2786 esset

161 2817 355 2869 potestas,
388 2827 512 2871 quam
546 2817 801 2873 quaerimus,
835 2814 936 2858 alias
967 2814 1006 2859 bi
1047 2830 1066 2854 «
1093 2827 1216 2870 penes
1249 2813 1440 2871 Episcopi
1468 2813 1674 2857 Vicat-ium
1709 2812 1787 2856 Ge-

160 2883 345 2928 neralem
369 2900 409 2941 »,
443 2898 490 2930 ac
525 2886 634 2930 nulla
670 2891 729 2929 est
762 2885 998 2939 difficultas,
1036 2900 1056 2926 «
1084 2885 1145 2928 vel
1187 2885 1312 2929 alium
1361 2887 1494 2928 virum
1540 2884 1786 2928 ecclesiasti-

243 2974 339 3003 BLAT
363 2990 382 2997 -
407 2975 532 3004 Comm.
565 2976 648 3005 Teme.
674 2975 750 3004 Coa.
775 2975 848 3003 Iur.
877 2975 958 3003 Can.
1194 3004 1196 3006 ,
1666 2974 1704 3001 24
