1971 3261
161 166 256 203 Can.
283 162 440 200 889-890
679 161 765 195 Trr.
796 161 862 195 IV.
894 183 905 187 -
936 163 990 197 De
1030 163 1271 197 Paenitentia
1725 161 1791 194 251
1842 131 1846 135 ⁴

159 288 266 330 atque
291 281 476 318 efficaciter
501 290 656 315 coercere
683 284 868 324 satagant:
900 284 1005 324 utque
1025 279 1058 313 in
1090 283 1262 325 posterum
1285 282 1353 313 tam
1384 278 1418 311 in
1439 277 1566 311 scholis
1594 277 1794 321 theologicis

163 352 268 388 quam
296 341 332 375 in
359 350 461 375 casus
488 337 639 379 moralis,
662 348 748 383 quas
776 342 899 372 vocant
926 338 1152 372 conserentiis
1177 337 1264 372 etin
1286 336 1433 382 publicis
1459 340 1491 370 et
1520 335 1552 369 in
1584 335 1726 380 privatis
1752 336 1793 370 ad

162 398 303 436 Clerum
330 397 616 440 allocutionibus,
645 400 678 431 et
702 396 1008 431 adhortationibus
1035 396 1228 431 sacerdotes
1255 395 1318 429 sibi
1340 394 1496 429 subditos
1515 394 1633 429 sedulo
1663 394 1793 429 edoceri

163 463 299 499 curent,
331 467 373 492 ne
399 456 483 502 quid
512 465 681 501 unquam,
712 455 893 490 occasione
922 455 1123 500 praesertim
1152 454 1336 489 Sacrarum
1365 453 1570 488 Missionum
1601 457 1633 488 ct
1663 452 1795 487 Exerci-

162 517 290 553 tiorum
319 514 576 562 spiritualium,
602 514 645 549 ad
673 513 907 549 confessionis
932 514 1197 548 sacramentalis
1229 512 1410 547 materiam
1445 512 1635 557 pertinens,
1674 511 1795 556 quavis

163 576 229 612 sub
258 576 368 611 forma
394 580 426 610 et
453 573 576 620 quovis
603 573 667 608 sub
695 577 889 618 praetextu,
919 584 961 607 ne
988 573 1098 607 obiter
1125 573 1265 617 quidem
1293 577 1323 607 et
1352 582 1413 606 nec
1441 572 1569 607 directe
1604 582 1716 616 neque
1744 570 1794 605 in—

162 636 293 671 directe
321 638 476 680 (excepto
502 643 583 668 casu
613 631 827 667 necessariae
853 631 1124 666 consultationis
1152 631 1243 665 iuxta
1281 631 1417 673 regulas
1443 643 1463 666 a
1490 630 1643 677 probatis
1679 634 1793 664 aucto-

164 694 262 730 ribus
287 693 433 729 traditas
461 691 723 738 proponendae)
754 691 788 724 in
816 690 888 725 suis
916 701 975 725 seu
1006 690 1153 735 publicis
1180 701 1238 725 seu
1268 690 1410 736 privatis
1437 689 1657 725 sermonibus
1689 689 1794 723 attin-

165 764 244 799 gere
267 752 441 790 audeant:
469 761 599 796 eosque
625 750 661 784 in
689 749 941 795 experimentis
969 760 1029 795 pro
1067 760 1187 783 eorum
1217 748 1458 783 habilitatione
1484 748 1527 783 ad
1562 747 1796 783 consessiones

163 811 388 858 excipiendas
416 810 478 846 hac
505 820 610 856 super
635 819 671 844 re
700 808 920 854 peculiariter
946 808 1141 843 examinari
1175 807 1329 842 iubeant.

284 869 320 906 S.
347 868 474 914 Congr.
510 867 656 904 confidit
684 867 863 903 neminem
890 877 930 901 ex
969 866 1190 901 confessariis
1230 866 1428 901 huiusmodi
1465 864 1795 911 praescriptionibus

164 933 494 966 contraventurum:
530 927 620 973 quod
664 926 690 960 si
727 937 827 961 secus
861 925 1039 964 acciderit,
1084 925 1245 970 praedicti
1287 924 1466 959 (lrdinarii
1506 928 1537 959 et
1579 922 1793 968 Superiores.

167 994 442 1034 transgressores
464 986 616 1032 graviter
644 989 823 1028 moneant,
855 984 1023 1019 recidivos
1049 984 1212 1028 congruis
1241 984 1360 1029 poenis
1389 982 1588 1028 percellant,
1618 993 1655 1016 ac
1687 982 1720 1015 in
1748 992 1797 1016 ca-

166 1048 264 1084 sibus
290 1046 509 1092 gravioribus
536 1045 708 1091 Supremo
734 1044 814 1079 huic
843 1043 947 1079 Sacro
985 1043 1165 1078 Tribunali
1196 1054 1267 1076 rem
1295 1042 1557 1087 quamprimum
1586 1041 1743 1076 deferant
1764 1053 1796 1073 ».

287 1130 385 1174 ⁶314.
423 1132 551 1176 Usus
593 1130 830 1175 scientiae
873 1141 935 1173 ex
979 1128 1292 1172 confessione
1338 1126 1521 1170 habita.
1557 1150 1582 1154 —
1617 1124 1800 1179 Sequens

168 1216 287 1247 error
321 1202 396 1244 fuit
429 1201 650 1244 damnatus
685 1201 722 1242 iu
750 1198 844 1242 Dec.
870 1199 907 1242 S.
934 1196 1070 1243 Officii
1098 1199 1135 1239 1;
1172 1196 1228 1239 De
1255 1198 1555 1252 propositione:
1588 1213 1602 1232 «
1625 1196 1800 1237 Scieutia

169 1288 218 1318 ex
252 1274 510 1318 confessione
542 1272 743 1329 acquisita
781 1272 836 1313 uti
873 1270 979 1322 licet,
1018 1268 1138 1311 modo
1174 1269 1241 1310 {iat
1275 1269 1363 1309 siue
1406 1266 1562 1309 directa
1597 1270 1665 1307 aut
1700 1265 1802 1306 iudi-

170 1348 283 1387 recta
319 1341 574 1386 revelatione
607 1340 673 1396 (ad
708 1352 800 1383 can.
834 1344 1001 1396 praec.¹²²
1035 1336 1258 1394 explicata)
1304 1341 1343 1379 et
1387 1336 1632 1391 gravamine
1667 1335 1802 1389 poeui-

170 1416 306 1468 teutis,
341 1415 416 1456 nisi
450 1412 562 1456 aliud
599 1410 727 1454 multo
761 1412 933 1467 gravius
956 1422 1005 1452 ex
1033 1421 1111 1451 non
1139 1421 1212 1450 usu
1246 1411 1457 1463 sequatur,
1485 1407 1521 1447 in
1558 1406 1676 1447 cuius
1698 1417 1805 1446 com-

172 1487 387 1542 paratione
423 1484 535 1539 prius
569 1478 718 1524 merito
752 1484 1056 1527 contemnatur,
1077 1478 1218 1522 addita
1243 1476 1394 1520 deiude
1418 1474 1694 1531 explicatione
1716 1476 1804 1516 sive.

172 1556 429 1610 limitatione,
465 1553 573 1612 quod
625 1555 676 1596 sit
726 1551 993 1608 intelligenda
1038 1550 1089 1593 de
1124 1563 1200 1592 usu
1233 1550 1431 1592 scientiae
1465 1560 1513 1589 ex
1549 1546 1805 1588 consessione

170 1628 399 1684 acquisitae
433 1638 527 1668 cum
562 1625 809 1681 gravamine
844 1623 1105 1679 poenitentis,
1139 1619 1300 1663 seclusa
1344 1629 1609 1675 quacumque
1647 1614 1805 1658 revela-

172 1700 296 1752 tione,
331 1701 474 1754 atque·
506 1697 544 1738 in
594 1707 705 1750 casu,
740 1706 822 1751 quo
857 1692 986 1736 multo
1021 1693 1154 1735 maius
1187 1701 1416 1747 gravamen
1451 1687 1637 1731 eiusdem
1674 1687 1809 1742 poeui-

175 1770 298 1812 tentis
331 1781 382 1811 ex
418 1780 497 1810 non
534 1779 609 1809 usu
643 1769 947 1822 sequeretur».

291 1840 499 1884 Statutum
532 1842 606 1891 est,
637 1836 829 1880 «dictam
866 1836 1206 1891 propositionem,
1239 1836 1442 1888 quatenus
1476 1829 1653 1872 admittit
1688 1840 1806 1870 usum

172 1911 309 1955 dictae
342 1911 540 1954 scientiae
574 1921 670 1952 cum
704 1908 950 1962 gravamine
990 1906 1252 1961 poenitentis,
1296 1903 1464 1945 omniuo
1509 1898 1807 1956 prohibendam

172 1995 278 2036 esse,
310 1983 433 2024 etiam
468 1993 562 2023 cum
598 1978 708 2022 dicta
741 1976 1019 2034 explicatione
1053 1978 1142 2019 sive
1177 1974 1483 2016 limitatione».

295 2051 508 2095 Praefatae
551 2050 806 2093 damnationi
852 2060 898 2091 ac
942 2047 1089 2090 eodem
1126 2048 1163 2088 iu
1198 2057 1321 2088 seusu
1365 2043 1557 2097 congruit
1592 2053 1681 2082 caiz.
1715 2040 1809 2081 <5¹90

173 2126 294 2168 cuius
327 2123 531 2166 connexio
565 2133 659 2164 cum
707 2119 971 2176 praecedenti
1019 2121 1140 2174 patet.
1174 2115 1201 2173 ἓ
1238 2115 1273 2157 1.
1312 2112 1490 2155 (maino
1524 2124 1596 2154 seu
1631 2109 1810 2153 totaliter

171 2192 412 2253 prohibitus
445 2197 506 2235 est
543 2194 579 2234 vi
615 2193 740 2234 etiam
785 2190 907 2234 buius
953 2190 1135 2241 canonis,
1171 2184 1441 2243 confessario
1465 2185 1523 2226 sic
1557 2182 1680 2234 dicto,
1715 2182 1810 2237 quia

175 2265 477 2309 confessionem
512 2261 856 2306 sacramentalem
895 2261 1063 2315 recepit,
1089 2271 1187 2301 usas
1210 2255 1383 2314 quilibet
1418 2253 1621 2296 scientiae
1652 2265 1724 2294 seu
1748 2264 1812 2294 co-

176 2337 373 2393 gnitionis
407 2336 710 2390 cuiuscumque
743 2346 794 2375 eJ:
827 2330 1089 2388 consessione
1122 2334 1319 2385 tanquam
1363 2327 1523 2381 origine
1564 2321 1810 2379 acquisitae,

176 2420 256 2451 nou
290 2406 459 2450 aliunde
491 2404 677 2457 habitae,
713 2403 782 2447 sed
820 2403 923 2446 hene
958 2400 1193 2445 adnotanda
1227 2403 1287 2441 est
1321 2396 1503 2440 conditio
1522 2393 1599 2437 sub
1622 2405 1701 2450 qua
1729 2405 1810 2435 mo-

176 2480 396 2535 tivumque
419 2478 676 2520 constituens
690 2474 1012 2531 prohibitionis:
1048 2484 1135 2513 eam
1159 2467 1408 2527 qraeamim
1431 2477 1696 2524 quocumque
1717 2476 1812 2520 poe-

175 2547 366 2603 nitentis,
400 2549 469 2605 qui
504 2547 807 2591 confessionem
835 2543 944 2587 illam
972 2543 1143 2599 peregit,
1168 2539 1345 2584 scilicet:
1385 2540 1474 2581 sive
1498 2547 1725 2592 gravamen
1751 2546 1812 2575 re-

177 2618 337 2662 dundet
362 2619 400 2660 in
428 2617 533 2661 bona
556 2618 645 2660 eius
678 2611 842 2659 animae
880 2613 941 2658 vel
977 2613 1176 2668 corporis,
1212 2622 1407 2653 rerumve
1442 2606 1814 2650 extei·ioruni.sive

177 2693 337 2732 tantum
385 2687 486 2731 illud
520 2689 572 2731 sit
606 2685 762 2729 morale
811 2683 1123 2728 incommodum
1180 2679 1513 2736 displicentiam,
1547 2689 1595 2718 ex
1636 2674 1704 2717 tali
1740 2686 1813 2716 usu

176 2759 313 2803 eidem
348 2770 630 2816 consequens3
667 2755 776 2800 unde
811 2755 1088 2799 contessarius
1124 2755 1256 2808 potest
1280 2751 1336 2793 uti
1363 2748 1542 2805 praefata
1567 2746 1751 2790 scientia.
1773 2748 1813 2785 ut

304 2910 315 2932 1
345 2909 388 2943 18
415 2909 514 2944 Nov.
545 2908 651 2942 1682.
