1971 3261
164 153 232 188 476
559 150 644 185 Liss.
673 151 746 184 ΙΙΙ.
776 171 789 175 -
815 151 927 185 PARS
952 150 983 186 I.
1011 169 1027 177 -
1052 151 1109 185 De
1135 151 1401 187 Sam-amentis
1581 153 1673 189 Can.
1704 153 1797 189 1006

164 276 263 318 lium
299 273 503 316 declarat:
543 287 563 312 «
583 270 762 315 Sabbato
795 271 963 328 quidem
1001 271 1275 327 Pontecostes‚
1311 285 1389 315 non
1427 273 1546 316 liceat
1579 274 1701 317 alicui
1735 287 1797 318 sa-

162 358 258 388 cros
291 343 459 386 ordines
492 341 721 395 celebrare,
745 355 839 385 cum
867 343 903 384 in
929 344 1117 399 sequenti
1142 345 1373 399 septimana
1399 343 1584 401 (recepta
1623 344 1799 400 Spiritus

163 416 300 459 Sancti
334 411 487 469 gratia)
524 411 851 466 celebrentur»,
903 411 1073 455 sabbato
1116 418 1215 455 [trite
1261 412 1518 456 dominicam
1570 413 1799 469 Passionis,

164 491 349 541 tempore
385 497 533 539 nempe
566 482 815 539 acceptabili
861 481 1218 539 Quadragesimae
1267 497 1315 527 ac
1364 484 1510 528 diebus
1556 485 1714 539 salutis,
1761 491 1800 528 et

166 555 347 599 Sabbato
383 554 554 597 Sancto:
589 567 676 607 seu,
711 557 756 596 ut
790 555 828 595 in
864 566 954 610 cap.
991 553 1014 595 3
1050 553 1143 609 (loc.
1188 556 1275 611 cit.)
1312 557 1423 598 iuxta
1468 558 1702 612 quaesitum
1737 569 1797 599 re-

164 626 410 683 spondetur:
451 625 544 668 «ad
578 624 942 678 subdiaconatum,
980 626 1055 667 nisi
1092 627 1129 667 in
1166 627 1389 681 praedictis
1413 625 1560 669 diebus
1583 626 1683 669 nulli
1708 626 1800 683 Epi-

165 710 400 753 scoporum,
436 700 726 753 praeterquam
759 694 945 738 Romano
983 695 1169 739 Pontitici
1216 695 1309 740 licet
1344 697 1505 754 aliquos
1543 697 1798 750 ordinare»,

165 770 360 826 quamvis
398 783 419 808 c<
442 780 526 818 eos,
560 768 629 824 qui
665 770 781 809 extra
817 770 1003 822 tempora
1037 771 1188 810 statuta
1232 780 1373 811 sacros
1419 767 1588 810 ordines
1634 781 1798 824 recepe-

165 844 272 893 runt,
321 838 607 881 characterem
641 838 696 891 (in
730 837 889 880 ordinis
936 836 1216 894 sacramento)
1257 851 1336 881 non
1371 842 1431 881 est
1464 837 1637 881 dubium
1684 851 1796 882 rece·

167 913 272 967 pisse
306 910 411 953 sicut
448 909 669 965 respondet
700 906 823 964 Greg.
862 907 914 950 {X
952 907 1153 964 Arcliiep⁰
1190 908 1389 952 Baranen.
1416 909 1442 951 1.

156 1040 164 1050 Δ
285 991 469 1036 Regulares
495 990 726 1025 obtinuerunt
762 990 981 1035 privilegium
1016 968 1206 1036 rccipiendi
1242 991 1382 1026 ordines
1413 995 1509 1026 extra
1542 995 1710 1037 tempora.
1744 991 1801 1026 Ait

163 1052 258 1088 enim
287 1051 414 1087 Bened.
444 1050 516 1086 Xlll
545 1050 580 1085 in
611 1048 715 1086 Conc.
746 1050 845 1085 Rom.
886 1048 991 1093 (Quo
1016 1060 1098 1085 vero
1123 1050 1166 1085 ad
1195 1050 1381 1095 Regulares
1401 1049 1695 1097 privilegiaaSS.
1719 1050 1803 1085 Pon—

163 1111 316 1146 tificibus
343 1110 510 1146 babentes
536 1109 609 1145 sive
634 1120 796 1155 expresse
825 1112 929 1155 (quae
956 1109 1076 1153 vigent
1113 1114 1187 1155 post
1222 1108 1386 1145 Codicem
1420 1120 1460 1145 ex
1494 1120 1572 1144 can.
1603 1109 1682 1148 613,
1708 1110 1727 1155 g
1752 1108 1799 1153 l),

163 1171 234 1206 sive
262 1181 321 1216 per
347 1170 438 1205 viam
465 1167 797 1204 communicationis
824 1179 991 1204 concessa
1017 1168 1129 1212 (nunc
1153 1168 1315 1213 abrogata
1353 1169 1395 1204 ob
1422 1168 1478 1204 cit.
1505 1170 1602 1213 can.)
1630 1180 1674 1203 ss‚
1709 1168 1801 1204 vide-

163 1230 241 1265 licet
269 1227 420 1265 Ordines
446 1233 543 1264 extra
568 1232 726 1274 tempora
752 1227 982 1273 suscipiendi,
1012 1238 1090 1262 cum
1121 1228 1302 1273 privilegia
1327 1229 1402 1274 ipsa
1429 1228 1464 1262 in
1491 1239 1553 1263 suo
1579 1227 1700 1263 robore
1727 1238 1801 1273 per-

163 1289 300 1330 sistant,
329 1299 391 1323 nec
418 1288 460 1322 iis
486 1288 688 1332 derogatum
719 1287 824 1322 tuisse
852 1291 995 1329 constet,
1022 1287 1244 1322 decernimus
1272 1288 1428 1333 proinde,
1460 1286 1645 1332 Regulares
1663 1287 1800 1322 eosdem

163 1348 295 1393 absque
322 1358 410 1382 novo
437 1347 574 1382 lndulto
602 1346 722 1392 Aplco.
753 1351 825 1381 tuto
856 1357 954 1392 posse
979 1350 1074 1381 extra
1101 1351 1260 1392 tempora
1286 1345 1493 1382 ordinari».
1516 1344 1615 1390 Quod
1635 1350 1802 1392 sequutus

164 1411 215 1442 est
242 1407 277 1440 in
306 1406 401 1452 praxi
430 1405 556 1441 Bened.
589 1404 678 1449 XIV,
707 1405 790 1439 dum
819 1409 909 1440 esset
943 1405 1107 1451 Archiep.
1147 1404 1388 1447 Bononiensis,
1428 1416 1498 1441 non
1532 1405 1692 1440 obstante
1724 1415 1802 1440 con-

164 1466 333 1501 troversia
359 1475 464 1510 quam
492 1469 743 1500 commemorat
769 1464 804 1499 in
833 1464 917 1498 lnst.
947 1464 1065 1499 eccles.
1095 1463 1213 1498 XXlll.
1241 1464 1296 1498 lsti
1325 1468 1455 1504 autem,
1484 1465 1573 1500 sicut.
1599 1469 1632 1500 et
1656 1463 1714 1499 alii
1747 1463 1804 1499 ob-

165 1525 317 1560 tinentes
344 1524 549 1570 rescriptum
578 1523 768 1569 recipiendi
797 1523 937 1558 ordines
965 1533 1080 1558 sacros
1098 1528 1193 1558 extra
1212 1528 1366 1569 tempora
1386 1523 1514 1559 debent
1535 1523 1582 1558 uti
1611 1534 1649 1559 eo
1679 1522 1802 1558 diebus

164 1589 304 1619 tantum
331 1583 520 1618 dominicis
547 1587 608 1618 aut
630 1582 725 1617 festis
752 1583 793 1618 de
816 1586 1008 1628 praecepto,
1028 1582 1086 1628 qui
1106 1582 1307 1617 deserviunt
1329 1594 1386 1628 pro
1407 1582 1602 1618 minoribus
1620 1581 1802 1617 ordinibus

164 1643 410 1690 suscipiendis,
439 1648 472 1678 et
498 1647 581 1677 sunt
608 1641 656 1676 illi
686 1643 743 1688 qui
773 1642 815 1677 de
838 1642 927 1676 facto
953 1646 1150 1682 servantur,
1181 1642 1233 1677 vel
1259 1641 1381 1677 saltem
1402 1641 1631 1677 inveniuntur
1650 1641 1686 1676 in
1705 1639 1802 1676 Cata-

167 1703 244 1748 logo
272 1702 353 1738 Urb.
387 1701 456 1736 vm
471 1702 494 1742 2,
522 1701 683 1747 quamvis
708 1700 825 1747 aplco.
853 1700 990 1736 indulto
1009 1700 1080 1735 sint
1099 1712 1296 1747 suppressa„
1317 1700 1363 1736 lta
1384 1701 1507 1736 docent
1526 1700 1759 1736 communiter
1772 1700 1798 1734 3.

283 1786 418 1829 Hodie
451 1790 591 1829 autem
627 1798 705 1827 non
741 1790 802 1828 est
838 1798 941 1841 opus
975 1783 1190 1840 Episcopis
1225 1786 1423 1840 rescripto
1448 1784 1595 1840 aplco.,
1620 1797 1667 1827 eo
1690 1783 1798 1840 quod

166 1860 280 1901 iuxta
300 1871 389 1901 can.
417 1857 466 1900 81
490 1856 682 1900 concedit
699 1855 727 1914 ξ
746 1856 784 1900 3.
808 1854 941 1900 Gravi
966 1861 1102 1898 {conen
1128 1869 1255 1898 caiisa
1281 1855 1584 1898 interveniente
1610 1869 1647 1897 v.
1666 1868 1728 1911 gr.
1748 1867 1798 1898 ex

163 1929 327 1972 det'ectu
352 1927 623 1971 Sacerdotum
642 1929 681 1969 in
706 1927 903 1981 dioecesi,
927 1924 1163 1983 Episcopus
1187 1942 1205 1966 <‹
1226 1930 1532 1969 consecratus»
1570 1924 1797 1983 (can.951)

161 2005 298 2057 potest
331 2013 401 2041 eas
436 1998 546 2041 licite
580 1996 731 2040 habere
764 1997 907 2051 etiam,
940 2010 1013 2040 seu
1050 2005 1214 2053 praeter
1238 1996 1327 2040 illos
1350 1997 1438 2040 dies
1464 2009 1695 2049 concessos,
1719 2009 1798 2039 non

166 2069 329 2115 illorum
367 2069 454 2112 loco
489 2071 565 2111 nisi
598 2068 836 2124 supradicta
874 2068 925 2111 de
965 2079 1104 2118 causa,
1136 2067 1177 2124 a)
1227 2066 1409 2124 quolibet
1456 2066 1524 2110 die
1571 2066 1801 2118 Dominico,

165 2142 288 2184 etiam
324 2141 554 2196 insequenti
592 2142 681 2195 post
713 2137 942 2181 Sabbatum
968 2140 1006 2181 in
1031 2151 1112 2195 quo
1134 2142 1326 2193 peractae
1345 2139 1499 2181 fuerint
1520 2137 1801 2180 ordinationes

167 2225 204 2255 v.
223 2225 283 2268 gr.
305 2213 342 2253 in
366 2210 695 2254 Resurrectionis
721 2210 835 2263 festo,
867 2208 908 2266 b)
935 2214 1009 2251 aut
1031 2208 1140 2266 festo
1164 2208 1214 2252 (le
1233 2214 1458 2266 praecepto
1486 2207 1798 2264 interpretando

167 2286 209 2325 ut
232 2294 371 2337 supra,
396 2295 443 2324 eo
466 2281 575 2338 quod
603 2283 664 2324 ius
684 2280 943 2336 praecedens
968 2284 1157 2336 respectu
1181 2280 1230 2323 ad
1251 2280 1369 2322 Sedis
1392 2279 1560 2335 Aplcae.
1583 2281 1800 2335 rescripta,

165 2365 272 2410 quae
296 2352 362 2396 hic
385 2354 444 2405 {¹¹⁵
467 2351 691 2406 substituit,
729 2351 879 2394 iisdem
915 2351 1118 2394 formulae
1155 2350 1293 2393 verbis
1311 2349 1627 2406 exprimebatur
1646 2349 1675 2390 4.

285 2483 416 2526 ¹Cap.
460 2483 503 2516 16
541 2483 606 2516 tit.
649 2482 729 2523 cit„
770 2482 828 2516 De
868 2481 1111 2526 temporibus
1140 2480 1436 2514 ordinationum
1477 2481 1532 2515 11.
1574 2479 1659 2513 Lib.
1687 2478 1719 2513 Ι.
1756 2499 1800 2503 -

163 2530 177 2552 2
204 2530 245 2564 C.
283 2546 296 2559 «
316 2530 514 2565 Universa
533 2545 547 2559 a>
583 2530 625 2564 13
653 2530 759 2574 Sept.
792 2530 896 2563 1642.

282 2579 296 2599 ³
322 2577 374 2610 Et
400 2577 562 2620 optime,
592 2577 684 2621 quia
712 2576 748 2610 S.
775 2576 820 2610 R.
849 2577 890 2617 O,
921 2575 962 2609 in
989 2586 1069 2609 una
1095 2574 1327 2615 Marsorum,
1357 2575 1417 2618 (12
1444 2575 1543 2608 Nov.
1578 2573 1679 2607 1531.
1704 2573 1796 2606 Dec.

164 2624 274 2658 auth.
301 2636 339 2658 n.
372 2624 478 2667 2682)
505 2623 551 2657 ad
579 2623 824 2668 quaesitum:
860 2639 874 2653 ‹
897 2625 927 2656 1.
959 2622 999 2656 Si
1027 2622 1206 2666 episcopo
1233 2621 1349 2655 detur
1378 2621 1546 2655 facultas
1573 2619 1798 2654 conferendi

163 2671 321 2705 ordines
349 2682 477 2705 sacros
504 2670 642 2705 diebus
666 2670 838 2714 festivis,
868 2673 1054 2715 potestne
1080 2669 1170 2702 illos
1198 2668 1373 2704 conferre
1401 2669 1440 2702 in
1468 2668 1606 2702 diebus
1632 2668 1795 2711 Aposto-

163 2719 302 2759 lorum,
332 2718 550 2762 ceterisque
576 2729 644 2762 per
670 2718 845 2762 Aplcam.
876 2716 1013 2751 Sedem
1039 2715 1270 2760 abrogatis?
1297 2715 1414 2749 Hisce
1444 2719 1576 2749 autem
1597 2714 1734 2748 diebus
1754 2713 1798 2747 li-

163 2769 276 2799 cetne
303 2765 479 2799 conferre
506 2765 625 2798 etiam
652 2765 809 2799 ordines
835 2765 1031 2798 minores?
1051 2779 1064 2793 2>
1099 2763 1136 2797 S.
1159 2762 1200 2797 C.
1230 2763 1413 2807 reposuit.
1429 2805 1431 2807 Ι
1450 2778 1463 2792 «ι
1483 2761 1732 2795 Affirmative
1750 2760 1798 2794 ad

166 2815 213 2846 1m
240 2818 412 2857 partem3
440 2818 480 2846 et
507 2812 628 2846 etiam
654 2812 701 2845 ad
727 2813 790 2847 2¹1¹.
820 2812 887 2846 sed
913 2822 1027 2845 mane
1053 2814 1212 2844 tantum
1231 2826 1264 2843 ».

282 2862 296 2882 ⁴
323 2859 549 2904 Ampliatur
573 2858 740 2892 facultas
767 2858 861 2893 haec
889 2859 930 2892 in
957 2858 1141 2892 Formula
1167 2863 1334 2902 utraque
1361 2857 1480 2890 tertia
1514 2856 1550 2890 S.
1578 2856 1794 2900 Congrega-

165 2906 287 2941 tionis
306 2906 351 2941 de
379 2907 492 2950 Prop.
522 2905 630 2947 Fide,
660 2917 749 2939 nam
775 2905 1005 2940 conceditur
1031 2904 1199 2939 Vieariis
1225 2909 1265 2938 et
1292 2902 1507 2937 Praefectis
1533 2902 1680 2947 Apicis.
1711 2901 1796 2936 cha-
