1971 3261
217 150 287 184 390

217 279 327 304 unum
365 268 487 302 saltem
514 277 663 307 annum,
693 266 927 302 subdiaconus
961 270 993 302 et

215 317 384 351 diaconus
421 319 490 349 tres
527 313 649 349 saltem
690 324 826 349 menses
865 314 899 348 in
932 325 993 349 suo

216 363 362 408 quisque
387 361 508 396 ordine
536 361 664 396 fuerint
691 361 828 402 versati,
850 361 917 395 nisi
938 372 992 396 ne-

214 409 356 445 cessitas
381 412 440 443 aut
476 408 607 442 utilitas
646 406 829 449 Ecclesiae,
866 408 993 443 iudicio

214 455 386 502 Episcopi,
413 454 508 490 aliud
533 459 705 501 exposcat.

262 508 280 546 ἓ
308 503 339 537 3.
371 501 557 548 Nunquam
585 507 715 542 tamen.r
745 502 811 536 nisi
831 502 872 537 de
893 513 991 548 pecu-

214 550 290 585 liari
311 549 450 585 licentia
467 549 612 584 Romani
635 548 825 589 Pontificis,
840 549 992 584 minores

215 597 354 633 ordines
380 607 459 632 cum
489 596 742 631 subdiaconatu
769 596 878 632 duove
903 595 991 632 sacri

214 644 354 681 ordines
391 655 461 679 uno
499 643 688 689 eodemque
714 643 782 685 die,
811 644 993 689 reprobata

215 691 337 738 quavis
362 690 538 726 contraria
575 690 840 731 consuetudine,
877 691 991 726 confe-

215 743 357 783 rantur3
387 739 456 773 imo
474 749 538 773 nec
557 737 706 783 primam
721 743 901 773 tonsuram
917 749 992 773 con-

216 787 302 822 ferre
328 785 407 820 licet
433 796 504 820 una
521 796 601 820 cum
619 785 737 831 aliquo
754 796 793 820 ex
811 785 993 820 ordinibus

215 832 419 872 minoribus
459 843 573 878 neque
609 843 731 867 omnes
764 832 903 868 ordines
930 833 992 867 mi-

215 891 317 916 nores
343 890 415 915 una
439 880 557 915 simul.

263 927 347 964 CAN.
373 925 453 962 979.
487 947 502 953 -
531 930 551 969 ξ
580 926 610 961 l.
641 926 703 961 Pro
728 926 862 962 clericis
879 937 993 962 saecu-

216 975 347 1011 laribus
371 974 495 1009 titulus
519 973 710 1009 canonicus
727 978 778 1009 est
795 973 918 1009 titulus
936 973 992 1009 be-

214 1022 343 1063 neficii,
363 1032 471 1067 eoque
489 1021 683 1062 deficiente,
714 1021 913 1067 patrimonii
933 1025 993 1056 aut

216 1069 407 1116 pensionis.
542 1078 544 1080 ’

262 1121 281 1159 ξ
307 1116 341 1151 2.
370 1115 434 1151 Hic
459 1115 581 1151 titulus
615 1115 715 1151 debet
749 1126 823 1151 esse
856 1120 889 1151 et
916 1126 992 1151 vere

214 1175 356 1200 securus
384 1174 443 1209 pro
476 1167 547 1198 tota
584 1162 733 1198 ordinati
762 1163 832 1198 vita
856 1167 890 1198 et
916 1174 993 1198 vere

214 1211 389 1247 sufficiens
406 1211 449 1246 ad
468 1221 657 1255 congruam
682 1210 838 1245 eiusdem
856 1215 992 1246 susten-

215 1260 394 1303 tationem,
427 1257 620 1293 secundum
653 1268 793 1292 normas
819 1257 862 1292 ab
890 1255 991 1293 Ordi-

214 1306 323 1341 nariis
351 1316 411 1351 pro
437 1305 584 1340 diversis
623 1305 775 1340 locorum
802 1309 834 1340 et
860 1310 991 1351 tempo-

214 1365 291 1388 rum
312 1352 578 1388 necessitatibus
595 1357 628 1387 et
645 1352 821 1387 adiunctis
840 1352 988 1387 dandas.

262 1399 345 1437 CAN.
372 1398 451 1434 980.
473 1421 488 1424 —
510 1403 528 1441 ξ
559 1399 589 1433 l.
607 1397 802 1435 Ordinatus
817 1399 852 1433 in
873 1399 991 1441 sacris,

213 1448 240 1482 si
256 1447 396 1483 titulum
416 1447 566 1488 amittat,
586 1446 695 1482 alium
714 1446 779 1481 sibi
800 1447 988 1492 provideat,

214 1495 295 1537 nisi,
313 1494 441 1530 iudicio
456 1493 626 1540 Episcopi,
656 1494 729 1529 eius
745 1504 917 1539 congruae
935 1506 990 1529 su-

213 1542 415 1578 stentationi
442 1542 543 1577 aliter
568 1545 710 1576 cautum
735 1542 792 1575 sit.

261 1593 280 1632 §
307 1589 339 1624 2.
370 1589 451 1633 Qui,
489 1589 576 1624 citra
612 1588 839 1634 apostolicum
882 1588 993 1623 indul—

213 1642 302 1681 tum,
330 1647 433 1672 suum
459 1635 639 1671 subditum
667 1636 701 1669 in
729 1635 836 1670 sacris
855 1636 931 1671 sine
949 1636 990 1670 ti-

213 1683 285 1719 tulo
310 1683 478 1719 canonico
502 1683 650 1718 scienter
675 1682 914 1718 ordinaverint
931 1687 991 1718 aut

213 1731 367 1766 ordinari
407 1730 642 1777 permiserint,
682 1729 810 1765 debent
844 1730 909 1776 ipsi
937 1741 990 1765 eo-

213 1789 360 1824 rumque
398 1788 611 1813 successores
647 1777 760 1813 eidem
787 1777 900 1822 egenti
928 1777 989 1812 ali-

610 147 695 182 Lm.
724 148 797 182 ΠΙ.
826 168 839 173 -
867 149 976 183 PARS
1003 149 1034 183 I.
1064 168 1076 175 -
1103 149 1159 184 De
1184 148 1449 184 sacramentis

1066 271 1185 302 menta
1210 267 1409 302 necessaria
1435 267 1610 313 praebere,
1636 267 1744 303 donec
1762 279 1842 304 con-

1065 325 1171 358 gruae
1196 313 1351 349 eiusdem
1378 314 1623 350 sustentationi
1647 314 1749 350 aliter
1770 326 1842 360 pro-

1066 362 1179 397 visum
1208 361 1321 397 fuerit.

1113 412 1132 450 ξ
1159 407 1191 443 3.
1221 407 1255 443 Si
1295 407 1484 454 Episcopus
1519 407 1682 454 aliquem·
1703 409 1842 444 ordina-

1067 455 1152 491 verit
1177 455 1253 490 sine
1278 455 1379 490 titulo
1405 455 1573 491 canonico
1590 466 1670 491 cum
1689 460 1788 501 pacto
1806 461 1844 492 ut

1065 503 1246 538 ordinatus
1272 513 1343 537 non
1372 507 1463 547 petat
1488 502 1531 538 ab
1557 503 1631 548 ipso
1663 503 1842 545 alimenta,

1065 550 1130 584 hoc
1157 554 1296 596 pactum
1322 550 1416 584 omni
1445 549 1476 584 vi
1503 554 1607 585 caret.

1114 595 1198 632 CAN.
1232 595 1311 631 981.
1341 617 1356 621 -
1385 596 1454 642 3¹1.
1475 595 1509 632 Si
1530 607 1572 632 ne
1592 608 1682 632 unus
1700 597 1842 642 quidem

1065 655 1105 679 ex
1132 644 1242 679 titulis
1267 644 1309 679 de
1334 643 1462 689 quibus
1487 644 1523 678 in
1551 655 1629 679 can.
1659 642 1740 685 979,
1761 649 1780 687 ἓ
1813 645 1842 688 1,

1067 696 1202 737 praesto
1227 691 1284 732 sit,
1325 690 1476 737 suppleri
1514 696 1622 737 potest
1647 691 1748 727 titulo
1773 703 1842 727 ser-

1068 738 1138 772 vitii
1167 738 1343 779 dioecesis,
1369 743 1413 778 et,
1439 738 1475 772 in
1503 738 1587 773 locis
1613 738 1738 775 Sacrae
1753 738 1843 774 Con-

1065 786 1257 831 gregationi
1298 785 1338 821 de
1366 785 1465 831 Prop.
1495 784 1575 821 Fide
1600 785 1776 828 subiectis,
1806 787 1844 821 ti-

1065 832 1137 868 tulo
1163 833 1352 871 missionis,
1394 832 1440 867 ita
1471 837 1589 868 tamen
1617 837 1652 868 ut
1678 834 1842 869 ordinan-

1065 880 1143 921 dus,
1160 880 1385 915 iureiurando
1404 880 1614 926 interposito,
1630 891 1666 915 se
1679 881 1843 916 devoveat

1067 932 1231 973 perpetuo
1245 926 1410 962 dioecesis
1423 931 1482 962 aut
1498 927 1674 962 missionis
1688 928 1840 969 servitio,

1066 974 1130 1027 sub
1157 972 1336 1010 Ordinarii
1365 974 1427 1009 loci
1463 985 1523 1020 pro
1549 978 1702 1020 tempore
1727 979 1842 1011 aucto-

1066 1026 1177 1058 ritate.

1112 1072 1131 1110 §
1165 1068 1198 1103 Ξ.
1240 1067 1450 1104 Ordinarius
1486 1068 1697 1115 presbytero,
1738 1080 1842 1115 quem

1067 1116 1274 1162 promoverit
1307 1116 1407 1150 titulo
1441 1115 1569 1151 servitii
1600 1115 1764 1152 ecclesiae
1791 1116 1843 1152 vel

1065 1163 1255 1203 missionis,
1275 1162 1375 1198 debet
1394 1163 1602 1198 beneficium
1622 1163 1673 1198 vel
1691 1163 1841 1199 officium

1067 1210 1117 1245 vel
1144 1210 1351 1252 subsidium.r
1393 1210 1436 1245 ad
1471 1221 1661 1255 congruam
1687 1210 1841 1246 eiusdem

1065 1259 1353 1293 sustentationem
1384 1257 1572 1311 sufficiens
1600 1259 1768 1293 conterre.

1113 1304 1195 1341 CAN.
1223 1303 1302 1339 982.
1335 1325 1351 1330 -
1380 1309 1398 1347 ξ
1430 1305 1458 1339 l.
1482 1304 1544 1340 Pro
1563 1305 1781 1350 regularibus
1799 1304 1842 1340 ti-

1064 1352 1158 1387 tulus
1183 1353 1373 1387 canonicus
1398 1357 1449 1387 est
1482 1352 1661 1387 sollemnis
1683 1352 1844 1397 religiosa

1068 1399 1231 1445 professio
1268 1410 1328 1435 seu
1367 1398 1501 1440 titulus
1532 1404 1567 1434 ut
1593 1399 1731 1441 dicitur7
1764 1410 1841 1445 pau-

1067 1447 1219 1493 pertatis.

1112 1494 1187 1536 ἓιὶ,
1220 1494 1282 1529 Pro
1316 1493 1486 1538 religiosis
1524 1498 1681 1529 votorum
1707 1493 1841 1540 simpli-

1066 1542 1157 1576 cium
1185 1545 1431 1587 perpetuorum
1469 1546 1520 1576 est
1557 1541 1679 1576 titulus
1710 1552 1842 1576 mensae

1064 1588 1260 1626 communis,
1292 1587 1563 1634 Conpreqationis
1594 1588 1724 1624 aliusve
1750 1588 1843 1623 simi-

1067 1636 1119 1673 lis,
1149 1636 1191 1671 ad
1220 1646 1379 1671 normam
1406 1636 1709 1671 constitutionum.

1112 1687 1131 1725 ἓ
1158 1682 1189 1716 3.
1217 1682 1327 1718 Ceteri
1359 1682 1523 1727 religiosi,
1551 1683 1655 1718 etiam
1682 1683 1725 1718 ad
1751 1682 1841 1718 ordi-

1064 1730 1216 1765 nationis
1231 1730 1371 1765 titulum
1386 1730 1477 1775 quod
1491 1730 1628 1770 attinet,
1640 1730 1714 1766 iure
1727 1740 1843 1765 saecu-

1065 1777 1191 1812 larium
1222 1782 1400 1822 reguntur.

511 1916 553 1921 -
580 1895 632 1930 cui
661 1899 799 1930 tantum
826 1895 1038 1931 conferenda
1064 1894 1108 1929 sit
1656 1893 1744 1930 Can.
1774 1893 1840 1930 973

273 1992 346 2027 Art.
376 1991 399 2026 Ι.
510 2011 550 2015 -
577 1991 742 2025 omnibus
1704 2003 1719 2023 n
1773 1987 1841 2025 974

224 2039 269 2074 De
287 2038 465 2085 requisitis

234 2087 269 2121 in
296 2086 453 2122 subiecto
770 2104 813 2111 —
838 2085 961 2121 aetatis
987 2085 1143 2120 diversae
1704 2098 1719 2117 »
1773 2082 1841 2119 975

283 2145 401 2170 sacrae

213 2181 492 2216 ordinationis-
774 2201 813 2206 --
839 2190 961 2214 cursus
986 2179 1165 2224 theologici
1703 2192 1716 2211 »
1772 2176 1839 2213 976

770 2294 814 2299 —-—
839 2285 1005 2309 ascensus
1030 2274 1213 2309 successivi
1702 2287 1717 2306 »
1771 2272 1838 2308 977

511 2343 552 2346 —
580 2321 730 2365 singulis

532 2379 680 2414 nempe:
711 2389 753 2393 -
771 2389 814 2394 —
840 2368 1105 2404 interstitiorum
1132 2369 1381 2404 servandorum
1702 2382 1716 2400 ι)
1771 2365 1838 2402 978

1298 2481 1340 2487 --
1355 2462 1468 2507 quoad
1484 2462 1558 2497 eius
1573 2472 1651 2497 con-

1319 2509 1468 2545 ditiones
1701 2523 1715 2540 »
1770 2506 1837 2543 979

1027 2577 1070 2581 -
1091 2567 1150 2600 pro
1164 2555 1259 2591 cleri-

1049 2603 1099 2638 cis
1113 2603 1259 2639 saecula-
1302 2623 1340 2628 ψ·
1368 2603 1487 2638 amissi
1509 2603 1560 2639 vel
1579 2614 1649 2639 non

768 2672 811 2676 —
830 2651 921 2686 tituli
937 2662 990 2686 ca·
1050 2650 1147 2686 ribus
1240 2670 1282 2676 —
1323 2650 1430 2686 babiti
1700 2664 1713 2681 n
1770 2647 1837 2685 980

790 2698 907 2733 nonici
969 2719 1011 2723 —

1301 2766 1343 2770 —
1369 2744 1553 2791 supplendi
1702 2757 1716 2775 n
1770 2741 1835 2778 981

1030 2860 1075 2865 —
1100 2850 1161 2886 pro
1185 2840 1358 2885 religiosis
1383 2845 1539 2875 votorum
1575 2849 1650 2885 per-

1052 2891 1231 2933 petuorum
1700 2899 1716 2918 »

1770 2882 1837 2919 982
