1971 3261
170 134 263 170 Can.
289 134 360 170 824
555 135 640 169 TIT.
671 135 739 169 [II.
758 155 771 161 ·
792 135 848 170 De
873 139 1123 171 sanctis-sima
1152 137 1406 171 Eucharistia
1734 139 1796 172 151

171 264 238 299 que
265 264 325 300 pro
351 253 483 289 viribus
522 258 557 288 ut
597 253 859 299 quamprimum
899 264 945 290 ce-
1022 255 1156 290 eulares
1181 254 1253 290 sive
1292 255 1439 299 religiosi
1480 256 1606 291 debent
1644 261 1803 290 accurat-³

172 300 361 336 lebrentur.
1021 302 1188 338 adnotare
1215 313 1301 348 quas
1321 303 1467 348 quisque
1487 302 1672 337 Missarum
1695 303 1804 338 inten-

216 351 235 391 ,δ
261 347 292 382 2.
311 347 383 383 lmo
409 358 530 383 omnes
556 348 750 383 sacerdotes
778 347 849 383 sire
875 359 946 383 sae·
1023 349 1135 384 tiones
1162 349 1341 395 receperit,
1376 350 1548 395 quibusve
1583 350 1800 385 satisfecerit.

291 467 382 510 136.
423 469 679 524 inscriptio
712 470 996 513 articuli.-—
1020 470 1216 525 Sequitur
1248 469 1338 513 Art.
1383 468 1451 511 lt‘.
1492 469 1542 511 de
1573 468 1799 512 filimarum

166 537 439 595 eleemosynis
471 537 793 582 subministratis
832 555 853 578 «
875 540 1079 582 sacerdoti
1104 539 1181 583 sub
1207 540 1455 587 conditione.
1482 540 1590 597 quod
1618 540 1801 584 celebret

168 620 290 652 uuam
325 607 487 651 Missam
525 608 586 652 vel
623 609 775 665 plureS,
812 623 905 652 cum
940 610 1108 666 speciali
1143 610 1418 667 applicatione
1442 623 1462 653 a
1487 609 1801 654 subministran-

168 679 276 723 tibus
309 680 627 722 determinata»
667 679 804 737 (l'rop.
855 680 993 724 damu.
1029 682 1082 723 30
1117 695 1165 724 ex
1216 682 1383 738 Synodo
1419 681 1690 738 l'istoriensi)‚
1727 695 1799 723 sen

167 750 404 808 stipendiis,
439 764 487 794 eo
526 770 540 789 «
568 752 676 809 quod
713 752 908 795 sacerdos
943 765 1019 795 nou
1055 755 1203 809 accipit
1238 755 1454 809 pecuniam
1485 756 1599 810 quasi
1622 755 1796 809 pretium

167 824 492 865 consecrationis
526 821 822 867 Eucharistiae.
872 828 939 866 aut
990 822 1134 865 Missae
1181 824 1480 877 decantandae,
1531 823 1800 880 (adiungatur

168 894 291 936 etiam
326 897 396 935 aut
429 894 586 935 fruetus
620 892 760 949 illius),
798 892 873 936 boc
907 895 1015 936 enim
1051 900 1155 936 esset
1179 896 1468 946 simtmiacum,
1492 894 1563 937 sed
1588 896 1704 951 quasi
1734 896 1799 936 sti-

170 963 363 1019 pendium
399 976 498 1007 suae
531 966 896 1012 sustentationis»,
932 969 972 1007 ut
1006 967 1059 1007 ait
1096 964 1140 1007 Ι).
1175 964 1246 1009 Tb.
1269 965 1295 1009 ¹.

289 1034 383 1077 137.
420 1036 554 1081 Ordo
589 1049 841 1081 canonum.
876 1061 930 1068 —
977 1035 1220 1079 praestituta
1256 1036 1431 1079 liceitate
1484 1036 1545 1079 vel
1591 1035 1798 1079 illiceitate

169 1108 417 1162 receptionis
448 1107 640 1162 stipendii
677 1111 843 1162 propter
886 1106 1207 1150 celebrationem
1257 1112 1325 1150 aut
1374 1107 1690 1163 applicationem
1727 1120 1799 1163 per

167 1177 271 1221 duos
305 1179 463 1232 priores
496 1190 585 1220 ean.
622 1177 719 1232 824,
755 1177 862 1222 82:52
903 1180 940 1219 in
974 1190 1060 1234 seq.
1095 1189 1184 1220 can.
1220 1178 1302 1220 826
1338 1178 1597 1233 explicantur
1630 1177 1797 1220 diversa

167 1247 386 1303 stipendia.
425 1246 510 1290 Duo
544 1260 724 1290 canones
747 1248 845 1301 827,
872 1247 955 1291 828
979 1253 1120 1291 arcent
1146 1250 1434 1305 negotiationis
1456 1250 1636 1304 speciem
1663 1250 1700 1290 in
1722 1247 1796 1292 hac

169 1330 225 1368 re,
259 1329 307 1360 ac
340 1317 422 1360 duo
454 1317 521 1360 alii
558 1318 654 1367 829,
691 1319 774 1359 830
808 1317 1003 1361 exhibent
1039 1331 1194 1362 moram
1230 1323 1267 1361 et
1294 1321 1674 1375 interpretationem
1700 1318 1798 1362 obli-

167 1390 357 1445 gationis.
392 1387 547 1431 lustum
582 1389 833 1444 stipendium
872 1389 1140 1432 moderantur
1173 1402 1261 1433 can.
1299 1390 1396 1437 831,
1433 1390 1530 1441 832,
1554 1394 1676 1446 atque
1700 1389 1798 1433 obli-

165 1461 343 1516 gationis
374 1458 707 1514 amplitudinem‚
743 1462 983 1515 praesertim
1020 1461 1155 1517 quoad
1206 1460 1497 1505 celebrationis
1543 1461 1797 1504 (litterendae

166 1534 342 1586 tempus,
378 1541 466 1572 can.
504 1529 602 1579 833,
637 1530 735 1580 834,
769 1544 945 1585 quorum
981 1531 1176 1588 sequelae
1209 1534 1472 1574 continentur
1506 1534 1542 1574 in
1578 1544 1668 1575 can.
1697 1531 1793 1578 8:35.

167 1600 264 1644 836.
302 1600 393 1643 Post
426 1600 527 1644 haec
560 1613 651 1644 can.
686 1601 872 1644 837-841
913 1615 1079 1645 normas
1100 1605 1372 1658 praestituunt
1399 1603 1626 1646 servandas
1648 1602 1699 1646 ab
1723 1605 1794 1657 eis,

165 1674 234 1729 qui
259 1671 400 1714 Missas
436 1685 506 1727 per
529 1671 631 1715 alios
654 1672 927 1716 celebrandas
951 1671 1115 1720 habent.
1141 1674 1292 1716 additis
1317 1673 1459 1716 ultimo
1484 1676 1638 1716 normis
1660 1674 1793 1730 quoad

170 1742 439 1799 vigilantiam.
476 1747 515 1785 ut
551 1742 825 1799 obligationes
857 1745 966 1787 circa
1004 1746 1221 1787 missarum
1252 1746 1499 1787 intentiones
1522 1746 1735 1788 satistiant.
1760 1748 1798 1787 et

167 1813 302 1871 quoad
338 1826 479 1856 earum
515 1814 823 1857 adnotationem
859 1828 879 1857 a
914 1815 1093 1857 dirersis
1126 1815 1367 1857 curandam.
1404 1814 1490 1858 Hae
1515 1827 1683 1858 normae
1707 1828 1799 1857 con-

165 1887 348 1927 tinentur
379 1886 417 1926 in
453 1896 542 1927 can.
579 1884 785 1929 842-844.

284 1955 382 1999 138.
419 1957 491 2001 De
524 1957 656 2002 licito
691 1959 938 2014 stipendio
971 1960 1243 2004 missarum.
1271 1984 1322 1988 —
1361 1957 1459 2000 Ριιη.
1483 1962 1590 2002 «5³34.
1614 1957 1641 2012 ξ
1668 1959 1700 2002 l.
1727 1957 1798 2001 Se-

164 2026 344 2070 cundam
375 2032 604 2084 reeeptmn,
639 2030 771 2082 prouti
807 2041 856 2071 ex
894 2017 1009 2084 praxi
1044 2031 1346 2085 cognoscimus.
1371 2034 1408 2071 el
1430 2029 1666 2086 probatum,
1690 2032 1795 2073 sicut

164 2102 323 2142 constat
355 2111 403 2141 ex
439 2096 550 2141 Dec³.
587 2098 678 2141 latis
714 2112 786 2154 pro
819 2099 894 2143 hac
929 2099 1144 2155 disciplina
1182 2099 1683 2152 moderanda,Eeelesi'ae
1713 2114 1792 2143 mo-

163 2183 249 2211 rem
286 2169 562 2212 universalem
598 2175 724 2227 atque
756 2170 995 2213 institutum
1033 2184 1104 2226 per
1134 2185 1186 2215 ss.
1222 2184 1400 2214 canones
1446 2174 1700 2227 recognitum
1742 2171 1793 2215 ab

164 2242 349 2297 antiquo,
382 2239 594 2283 sacerdoti
625 2240 794 2283 cuilibet
819 2234 950 2285 etiam
986 2242 1155 2285 divitias
1188 2242 1413 2298 possidenti
1462 2256 1510 2285 ex
1561 2256 1634 2286 sue
1669 2245 1792 2299 patri-

163 2313 300 2354 monio
338 2311 399 2354 vel
436 2313 588 2368 pingue
624 2311 870 2355 beneticium
906 2313 1233 2356 ecclesiasticum
1273 2318 1541 2370 cousequuto,
1571 2322 1683 2370 (nam
1720 2313 1792 2356 lios

160 2395 326 2439 quoque
359 2383 611 2434 saeerdotes,
646 2389 686 2426 ut
721 2386 774 2426 ait
813 2383 951 2427 D.T11.
993 2400 1013 2424 α
1037 2388 1196 2439 oportet
1230 2397 1252 2426 a
1289 2384 1438 2440 populo
1465 2388 1702 2433 sustentari,
1724 2386 1788 2428 cui

159 2452 390 2509 spiritualia
423 2453 728 2507 administrant,
761 2455 990 2498 secuudum
1028 2454 1125 2498 illud
1148 2455 1184 2497 '²1
1220 2455 1323 2509 Quis
1348 2455 1492 2498 militat
1526 2458 1610 2498 suis
1639 2458 1791 2511 stipen-

161 2524 240 2567 diis
275 2537 455 2581 unquam
470 2525 532 2568 ζ’...
566 2524 669 2578 Quis
702 2528 829 2581 pascit
864 2539 1033 2582 gregem
1069 2530 1106 2568 et
1140 2526 1191 2569 (le
1226 2526 1330 2569 lacte
1379 2528 1518 2582 gregis
1562 2540 1639 2568 uon
1677 2538 1788 2569 mau-

159 2594 382 2652 ducat?³).
418 2595 590 2639 Missam
626 2596 915 2639 celebr-annet
950 2595 1188 2653 applicati&
1227 2599 1339 2640 iuxta
1381 2610 1517 2653 propr.
1557 2598 1695 2641 damn.
1735 2598 1788 2639 30

158 2665 313 2722 Synodi
350 2666 608 2710 pistoriensis
640 2680 763 2723 snpra
800 2667 970 2710 relatam
1008 2669 1044 2709 iu
1079 2679 1172 2711 can.
1207 2668 1305 2721 809,
1349 2667 1445 2710 lieet
1485 2667 1785 2723 eleemosyna-m

158 2750 231 2779 seu
263 2736 517 2794 stipendium
555 2740 591 2780 iu
629 2738 718 2781 arti.
756 2740 1023 2793 inscriptione
1057 2738 1328 2792 declaratum,
1362 2744 1398 2781 et
1433 2738 1509 2782 sub
1542 2738 1693 2795 quibus
1718 2752 1786 2781 uo-

274 2844 285 2864 1
312 2843 354 2875 2³
382 2846 453 2883 2³⁶³,
482 2855 517 2888 q.
548 2843 589 2877 C.
620 2855 654 2877 a.
683 2847 705 2876 2
732 2843 779 2877 ad
806 2844 869 2877 2¹1³.
900 2863 941 2869 —
970 2844 982 2865 '²
1010 2843 1026 2877 I
1052 2842 1098 2877 ad
1126 2844 1211 2878 Cor.
1238 2843 1308 2885 IX,
1338 2845 1371 2878 T.
1402 2863 1444 2870 -—
1471 2847 1483 2862 ⁴·
1513 2844 1548 2876 2³
1578 2845 1649 2880 ⁵2³0.
1680 2856 1714 2888 q.
1742 2844 1782 2877 C.

153 2902 192 2924 a.
221 2889 255 2923 3.
