1971 3261
121 112 210 148 Can.
236 111 308 147 870
652 111 734 145 Tl'r.
761 111 825 145 IV.
855 132 865 136 -
894 111 949 146 De
976 113 1218 147 Poenitentia
1680 118 1745 151 211

239 228 378 274 Canon
416 231 541 285 igitur
575 229 672 278 870,
719 228 856 272 verbis
894 244 1012 286 «per
1047 231 1280 275 iudicialem
1307 232 1604 277 absolutionem
1634 252 1652 275 »
1690 251 1747 277 so-

121 305 189 345 nat
221 301 395 343 sormam
430 299 554 342 huius
584 301 856 349 sacramenti;
892 300 1071 343 addens:
1111 318 1129 341 «
1165 316 1185 345 a
1221 302 1403 359 legitimo
1449 307 1633 347 ministro
1675 308 1746 348 im-

120 374 369 428 pertitam»,
406 372 526 413 istum
561 369 749 426 designat
785 371 906 412 modo
938 371 1175 418 abstracto:
1212 387 1282 428 per
1320 373 1442 417 verba
1482 392 1502 414 «
1528 375 1635 418 tiileli
1673 379 1747 420 rite

118 443 360 500 disposito»
397 440 629 484 subiectum
665 445 705 482 et
741 443 954 483 materiam
981 445 1209 497 proximam
1246 448 1492 488 sacramenti
1531 446 1651 488 simul
1691 450 1743 489 in·

118 516 228 565 nuit;
276 524 324 556 ac
357 512 500 555 dicens
538 527 559 551 ((
585 513 908 561 .·θι]]ἰίῐυιιίυι·»,
947 516 1213 568 praecipuum
1250 515 1441 558 ellectum
1492 517 1650 559 extollit
1683 530 1742 560 sa-

117 585 317 628 cramenti
354 581 715 635 reconciliationis,
739 584 857 624 cuius
891 585 1103 626 materiam
1134 590 1330 627 remotam
1358 589 1594 642 exprimunt
1623 587 1745 631 rerba

117 660 322 712 postremo
357 655 510 710 posita:
551 668 573 693 «
597 658 762 708 peccata
791 658 876 707 post
904 652 1150 709 baptismum
1176 659 1394 699 commissa
1420 674 1458 700 ».

174 771 177 773 ,
239 725 331 768 192.
358 725 653 770 Distributio
670 726 796 769 tituli
816 726 864 769 in
884 727 1065 781 capita.
1089 751 1135 756 —-
1163 727 1515 771 (lonensi-entibus
1534 730 1581 771 ail
1605 732 1742 785 poeni-

115 798 267 840 tentiae
299 799 606 839 sacramentum
659 795 957 850 perficiendum
993 798 1181 837 ministro
1217 802 1253 839 et
1287 797 1473 841 subiecto
1520 812 1643 854 supra
1679 814 1745 842 co-

113 868 250 923 gnitis,
297 871 356 909 est
390 877 649 921 consequens
684 869 725 907 ut
760 867 797 907 in
833 865 914 908 duo
964 869 1096 922 capita
1147 868 1419 923 disponantur
1458 882 1745 926 ‹praec-umque

117 937 309 994 regulare
346 940 561 990 oportea13
595 935 667 979 sed
707 934 841 993 Capu!
864 935 896 987 I,
935 935 990 979 De
1023 937 1216 980 ministro
1241 940 1498 981 .s·‹1(·1·amen(i
1533 940 1745 997 poeniten-

115 1009 213 1059 tiae,
247 1010 284 1051 in
319 1022 362 1051 se
400 1006 520 1050 valde
556 1006 777 1063 prolixum,
813 1007 924 1050 aliud
961 1011 1089 1064 exigit
1125 1008 1173 1051 ad
1226 1010 1574 1065 complementum
1619 1012 1746 1067 legiti-

114 1081 268 1123 mitatis
300 1081 402 1133 eius,
436 1090 483 1122 ac
520 1078 692 1136 proinde
726 1083 784 1120 est
823 1076 957 1134 Calua
983 1077 1036 1121 II.
1065 1078 1122 1121 De
1163 1080 1743 1136 reservabampem-alomna.

111 1151 143 1194 E
175 1155 317 1194 contra
353 1150 523 1194 brevius
544 1155 604 1193 est
626 1148 767 1206 Capul
788 1148 862 1195 ΙΙΙ,
893 1148 952 1191 De
970 1149 1151 1192 subieri«,
1170 1151 1428 1193 sam-amenti
1448 1152 1744 1208 poenitenliae,

112 1224 177 1266 cui
211 1221 261 1265 ad
296 1221 612 1265 similitudinem
648 1220 823 1263 aliorum
859 1219 1070 1263 titulorum
1100 1221 1455 1276 praecedentium,
1495 1222 1544 1264 ile
1569 1224 1745 1265 circum-

113 1295 274 1336 stantiis
305 1292 474 1335 additur
515 1291 649 1349 Capul
686 1290 750 1334 lv
776 1293 1018 1347 inscriptum
1060 1290 1116 1334 De
1149 1290 1236 1334 loco
1276 1291 1331 1335 (ul
1365 1292 1645 1350 consessiones
1679 1307 1746 1335 ea*-

114 1363 344 1422 cipiemlaS.

831 1478 976 1516 CAPUT
1004 1481 1027 1515 l.

517 1565 571 1600 De
599 1564 782 1599 ministro
810 1565 1043 1599 sacramenti
1071 1564 1346 1608 poenitentiae.

159 1683 241 1721 Cim.
269 1682 351 1719 871.
383 1705 399 1709 -
442 1683 601 1719 Minister
638 1683 744 1718 huius
782 1694 894 1718 sacra·
971 1683 1116 1727 legatam
1169 1682 1211 1717 ad
1254 1682 1472 1728 recipiendas
1513 1682 1747 1717 consessiones

117 1732 223 1768 menti
244 1736 295 1767 est
321 1731 415 1767 solus
437 1731 608 1766 sacerdos.

159 1778 244 1816 CAN.
274 1777 356 1814 87¹2.
389 1799 404 1804 -
437 1778 574 1814 Praeter
614 1782 817 1824 potestatem
846 1789 897 1812 or-

111 1827 218 1868 dinis,
247 1827 290 1862 ad
319 1826 469 1861 validam
499 1831 715 1872 peccatorum
754 1825 891 1860 absolu-

112 1875 242 1910 tionem
270 1874 460 1919 requiritur
486 1874 520 1908 in
549 1873 712 1908 ministro
745 1877 892 1919 potestas

111 1922 375 1959 iurisdictionis.
401 1921 474 1955 sive
499 1921 677 1956 ordinaria
706 1921 779 1955 sive
805 1920 891 1955 dele-

112 1974 205 2014 gata,
234 1969 269 2004 in
301 1969 549 2013 poenitentem.

158 2016 242 2052 CAN.
273 2016 355 2051 873.
384 2036 405 2043 -
436 2021 456 2059 ξ
491 2016 519 2051 l.
562 2013 752 2051 Ordinaria
796 2015 893 2050 iuris-

111 2064 263 2100 dictione
312 2064 355 2099 ad
391 2064 627 2099 confessiones
670 2062 893 2109 excipiendas

112 2122 172 2158 pro
201 2110 367 2147 Universa
396 2110 559 2147 Ecclesia.
598 2116 735 2157 praeter
774 2109 892 2145 Roma·

113 2170 196 2194 num
227 2158 442 2199 Pontificem,
482 2160 662 2205 potiuntur
705 2157 739 2193 S.
779 2157 816 2193 R.
859 2156 891 2193 E.

111 2205 339 2248 Cardinales;
368 2217 427 2252 pro
453 2217 515 2241 suo
541 2206 689 2252 quisque
719 2204 892 2241 territorio

111 2252 320 2289 Ordinarius
362 2253 440 2298 loci,
485 2258 518 2288 et
561 2253 732 2299 parochus
761 2252 891 2298 aliique

110 2301 168 2346 qui
198 2301 270 2336 loco
298 2301 437 2348 parochi
467 2305 560 2336 sunt.

157 2352 176 2390 ξ
202 2347 235 2382 2.
265 2348 336 2385 Hac
374 2348 495 2384 eadem
535 2347 776 2383 iurisdictione
806 2358 890 2392 gau-

110 2395 193 2430 dent
218 2396 322 2431 etiam
360 2395 552 2431 canonicus
599 2394 890 2440 poenitentiarius

108 2443 275 2479 ecclesiae
309 2454 445 2489 quoque
483 2443 694 2487 collegiatae.
732 2442 774 2476 ad
817 2452 891 2476 nor-

111 2501 204 2526 mam
231 2501 309 2526 can.
339 2488 419 2532 401,
447 2494 467 2533 ξ
497 2490 525 2531 1,
551 2494 583 2525 et
611 2488 813 2535 Superiores
840 2500 891 2523 re-

110 2537 220 2583 ligiosi
249 2538 398 2584 exempti
441 2548 500 2584 pro
534 2537 606 2572 suis
645 2536 806 2575 subditis,
846 2535 889 2571 ad

112 2596 270 2620 normam
291 2585 591 2620 constitutionum.

157 2636 176 2675 ἓ
203 2633 236 2667 3.
265 2631 357 2668 Haec
384 2632 578 2668 iurisdictio
602 2635 713 2666 cessat
731 2630 888 2665 amissio-

110 2689 154 2714 ne
179 2679 294 2723 officii,
334 2680 376 2715 ad
416 2690 575 2715 normam
619 2690 697 2714 can.
730 2677 807 2719 183,
841 2682 886 2719 et,

111 2732 185 2772 post
222 2727 433 2763 sententiam
473 2726 795 2762 condemnatorem
837 2724 887 2760 vel

108 2774 387 2817 declaratoriam,
413 2773 786 2814 excommunicatione,
813 2784 886 2807 sus--

111 2821 277 2867 pensione
302 2822 346 2857 ab
372 2821 498 2862 officio,
526 2820 719 2856 interdicto.

155 2867 240 2904 CAN.
270 2866 350 2903 874.
378 2888 399 2895 -
425 2871 445 2911 ξ
468 2868 496 2902 Ι.
527 2867 805 2903 iurisdictionem
832 2866 885 2901 ‹le

970 1730 1204 1776 quorumlibet
1244 1729 1316 1764 sive
1342 1729 1572 1764 saccularium
1601 1730 1671 1764 sive
1699 1740 1747 1764 re-

971 1778 1170 1822 ligiosorum
1215 1777 1347 1812 confert
1398 1776 1632 1811 sacerdotibus
1673 1781 1747 1810 tum

969 1824 1208 1860 saecularibus
1228 1830 1300 1858 tum
1322 1824 1493 1867 religiosis
1512 1830 1614 1858 etiam
1634 1834 1748 1858 exem-

970 1873 1037 1918 ptis
1064 1872 1274 1908 Ordinarius
1304 1872 1363 1906 loci
1395 1872 1428 1905 in
1457 1882 1524 1917 quo
1565 1871 1749 1905 consessio-

968 1931 1029 1955 nes
1055 1919 1295 1965 ex‹·ipinntur;
1334 1919 1527 1953 sacerdotes
1553 1923 1667 1953 autem
1697 1928 1747 1953 re·

968 1967 1080 2012 ligiosi
1108 1967 1228 2002 eadem
1258 1977 1301 2001 ne
1328 1971 1471 2001 utantur
1505 1966 1580 1999 sinc
1608 1965 1748 2000 licentia

967 2015 1090 2049 saltem
1122 2018 1342 2060 praesumpta
1370 2013 1421 2047 sui
1463 2012 1665 2058 Superioris
1697 2012 1749 2047 fir-

969 2073 1023 2097 mo
1050 2067 1166 2096 tamen
1197 2061 1407 2107 praescripto
1433 2072 1510 2095 can.
1542 2058 1621 2094 319.

1014 2114 1032 2151 (ᾖ
1061 2110 1092 2143 2.
1125 2108 1288 2144 Locorum
1318 2106 1495 2143 Ordinarii
1539 2107 1746 2141 iurisdictio-

967 2168 1045 2191 nem
1074 2157 1114 2191 ad
1146 2155 1339 2191 audiendas
1374 2154 1611 2189 confessiones
1651 2153 1746 2188 nahi-

966 2204 1106 2239 tualiter
1133 2214 1177 2238 ne
1215 2203 1407 2237 concedant
1434 2202 1603 2246 religiosis
1642 2202 1698 2246 qui
1727 2212 1747 2236 a

969 2251 1105 2298 proprio
1120 2249 1384 2296 Superiorenon
1400 2253 1683 2295 praesentantur:
1705 2248 1746 2282 iis

968 2299 1113 2344 veroqui
1129 2310 1147 2332 a
1165 2297 1301 2343 proprio
1316 2295 1498 2342 Superiore
1523 2300 1745 2342 praesentan-

966 2352 1032 2386 tur,
1059 2346 1135 2380 sine
1160 2344 1255 2388 gravi
1276 2355 1380 2379 causa
1399 2355 1474 2379 eam
1498 2355 1540 2378 ne
1559 2344 1743 2387 denegent,

967 2394 1065 2428 firmo
1092 2398 1208 2427 tamen
1239 2391 1449 2438 praescripto
1468 2402 1544 2425 can.
1573 2389 1652 2424 877.

1013 2439 1095 2475 CAN.
1123 2438 1202 2474 875.
1233 2459 1255 2465 -
1282 2442 1301 2485 3
1332 2438 1358 2473 l.
1387 2438 1420 2472 ln
1451 2438 1617 2481 religione
1649 2436 1745 2471 cleri-

966 2488 1029 2523 cali
1058 2491 1218 2532 exempta
1244 2486 1285 2521 ad
1314 2485 1533 2531 recipiendas
1560 2484 1746 2519 confessio-

969 2546 1029 2570 nes
1058 2534 1302 2580 professorum‚
1327 2533 1532 2568 novitiorum
1554 2533 1746 2566 aliorumve

965 2583 1006 2617 (le
1032 2582 1160 2627 quibus
1188 2581 1223 2615 in
1250 2591 1329 2615 can.
1349 2579 1465 2622 514,§
1492 2580 1519 2615 l.
1543 2578 1746 2613 iurisdictio-

965 2640 1043 2664 nem
1087 2629 1280 2673 delegatam
1322 2627 1453 2662 confert
1493 2638 1628 2672 quoqne
1672 2636 1744 2670 pro-

967 2679 1061 2722 prius
1087 2675 1286 2711 eorumdem
1317 2674 1495 2720 Superior.
1521 2674 1561 2708 ad
1585 2683 1742 2707 normam

964 2723 1268 2758 constitutionum:
1290 2722 1343 2757 cui
1375 2723 1424 2756 las
1451 2726 1499 2755 est
1527 2732 1601 2755 eam
1622 2730 1743 2755 concc-

963 2771 1042 2806 dere
1068 2770 1172 2805 etiam
1202 2768 1439 2804 sacerdotibus
1465 2779 1482 2803 e
1509 2768 1598 2802 clero
1625 2777 1743 2802 saecu-

964 2818 1024 2853 lari
1052 2822 1111 2852 aut
1129 2817 1219 2852 alius
1246 2815 1438 2861 religionis.

1010 2869 1029 2907 §r
1055 2864 1088 2898 ’2.
1122 2864 1157 2899 ln
1204 2863 1372 2908 religione
1417 2862 1528 2897 laicali
1574 2866 1737 2906 exempta
