1971 3261
162 144 234 179 714
557 141 642 174 [ΛΒ.
670 139 743 173 ΙΠ.
771 159 785 165 -
810 139 921 173 PARS
945 139 976 173 I.
1006 159 1018 164 -
1045 139 1102 173 De
1126 139 1390 175 Sacramentis
1463 139 1557 174 can.
1585 139 1789 175 1152-1153

164 259 405 304 Exoreismi
436 258 487 302 ab
521 258 703 302 Ecclesia
739 258 916 302 ordinati
942 272 967 301 a
990 257 1191 315 leyitimis
1225 260 1337 302 iuxta
1372 260 1500 314 ipsius
1533 271 1699 302 normas
1716 258 1790 301 mi·

162 331 326 385 m'slris,
352 335 552 387 potestate
586 332 711 386 igitur
743 329 819 373 hac
844 329 1053 386 praeditis,
1079 329 1363 386 fieripossunt
1393 342 1465 372 seu
1500 330 1673 385 proferri
1706 343 1789 373 non

158 402 295 446 solam
328 401 369 459 a)
403 401 447 444 in
482 399 625 457 fideles
659 400 703 458 b)
736 405 776 443 et
813 399 1143 456 cathecumenos,
1179 405 1299 457 prout
1347 404 1507 444 constat
1539 414 1588 443 ex
1623 401 1787 444 ordina·

161 476 270 516 tione
303 473 603 515 exorcistarum
637 470 867 514 secundum
901 472 1025 514 citata
1057 472 1249 527 superius
1284 469 1422 524 verba,
1441 469 1660 513 sedetiam
1682 471 1719 525 c)
1743 470 1787 513 in

157 541 431 593 acatholicos,
463 543 584 584 sicuti
611 540 760 584 Paulus
794 543 997 597 praestitit
1029 543 1068 584 in
1098 540 1321 598 «puellam
1342 539 1563 584 habentem
1596 543 1786 597 spiritum

161 613 401 670 pythonem,
435 625 542 670 quae
575 615 792 669 quaestum
831 624 1025 668 magnum
1078 611 1313 668 praestabat
1345 611 1524 654 dominis
1568 613 1654 655 suis
1686 611 1789 655 divi-

161 685 309 728 nando.
343 683 416 728 Cui
461 685 623 740 spiritui
672 682 823 726 Paulus
865 683 994 726 dixit:
1031 683 1242 739 Praecipio
1285 682 1373 735 tibi,
1406 685 1445 725 in
1489 685 1656 726 nomine
1699 683 1788 726 lesu

156 755 325 809 Christi,
348 757 464 798 exire
487 753 539 797 ab
562 766 624 797 ea.
647 753 697 796 Et
720 755 823 797 exiit
845 754 990 797 eadem
1011 753 1113 797 hora
1137 769 1158 795 ))
1184 755 1211 794 ¹.
1231 780 1288 784 —
1305 753 1390 796 [mo
1408 755 1464 797 ait
1486 752 1532 798 D.
1556 752 1734 797 Thomas
1750 754 1784 796 ²:

160 825 404 870 «Diabolus
437 825 566 868 hostis
599 824 807 868 humanae
839 823 996 875 salutis,
1021 823 1145 868 habet
1178 829 1422 881 potestatem
1456 824 1637 882 aliquam
1663 827 1700 867 in
1721 823 1789 868 ho-

159 900 311 940 minem
347 910 396 940 ex
442 896 520 940 hoc
569 898 655 950 ipso
688 896 798 953 quod
848 894 1042 939 subditur
1090 895 1281 952 originali
1330 900 1513 952 peccato,
1551 895 1614 939 vel
1662 898 1785 939 etiam

155 968 373 1023 actuali»,
408 973 449 1011 et
482 967 559 1011 hoc
593 966 784 1010 ultimum
818 967 870 1010 de
919 962 1293 1010 excommunicatis
1340 966 1571 1022 intelligere
1613 971 1787 1023 oportet,

156 1041 271 1082 iuxta
289 1039 534 1081 sententiam
558 1035 743 1093 Apostoli
769 1035 905 1081 Pauli:
926 1035 941 1058 ³
964 1036 1184 1080 «Tradere
1208 1035 1442 1080 huiusmodi
1469 1035 1786 1093 (incestuosum)

155 1110 332 1153 Satanae
366 1111 403 1151 in
440 1110 650 1151 interitum
686 1109 837 1158 carnis,
859 1112 903 1150 ut
925 1109 1096 1164 spiritus
1128 1107 1270 1150 salvus
1301 1109 1353 1150 sit
1375 1109 1412 1149 in
1438 1107 1504 1150 die
1527 1105 1691 1150 Domini
1716 1120 1786 1149 no·

154 1182 227 1223 stri
264 1179 352 1222 lesu
388 1178 603 1223 Christi».
637 1176 946 1222 Convenienter
979 1179 1105 1233 igitur
1147 1176 1413 1233 expelluntur
1456 1177 1681 1220 daemones
1715 1190 1787 1233 per

155 1253 414 1295 exorcismos
447 1248 518 1306 (ab
551 1250 930 1292 excommunicatis
962 1247 1173 1305 obsessis),
1199 1261 1247 1291 ne
1267 1247 1442 1291 salutem
1478 1261 1622 1291 eorum
1656 1250 1785 1304 impe-

153 1322 284 1376 diant,
318 1321 428 1379 quod
452 1323 575 1364 etiam
602 1319 786 1364 Ecclesia
821 1319 951 1362 edixit
984 1319 1142 1363 addens
1166 1322 1203 1362 in
1239 1332 1397 1363 canone
1421 1319 1587 1363 verbis:
1628 1334 1648 1360 <c
1671 1332 1787 1362 exor-

155 1395 273 1437 cismi
308 1394 396 1436 fieri
432 1396 603 1448 possunt
635 1393 758 1434 etiam
796 1393 834 1433 in
857 1390 1155 1434 acatholicos»
1193 1389 1271 1433 alia
1297 1389 1448 1434 verba:
1474 1389 1518 1447 d)
1542 1389 1605 1433 vel
1626 1404 1784 1433 eoecom-

154 1464 407 1507 manicatos.

276 1535 371 1578 569.
407 1536 620 1581 Ministri
664 1537 1074 1587 exorcismorum,
1108 1538 1271 1590 praeter
1313 1547 1384 1577 eos
1416 1535 1486 1590 qui
1526 1536 1564 1575 in
1599 1531 1787 1576 obsessos

155 1607 272 1657 fiunt,
307 1608 362 1649 ait
395 1619 484 1648 caiz.
512 1606 640 1659 1153,
673 1619 849 1661 nempe:
885 1605 957 1662 qai
989 1609 1230 1658 occurrunt,
1254 1609 1296 1648 ut
1320 1609 1431 1661 patet
1463 1603 1613 1660 legenti
1652 1604 1789 1647 diver·

154 1688 220 1719 sas
238 1678 499 1733 sequentium
520 1675 884 1719 sacramentalium
907 1688 954 1719 ac
977 1678 1080 1718 ritus
1100 1674 1289 1731 baptismi
1309 1673 1522 1728 formulas,
1535 1673 1576 1731 a)
1594 1674 1639 1716 in
1656 1673 1787 1731 bapti-

152 1761 254 1801 smo,
280 1750 375 1804 quia
405 1762 427 1788 «
449 1749 644 1804 quamvis
667 1748 939 1803 energumeni
964 1746 1173 1800 (licuntur,
1199 1748 1314 1801 quasi
1341 1747 1512 1788 interius
1553 1743 1788 1788 laborantes

152 1832 203 1862 ex
232 1820 454 1861 intrinseca
479 1820 718 1874 operatione
751 1816 933 1869 diaboli,
959 1821 998 1860 et
1022 1830 1101 1860 non
1136 1829 1279 1860 omnes
1300 1816 1548 1860 accedentes
1564 1815 1615 1859 ad
1641 1814 1788 1872 baptis-

156 1902 267 1932 mum
303 1887 579 1945 corporaliter
612 1887 664 1931 ab
697 1901 744 1931 eo
780 1892 1000 1942 vexentur,
1033 1901 1177 1931 omnes
1208 1893 1346 1930 tamen
1381 1900 1461 1929 non
1498 1886 1687 1943 baptizati
1722 1899 1786 1942 po-

155 1961 289 2003 testati
338 1960 588 2002 daemonum
638 1958 932 2012 subiiciuntur,
965 1958 1109 2002 saltem
1151 1963 1318 2015 propter
1365 1957 1580 2014 originalis
1627 1958 1783 2014 peccati

155 2036 315 2074 reatum
343 2046 360 2070 >)
384 2030 413 2083 4,
435 2030 543 2073 unde
563 2034 744 2086 potestas
768 2032 806 2072 in
842 2043 1148 2086 energumenos
1170 2042 1219 2072 ex
1240 2029 1501 2072 ordinatione
1532 2042 1575 2072 se
1598 2028 1785 2071 extendit

153 2103 204 2146 ad
240 2102 342 2145 alios
374 2114 541 2159 quoque
574 2104 844 2157 exorcismos,
880 2106 1055 2144 testante
1088 2101 1231 2157 regula
1267 2103 1367 2144 iuris
1400 2100 1454 2143 35
1488 2103 1526 2142 iu
1563 2099 1606 2143 60
1645 2099 1784 2142 «Plus

152 2187 318 2230 semper
352 2175 389 2215 in
424 2186 468 2216 se
501 2174 684 2216 continet
717 2173 826 2230 quod
846 2177 907 2215 est
941 2174 1137 2215 minus».
1173 2171 1369 2229 Idemque
1403 2171 1567 2215 dicatur
1589 2172 1640 2214 de
1663 2183 1782 2213 exor-

151 2246 308 2297 cismis,
342 2245 413 2300 qui
447 2248 672 2286 occurrunt
710 2242 752 2300 is)
785 2248 824 2285 et
857 2243 901 2285 in
945 2241 1326 2286 consecrationibus
1361 2241 1403 2297 b)
1438 2241 1501 2284 ccl
1533 2241 1781 2285 benedictio-

151 2314 288 2366 m'bus,
321 2314 503 2357 ordinati
537 2314 586 2357 ad
622 2314 979 2371 comprimendam
1015 2315 1342 2370 «operationem
1376 2314 1553 2357 Satanae
1575 2313 1694 2370 (erga
1718 2326 1782 2356 res

151 2384 407 2442 corporales)
434 2387 471 2427 in
506 2388 617 2427 omni
656 2387 823 2438 virtute,
856 2390 895 2428 et
927 2387 1070 2441 signis,
1103 2389 1142 2427 et
1177 2384 1376 2440 prodigiis
1411 2382 1724 2427 mendacibus»
1753 2383 1780 2423 ⁵.

157 2457 329 2500 Ministri
364 2469 463 2511 ergo
483 2456 790 2512 praedictorum
815 2457 1160 2508 exorcismorum,
1184 2460 1282 2498 sunt
1310 2454 1451 2504 iidem,
1473 2454 1524 2497 ad
1558 2454 1777 2498 liceItatem

152 2526 263 2584 quod
298 2528 458 2577 attinet,
491 2532 634 2582 utpote
669 2528 749 2568 iam
784 2527 962 2569 ordinati
996 2529 1240 2579 exorcistae,
1265 2525 1336 2583 qai
1370 2524 1610 2568 eormndem
1641 2538 1781 2567 sacro-

152 2610 248 2639 rum
272 2597 430 2639 rituum
467 2602 634 2653 propter
653 2596 725 2640 Dei
751 2597 907 2640 cultum
934 2610 1056 2654 quem
1082 2596 1312 2651 includunt,
1338 2595 1518 2653 legitimi
1539 2596 1589 2639 ad
1615 2607 1782 2638 normas

272 2727 282 2748 ¹
310 2726 484 2759 Actuum
510 2725 649 2770 Apost.
683 2725 789 2768 XVI,
830 2725 885 2760 16.
917 2726 972 2759 18.
1003 2746 1046 2750 —
1072 2725 1086 2747 ²
1111 2725 1171 2759 ΙΙΙ
1198 2702 1306 2770 vpax-S.
1335 2736 1365 2759 c.
1392 2724 1525 2759 LXXI
1555 2736 1588 2758 a.
1617 2725 1647 2759 2.
1677 2735 1709 2758 c.
1739 2743 1781 2749 —

154 2774 169 2796 3
195 2773 213 2807 I
247 2773 295 2809 ad
328 2772 508 2807 Corinth.
548 2773 591 2807 V.
621 2773 654 2807 5.
686 2794 727 2797 —
755 2773 768 2794 4
795 2773 841 2807 D.
871 2772 941 2807 Th.
979 2772 1040 2807 111
1076 2784 1177 2817 pars,
1214 2785 1251 2818 q,
1279 2772 1412 2806 LXXI
1445 2784 1479 2806 a.
1507 2773 1541 2806 2.
1567 2771 1615 2805 ad
1653 2774 1711 2805 1¹¹¹.
1741 2792 1783 2796 —

154 2822 170 2842 ⁵
202 2821 242 2854 II
268 2820 316 2855 ad
342 2820 520 2854 Thessal.
553 2822 598 2862 11,
626 2821 658 2854 9.
