1971 3261
174 121 243 155 482
579 118 663 151 LIB.
692 117 765 151 111.
795 138 805 142 <
830 117 942 151 PARS
967 117 1000 151 I.
1027 137 1042 143 -
1065 117 1123 153 De
1147 117 1414 153 Sam-amentis
1487 118 1575 154 Gan.
1604 118 1809 153 1009-1010

174 243 271 281 sunt
304 237 432 279 eliam
466 236 593 280 idest:
621 240 830 292 tamquam
857 235 1031 278 limitem
1057 236 1291 279 inferiorem
1317 236 1361 278 in
1381 236 1566 294 privatis
1589 237 1807 287 oratoriis,

175 311 226 351 ita
267 309 423 350 vocatis
457 306 565 363 (ean.
603 306 715 349 1188
748 306 775 364 ξ
810 306 847 359 2,
884 306 946 362 3⁰)
985 309 1056 349 «si
1092 308 1131 350 10
1168 309 1341 363 privatis
1364 306 1539 368 aedibus
1563 309 1601 350 in
1625 321 1807 351 eommo-

173 379 270 421 (lum
306 377 482 420 alieuius
515 381 674 420 tantuin
710 376 891 419 familiae
928 376 989 419 vel
1026 389 1227 434 personae
1262 380 1454 434 privatae
1485 383 1622 422 erecta
1666 380 1807 421 5101)).

877 562 1022 599 CAPUT
1048 563 1106 599 lV.

409 647 463 681 De
488 646 739 681 adnotatione
765 656 809 681 ac
835 646 1059 681 testimonio
1085 647 1269 690 peractae
1295 647 1569 682 ordinationis.

219 764 305 800 CAN.
340 762 439 798 1010.
472 783 487 790 -
517 767 535 806 ξ
566 763 595 798 l.
635 763 777 809 Expleta
812 763 952 798 ordina-

171 812 275 852 tione,
295 811 440 846 nomina
465 811 683 856 singulorum
710 811 952 846 ordinatorum

170 870 210 894 ac
249 858 400 893 ministri
440 858 650 900 ordinantis,
679 859 773 892 locus
808 862 841 893 et
879 858 952 893 dies

170 906 402 942 ordinationis
428 910 594 941 notentur
622 905 655 939 in
677 905 842 951 peculiari
864 904 952 940 libro

170 953 206 988 in
233 953 340 989 Curia
359 953 421 988 loci
441 952 673 988 ordinationis
691 952 878 997 diligenter
895 963 949 988 cu—

170 1001 363 1041 stodiendo,
384 1005 417 1036 et
434 999 553 1035 omnia
573 999 791 1044 singularum
811 1000 952 1035 ordina-

169 1048 303 1083 tionum
331 1047 541 1083 documenta
566 1051 728 1082 accurate
754 1051 948 1083 serventur.

216 1099 235 1137 5
262 1095 293 1130 2.
320 1094 478 1140 'Singulis
497 1094 667 1130 ordinatis
686 1094 787 1129 detur
803 1095 950 1130 authen-

169 1142 276 1177 ticum
320 1142 551 1177 ordinationis
594 1146 751 1187 receptae
801 1141 954 1177 testimo—

1028 763 1112 798 illud
1142 763 1278 810 proprio
1305 762 1493 800 Ordinario
1526 765 1712 800 exhibeant
1749 776 1808 811 pro

1026 811 1259 846 ordinationis
1272 811 1499 848 adnotatione
1514 812 1549 846 in
1565 813 1703 858 speciali
1723 813 1809 848 libro

1027 858 1063 893 in
1090 858 1232 893 archivo
1258 859 1442 894 servando.

1074 904 1308 941 CAN.1011.-
1323 905 1501 942 Praeterea
1513 906 1574 941 loci
1585 905 1806 949 ordinarius,

1027 953 1054 987 si
1080 957 1204 997 agatur
1230 953 1271 988 de
1289 953 1458 988 ordinatis
1477 964 1494 988 e
1512 954 1603 989 clero
1621 954 1805 995 saeculari,

1025 1005 1086 1035 aut
1104 999 1269 1046 Superior
1287 1000 1410 1040 maior,
1427 1001 1454 1035 si
1473 1001 1515 1036 de
1533 1001 1704 1046 religiosis
1717 1002 1807 1037 ordi-

1026 1047 1119 1082 natis
1145 1058 1223 1082 cum
1247 1047 1320 1082 suis
1339 1048 1462 1083 litteris
1482 1047 1702 1090 dimissoriis,
1721 1049 1808 1084 noti-

1026 1095 1110 1130 tiam
1126 1094 1319 1130 celebratae
1335 1095 1570 1130 ordinationis
1586 1096 1807 1132 uniuscuius-

1026 1153 1093 1188 que
1106 1141 1311 1177 subdiaconi
1328 1142 1545 1178 transmittat
1558 1143 1600 1178 ad
1618 1143 1805 1189 parochum

169 1189 289 1233 nium3
330 1190 403 1235 qni,
432 1190 458 1223 si
499 1189 542 1224 ab
582 1188 747 1235 Episcopo
787 1193 952 1224 extraneo

167 1246 246 1272 eum
267 1237 390 1273 litteris
407 1236 617 1272 dimissoriis
638 1236 784 1281 promoti
807 1236 949 1279 fuerint,

1026 1189 1203 1235 baptismi.
1223 1189 1281 1234 qui
1303 1189 1337 1224 id
1356 1190 1498 1225 adnotet
1517 1190 1550 1224 in
1573 1201 1634 1225 suo
1653 1190 1805 1235 baptiza-

1025 1241 1140 1272 torum
1170 1236 1257 1272 libro
1284 1237 1325 1271 ad
1354 1248 1513 1272 normam
1533 1248 1610 1272 can.
1630 1236 1710 1279 470,
1732 1242 1751 1280 ξ
1770 1238 1803 1272 2.

288 1367 384 1410 39⁶2.
401 1369 664 1424 Inscriptio
679 1368 859 1424 capitis
872 1368 1115 1424 huiusque
1129 1380 1362 1413 canones.
1373 1392 1430 1398 —
1444 1366 1601 1410 Deinde
1619 1369 1734 1425 sequi
1742 1372 1806 1411 tur

168 1438 358 1482 ultimum
384 1437 507 1481 huius
531 1437 636 1481 tituli
665 1436 802 1495 Caput
832 1436 891 1480 Vl.
922 1436 979 1480 De
1001 1436 1278 1480 adnotatione
1302 1440 1338 1480 in
1366 1443 1608 1494 perpetuam
1636 1441 1692 1481 rei
1720 1452 1803 1481 me-

169 1511 340 1552 moriam
375 1508 653 1561 adservanda,
679 1522 728 1551 ac
762 1508 1014 1558 testimonio,
1037 1509 1146 1566 quod
1174 1510 1372 1552 interesse
1396 1508 1644 1553 habentibus
1668 1509 1805 1562 (latur,

163 1585 366 1637 peractae
398 1578 702 1633 ordinationis,
738 1579 910 1635 proinde
943 1578 1039 1622 111110
1072 1578 1437 1636 subsequentibus.
1473 1579 1530 1623 De
1564 1579 1627 1623 his
1662 1582 1804 1623 statuit

165 1662 257 1694 ean.
294 1650 422 1706 1010,
457 1652 522 1693 001
557 1649 663 1693 alius
699 1650 805 1692 1011
845 1650 1107 1693 subnectitur
1142 1650 1192 1693 de
1226 1650 1408 1708 quodam
1451 1650 1653 1694 mittendo
1697 1653 1805 1694 testi-

166 1722 303 1763 monio
337 1722 667 1776 uniuscuiusque
700 1719 945 1763 subdiaconi
980 1720 1265 1763 ordinationis.

285 1790 381 1834 393.
399 1791 776 1836 Ordinationum
800 1793 1059 1836 adnotatio
1072 1793 1416 1844 determinata,
1431 1795 1480 1837 et
1494 1793 1801 1848 singularum

164 1864 508 1908 testimonium.
548 1861 690 1904 Canon
725 1864 849 1904 1010.
885 1860 913 1918 ξ
946 1864 980 1904 1.
1014 1860 1200 1918 Erpleta
1233 1861 1517 1916 ordinatione,
1554 1875 1633 1905 non
1674 1863 1801 1918 prius,

165 1934 261 1990 quia
295 1936 431 1988 posset
464 1932 700 1988 aliqualiter
734 1932 940 1987 impediri,
976 1937 1015 1975 et
1049 1945 1098 1975 ne
1142 1935 1293 1976 veritas
1340 1933 1621 1976 adnotationis
1672 1937 1801 1988 nutet,

169 2003 232 2046 vel
266 2002 368 2047 haee
401 2005 452 2046 sit
484 2002 749 2058 corrigenda,
780 2003 966 2053 nomina,
991 2002 1142 2059 quibus
1166 2004 1462 2046 discernuntur
1488 2015 1705 2059 personae,
1728 2017 1798 2046 seu

165 2086 313 2116 nomen
337 2085 385 2116 ae
405 2086 655 2129 praenomen
676 2073 717 2129 a)
736 2073 998 2130 sinynloram
1019 2072 1316 2116 ordinatorum
1339 2086 1419 2130 qua
1438 2073 1597 2127 talium,
1617 2073 1798 2118 scilieet:

164 2144 377 2200 designata
412 2148 604 2200 suscepta
638 2144 913 2192 ordinatione,
937 2158 986 2186 ao
1020 2143 1061 2200 b)
1088 2144 1279 2186 ministri
1311 2143 1567 2190 ordinantis,
1592 2146 1681 2187 sive
1707 2158 1795 2200 pro-

164 2217 277 2270 prius
297 2215 420 2257 fuerit
438 2215 725 2258 ordinatorum
743 2217 833 2257 sive
847 2214 898 2258 ob
912 2217 1248 2258 commissionem
1265 2215 1611 2268 dimissoriarum,
1628 2213 1668 2271 0)
1684 2213 1799 2258 locus

162 2285 213 2328 ad
248 2298 434 2328 normam
470 2298 558 2328 ean.
590 2285 697 2329 1009
725 2285 829 2329 bene
852 2286 1110 2341 designatus,
1134 2285 1178 2341 d)
1204 2290 1242 2327 et
1265 2284 1354 2328 dies
1377 2284 1664 2328 ordinationis
1704 2299 1794 2340 per-

161 2360 277 2399 actae
311 2362 509 2398 notentur
539 2361 577 2411 a)
601 2356 644 2398 in
674 2355 887 2414 peculiari
911 2356 1038 2401 idest:
1063 2356 1113 2399 ad
1139 2356 1216 2399 1100
1242 2357 1446 2399 destinato
1481 2355 1588 2398 libro
1624 2357 1793 2399 forsitan

158 2440 207 2469 ex
245 2426 351 2469 foliis
375 2426 687 2483 typographicis
720 2428 910 2470 confecto
945 2427 987 2483 b)
1012 2426 1055 2469 in
1093 2425 1224 2470 Caria
1257 2426 1339 2469 loci
1382 2426 1682 2480 ordinationis,
1708 2439 1796 2482 pro-

159 2497 254 2540 inde
274 2499 311 2539 in
331 2497 476 2540 eadem
500 2511 571 2552 pro
591 2497 783 2540 omnibus
804 2499 1018 2553 promotis,
1038 2499 1232 2554 quamvis
1250 2497 1513 2540 diversarum
1534 2499 1613 2539 sint
1632 2497 1796 2540 dioece-

157 2566 332 2624 sium,e)
357 2565 599 2623 diliqenler,
620 2573 759 2623 utpote
779 2581 828 2610 ex
848 2581 930 2625 quo
949 2570 1118 2610 maximi
1141 2569 1338 2610 momenti
1359 2567 1547 2623 probatio
1566 2567 1790 2623 aliquando

159 2637 333 2693 petenda
368 2642 486 2687 esset,
520 2637 791 2680 eustodiendo
835 2637 1030 2694 equidem
1080 2642 1313 2692 opportune
1362 2638 1470 2693 apud
1527 2652 1545 2678 «
1565 2636 1786 2680 archivum

157 2721 229 2751 seu
263 2707 514 2751 tabularium
550 2707 842 2751 dioecesanum
862 2723 884 2748 »
922 2714 1027 2761 1030.
1064 2708 1146 2750 3Ἶὸ
1180 2707 1208 2765 ἓ
1246 2707 1299 2762 1),
1325 2710 1407 2750 imo
1440 2708 1489 2751 ad
1525 2707 1712 2750 eiusdem
1745 2705 1787 2764 §³

161 2791 346 2821 normam
382 2778 549 2821 additur
584 2778 659 2821 1100
685 2781 722 2821 111
747 2791 927 2822 canone:
953 2784 992 2820 et
1015 2778 1156 2821 omnia
1180 2777 1449 2835 sinyalarnin
1472 2777 1791 2821 ordinationum

159 2847 407 2891 documenta
430 2849 481 2891 de
506 2851 714 2904 requisitis
736 2849 995 2904 singulorum
1022 2853 1324 2905 promotorum,
1343 2848 1393 2891 de
1418 2849 1479 2891 1115
1502 2860 1608 2905 quae
1628 2849 1791 2903 praeire
