1971 3261
132 149 227 184 Can.
256 148 320 183 737
702 148 785 182 Trr.
813 148 842 182 I.
871 169 882 173 -
912 148 969 183 De
995 150 1202 193 Baptismo
1728 151 1773 184 23

131 271 254 313 saria,
291 274 332 311 ut
370 270 557 322 materia,
593 270 737 318 l'orma,
774 271 975 323 minister,
1008 268 1085 311 alia
1119 269 1168 312 ad
1207 268 1314 312 illius
1346 269 1651 313 solemnitatem
1688 284 1776 327 per-

138 343 311 394 tineant,
334 345 375 383 ut
412 342 513 384 ritus
545 354 592 384 ac
619 342 924 395 coeremoniae,
948 353 1051 397 quas
1084 353 1133 384 ex
1159 340 1398 397 Apostolica
1423 346 1463 384 et
1485 344 1774 398 antiquissima

138 411 359 455 traditione
393 416 587 467 acceptas
629 415 668 454 et
701 411 964 468 approbatas,
1001 413 1077 455 nisi
1122 415 1379 455 necessitatis
1412 425 1552 466 causa,
1584 416 1775 457 omittere

137 495 214 525 non
252 481 402 531 licet»,
440 482 525 525 nisi
557 481 599 539 a)
625 496 703 540 per
737 481 1006 531 ablutionem,
1032 495 1125 526 nam
1152 482 1263 526 lesus
1286 481 1472 526 Christus
1496 484 1546 527 de
1572 483 1775 540 baptismo

137 552 306 596 tradidit
333 553 542 610 Apostolis
565 558 657 611 post
681 556 1029 620 resurrectionem
1055 566 1171 598 suam
1198 553 1275 597 hoc
1301 560 1568 612 praeceptum
1590 555 1601 577 ¹
1633 571 1652 595 «
1671 555 1778 599 Eun-

137 629 200 668 tes
232 638 333 681 ergo
367 625 513 668 docete
561 638 706 668 omnes
748 620 907 681 g‘entes,
944 624 1196 682 baptizantes
1230 625 1321 683 (seu
1364 625 1599 684 abluentes)
1633 640 1703 670 eos
1737 629 1774 670 in

138 698 304 739 nomine
341 696 541 741 Patriset
575 695 663 739 Filii
708 701 748 739 et
780 697 957 753 Spiritus
1000 698 1196 752 Sancti»,
1235 697 1276 753 b)
1311 711 1447 755 aquae
1489 712 1612 741 'verae
1644 704 1683 742 et
1700 713 1776 741 na-

138 766 311 820 !m'alis,
333 770 429 825 quia
455 770 492 810 in
518 768 642 812 Conc.
667 767 776 811 Trid.
804 767 919 825 (sess.
956 767 1021 811 Vll
1041 768 1092 812 de
1117 767 1340 826 baptismo)
1366 772 1402 812 in
1414 772 1577 813 venitur
1599 783 1777 827 sequens

138 850 227 882 can.
266 838 310 881 ll.
349 840 427 882 «Si
462 840 555 896 quis
590 839 760 893 dixerit⁷
785 851 936 896 aquam
975 852 1115 883 veram
1151 845 1189 883 et
1225 840 1454 883 naturalem
1491 854 1570 883 non
1605 854 1693 886 esse
1727 840 1777 884 de

139 911 385 953 necessitate
421 909 629 966 baptismi,
654 914 778 967 atque
813 910 906 953 ideo
944 909 1069 954 verba
1106 910 1172 954 illa
1211 910 1371 954 Domini
1406 910 1452 954 N.
1480 910 1568 954 lesu
1603 911 1776 955 Christi:

139 979 221 1024 Nisi
258 982 348 1037 quis
385 985 551 1024 renatus
586 981 709 1024 suerit
741 994 790 1024 ex
826 993 934 1039 aqua
968 986 1008 1024 et
1030 981 1184 1038 Spiritu
1209 982 1382 1029 Sancto:
1408 983 1459 1026 ad
1491 982 1775 1039 metaphoram

136 1051 320 1108 aliquam
355 1052 589 1102 detorserit„
615 1051 835 1095 anathema
869 1054 920 1096 sit
938 1067 959 1093 ))
982 1079 1039 1083 —
1063 1068 1084 1093 ((
1104 1053 1247 1110 Aquae
1275 1066 1397 1097 verae
1418 1069 1437 1094 ))
1465 1053 1646 1098 scilicet:
1671 1066 1777 1111 quae

139 1128 329 1166 naturam
365 1136 438 1166 seu
472 1125 653 1179 speciem
688 1136 822 1181 aquae
858 1123 1021 1179 babeat,
1045 1129 1084 1167 et
1105 1128 1317 1180 praeterea
1358 1125 1657 1179 «naturalis»,
1681 1139 1780 1183 qua-

141 1193 221 1237 lem
257 1207 406 1251 nempe
439 1207 529 1237 eam
566 1194 684 1238 nobis
716 1195 836 1238 offert
870 1199 1030 1250 natura,
1055 1197 1145 1239 sive
1182 1198 1218 1238 iu
1257 1195 1452 1246 fontibus,
1476 1199 1566 1241 sive
1594 1199 1632 1240 in
1660 1200 1777 1247 mari,

139 1267 230 1308 sive
263 1278 313 1307 ex
349 1265 491 1321 pluvia
525 1269 604 1309 etc.
628 1264 737 1308 Talis
769 1278 875 1323 aqua
916 1278 1012 1309 vera
1046 1272 1084 1309 et
1119 1266 1319 1310 naturalis
1355 1267 1473 1311 facile
1506 1268 1778 1324 dignoscitur,

143 1336 250 1379 unde
288 1335 413 1392 vulgo
447 1338 572 1379 etiam
606 1338 664 1379 sic
698 1335 954 1393 appellatur:
989 1342 1245 1395 quapropter
1290 1338 1413 1382 talem
1465 1352 1543 1382 non
1578 1339 1781 1383 debemus

137 1408 330 1463 accipere
364 1409 504 1450 nivem
553 1411 592 1450 et
625 1406 817 1463 glaciem,
852 1409 947 1465 quia
993 1410 1067 1452 etsi
1111 1412 1288 1466 utraque
1321 1412 1663 1466 compositionem
1699 1409 1781 1454 chi-

141 1479 290 1521 micam
325 1489 459 1536 aquae
495 1479 684 1529 retineat,
712 1484 880 1536 propter
912 1484 1064 1523 statum
1089 1482 1178 1523 eius
1211 1493 1317 1537 aqua
1344 1494 1421 1524 non
1460 1487 1645 1535 vocatur,
1671 1481 1781 1525 illius

135 1550 247 1592 enim
274 1548 415 1592 usibus
439 1554 567 1604 caret,
595 1551 671 1593 nisi
698 1549 895 1607 liquefiat.
919 1577 975 1581 ——
1000 1550 1079 1595 Rit.
1114 1551 1231 1596 Rom.
1253 1552 1267 1573 ²
1292 1554 1466 1595 citatum
1491 1551 1629 1597 Cone-¹.
1654 1552 1778 1596 'l'rid¹.

139 1632 340 1664 canonem
373 1623 548 1664 innuens
573 1623 656 1665 ait:
683 1636 704 1663 «
727 1621 787 1666 Ac
807 1624 987 1679 primum
1010 1622 1212 1680 intelligat
1233 1623 1441 1667 Parochus
1458 1624 1692 1668 cumhuius
1709 1624 1779 1668 Sa-

139 1694 341 1736 cramenti
381 1694 552 1736 materia
587 1694 639 1736 sit
671 1705 778 1751 aqua
815 1706 911 1737 vera
957 1707 1005 1738 ac
1039 1694 1253 1747 naturalis,
1288 1695 1447 1739 nullum
1492 1695 1618 1739 alium
1655 1696 1781 1754 liquo-

140 1776 228 1807 rem
263 1763 451 1808 adhiberi
489 1777 665 1821 posse».
697 1762 973 1817 Quandonam
1012 1779 1110 1809 vero
1147 1769 1291 1810 mixtio
1329 1767 1390 1810 vel
1426 1767 1615 1811 alteratio
1648 1780 1781 1825 aquae

140 1841 310 1892 propter
333 1835 411 1879 alia
446 1835 666 1890 elementa,
692 1836 861 1880 inducat
900 1836 961 1880 vel
1000 1839 1136 1881 minus
1161 1840 1430 1881 mutationem
1466 1837 1779 1883 substantialem

141 1905 263 1949 huius
299 1910 512 1960 materiae,
544 1919 591 1950 ac
626 1907 792 1951 diversa
829 1907 1064 1951 huiusmodi
1112 1912 1351 1952 mutationis
1383 1909 1575 1966 exempla
1610 1915 1780 1967 possunt

139 1976 297 2021 addisci
320 1978 334 1999 ³
368 1977 479 2034 apud
515 1977 560 2021 D.
586 1977 811 2025 Tliomarn:
838 1978 907 2023 ubi
942 1979 1154 2023 concludit
1189 1980 1439 2036 Angelicus:
1474 1982 1578 2024 «Sic
1602 1994 1702 2038 ergo
1726 1982 1782 2024 di-

139 2049 318 2092 cendum
364 2054 425 2093 est
473 2050 582 2107 quod
635 2052 673 2093 in
717 2050 902 2108 qualibet
935 2063 1041 2108 aqua
1086 2051 1449 2109 qualitercumque
1494 2056 1780 2106 transmutata,

139 2119 370 2164 dummodo
406 2135 484 2165 non
532 2122 721 2166 solvatur
763 2125 924 2179 species
971 2136 1118 2180 aquae,
1155 2127 1287 2179 potest
1331 2124 1418 2166 lieri
1472 2123 1713 2180 baptismus,
1748 2126 1779 2167 si

145 2203 244 2234 vero
277 2191 466 2236 solvatur
496 2196 658 2250 species
688 2206 839 2251 aquae,
872 2207 951 2237 non
988 2198 1120 2250 potest
1154 2195 1243 2237 lieri
1281 2194 1571 2250 baptismus».

263 2263 437 2307 Demum
463 2267 518 2308 ait
554 2264 690 2309 lnnoc.
718 2265 766 2308 ΙΙΙ
786 2266 825 2306 4:
855 2265 1223 2322 «Respondemus,
1249 2267 1356 2323 quod
1383 2280 1478 2310 cum
1515 2268 1551 2309 in
1579 2265 1781 2323 baptismo

142 2333 226 2377 duo
249 2348 427 2392 semper,
457 2335 651 2380 videlicet
677 2337 850 2381 verbum
877 2343 915 2380 et
945 2337 1196 2380 elementum
1234 2339 1467 2381 necessario
1502 2340 1779 2395 requirantur,

143 2407 257 2449 iuxta
280 2407 389 2464 quod
425 2407 478 2450 de
506 2406 633 2451 verbo
660 2406 820 2452 Veritas
843 2410 920 2451 ait:
957 2408 1101 2466 (atque
1125 2410 1222 2452 citat
1259 2413 1416 2452 textum
1442 2409 1491 2452 ad
1518 2408 1780 2464 Apostolos):

140 2477 373 2534 eademque
388 2478 497 2522 dicat
517 2479 568 2522 de
586 2478 792 2523 elemento
813 2479 998 2536 (citando
1019 2484 1175 2522 textum
1197 2480 1245 2523 ad
1267 2479 1575 2537 Nicodemum),
1590 2478 1781 2523 dubitare

141 2560 220 2590 non
256 2548 397 2599 (lebes,
426 2549 515 2593 illos
542 2563 686 2593 verum
712 2563 791 2594 nou
819 2550 973 2594 babere
999 2550 1264 2607 baptismum,
1291 2553 1327 2593 in
1360 2551 1512 2609 quibus
1535 2564 1613 2594 non
1647 2550 1779 2594 solum

141 2623 364 2677 utrumque
399 2621 724 2677 praedictorum,
747 2623 817 2666 sed
843 2635 987 2666 eorum
1013 2622 1189 2665 alterum
1224 2628 1285 2666 est.
1309 2625 1566 2666 omissum».
1591 2622 1664 2666 Cui
1690 2635 1783 2666 con-

140 2693 234 2745 grui
243 2695 251 2732 t
272 2704 419 2747 canon,
434 2691 532 2735 dum
553 2694 611 2735 sic
631 2692 823 2749 explicit:
844 2706 933 2735 eum
951 2693 1222 2751 praescripta
1250 2692 1462 2736 rerbormu
1487 2693 1627 2750 ferma
1646 2692 1781 2750 quoad

262 2799 271 2818 1
300 2797 412 2839 Mat„
443 2797 629 2840 XXVIII,
662 2798 711 2833 ις),
744 2818 786 2824 -
814 2798 828 2820 2
856 2784 935 2832 Tit.
965 2798 1016 2835 Π,
1046 2810 1075 2832 0.
1105 2800 1138 2842 ι,
1168 2810 1206 2832 n.
1236 2800 1269 2833 3.
1294 2818 1333 2824 -
1357 2799 1370 2820 2
1398 2802 1479 2833 Art.
1510 2801 1544 2839 4,
1574 2811 1609 2843 q.
1640 2798 1779 2833 vai.

160 2870 168 2877 .
211 2844 343 2878 Partis
371 2844 408 2878 S.
439 2845 700 2891 theologicae.
731 2866 772 2870 ——
801 2846 814 2867 4
842 2845 934 2891 Cap.
952 2847 973 2879 5
999 2846 1194 2881 Decretal.
1223 2846 1312 2890 (ΙΙΙ,
1339 2846 1412 2886 42).
