1971 3261
197 117 272 152 -272
599 118 684 152 LIB.
713 118 784 151 ΙΙΙ.
816 137 826 143 -
853 118 964 153 PARS
989 118 1020 153 Ι.
1049 139 1062 144 -
1088 119 1145 155 De
1169 120 1438 157 Sam-amentis
1642 123 1735 160 Can.
1763 126 1835 162 902

194 245 414 281 quamquam
441 241 531 272 recte
564 236 766 277 0101111101,
808 236 964 282 citraque
1000 248 1142 273 omnem
1181 239 1501 285 praesumptionem
1541 240 1577 275 in
1612 243 1830 281 confessione

197 293 362 329 dicantur
387 294 475 339 (sive
493 305 573 330 cum
595 294 802 329 mortalibus
820 306 909 340 quae
928 297 1123 332 necessario
1143 296 1313 333 Ecclesiae
1332 297 1490 333 clavibus
1508 299 1579 334 sint
1598 300 1828 345 subiicienda,

192 352 269 388 sive
296 353 350 388 his
378 353 522 388 feliciter
551 352 824 397 deficientibus),
853 354 944 399 quod
972 354 1110 400 piorum
1137 355 1323 391 hominum
1351 368 1435 392 usus
1462 357 1691 403 demonstrat,
1724 361 1830 396 taceri

196 416 314 447 tamen
342 412 428 447 citra
455 412 611 458 culpam,
643 411 832 458 multisque
857 412 936 447 aliis
961 413 1125 449 remediis
1150 414 1279 461 expiari
1310 421 1453 461 possunt
1480 430 1511 451 ».
1548 416 1594 452 De
1626 418 1830 455 mortalibus

191 476 312 506 autem
339 470 468 506 directe
496 470 567 506 iam
594 471 750 506 remissis
773 482 833 517 per
858 476 1118 507 sacramentum
1145 474 1393 519 poenitentiae,
1419 475 1483 510 1100
1501 475 1664 511 0111111010
1695 477 1829 514 0101101

195 530 308 575 quoad
337 529 420 564 Novi
448 529 540 565 Test.
571 530 681 575 legem
707 540 747 565 ex
775 530 889 565 verbis
919 529 1055 566 Domini
1084 532 1177 578 apud
1204 532 1359 569 Ezechiel
1387 536 1397 556 ¹
1425 534 1594 570 dicentis:
1620 549 1634 567 «
1656 535 1690 571 Si
1710 541 1827 572 autem

194 588 324 634 impius
350 589 457 633 egerit
485 589 737 634 poenitentiam
766 589 810 624 ab
837 589 1002 624 omnibus
1022 591 1171 636 peccatis
1198 591 1281 632 suis,
1301 603 1390 638 quae
1410 599 1572 638 operatus
1586 599 1648 635 est,
1662 599 1696 630 et
1714 600 1825 631 custo-

195 647 296 683 dierit
323 647 442 683 omnia
469 653 652 694 praecepta
680 659 756 684 mea
783 648 889 691 (inter
915 660 1003 694 quae
1030 649 1104 695 ipsa
1129 655 1181 685 est
1207 652 1471 686 sacramentalis
1497 653 1727 697 confessio)...
1755 655 1825 690 vita

194 707 297 742 vivet.
325 711 358 742 et
385 718 455 742 non
484 707 664 742 morietur.
695 705 865 743 Omnium
894 708 1124 753 iniquitatum
1151 709 1235 749 eius,
1264 721 1350 755 quas
1376 715 1537 756 operatus
1563 716 1627 756 est,
1663 723 1734 748 non
1772 724 1823 749 re-

191 765 359 801 cordabor
380 779 411 801 ».
441 767 609 801 Attamen
637 770 720 801 sunt
745 766 804 801 illa
834 772 969 812 peccata
996 766 1171 803 sufficiens
1199 769 1356 812 materia⁷
1387 769 1469 815 quia
1496 770 1708 815 poenitentis
1725 776 1823 807 actus

190 825 232 860 de
259 825 327 860 illis
354 836 430 861 vere
459 830 602 871 possunt
630 825 757 861 habere
784 825 896 860 locum
922 830 1027 871 atque
1052 826 1203 862 clavium
1220 837 1302 862 usus
1330 839 1389 873 per
1415 834 1674 865 sacramentum
1705 832 1818 876 poeni-

192 886 318 921 tentiae
344 885 501 921 obtinere
527 896 663 931 semper
699 885 852 931 aliquem
879 885 1051 920 effectum.
1092 886 1140 920 Ac
1178 897 1309 928 revera,
1339 891 1375 922 ut
1409 888 1458 923 ait
1485 887 1523 922 D.
1553 888 1617 924 Th.
1646 890 1685 924 2;
1710 903 1726 922 «
1757 891 1819 926 110-

191 944 267 990 pler
285 949 335 979 est
362 945 587 990 poenitentia,
614 944 744 979 scilicet
764 944 907 979 interior
932 949 965 979 et
990 945 1149 980 exterior.
1179 944 1327 981 Interior
1353 947 1494 992 quidem
1526 948 1741 993 poenitentia
1769 954 1820 985 est

189 1015 258 1051 qua
284 1004 361 1050 quis
387 1004 478 1039 dolet
504 1004 546 1039 de
575 1008 712 1049 peccato
738 1004 932 1043 commisso,
961 1008 993 1039 et
1020 1004 1098 1039 talis
1127 1005 1341 1050 poenitentia
1367 1006 1468 1042 debet
1494 1007 1620 1042 durare
1647 1019 1755 1053 usque
1775 1010 1818 1044 ad

189 1065 294 1099 finem
322 1064 411 1099 vitae
436 1064 516 1107 (11οο
541 1065 682 1102 sensu):
712 1074 849 1109 semper
886 1063 979 1098 enim
1008 1063 1107 1098 debet
1135 1064 1267 1099 homini
1306 1065 1489 1111 displicere
1515 1066 1607 1111 quod
1645 1067 1816 1112 peccavit;

183 1124 214 1158 si
241 1123 336 1159 enim
363 1123 392 1158 ei
423 1122 571 1168 placeret
598 1133 770 1168 peccasse,
805 1122 873 1157 iam
901 1133 940 1157 ex
967 1122 1031 1157 hoc
1056 1124 1130 1168 ipso
1157 1128 1336 1169 peccatum
1365 1124 1568 1165 incurreret,
1602 1129 1635 1160 et
1663 1126 1814 1161 fructum

187 1183 309 1218 veniae
336 1182 504 1228 perderet.
534 1180 761 1227 Displicentia
774 1185 890 1215 autem
917 1181 1069 1217 dolorem
1085 1187 1204 1217 causat
1231 1182 1266 1216 in
1293 1183 1411 1228 coqui
1439 1188 1490 1217 est
1509 1184 1730 1230 susceptivus
1755 1185 1810 1220 do-

185 1241 279 1281 loris,
308 1241 421 1287 qualis
447 1245 498 1275 est
525 1240 628 1274 homo
667 1240 703 1274 in
730 1240 794 1274 hac
833 1240 921 1282 vita;
950 1245 1023 1286 post
1052 1241 1141 1276 lianc
1178 1245 1296 1276 autem
1329 1242 1434 1277 vitam
1472 1243 1584 1277 sancti
1626 1254 1696 1278 non
1729 1249 1811 1279 sunt

185 1300 370 1347 susceptivi
398 1299 544 1340 doloris;
573 1300 665 1334 unde
702 1299 938 1345 displicebunt
963 1299 1013 1334 eis
1041 1304 1180 1345 peccata
1206 1300 1389 1346 praeterita
1418 1301 1494 1336 sine
1519 1303 1614 1336 omni
1654 1303 1809 1344 tristitia,

185 1360 377 1396 secundum
406 1359 491 1394 illud
518 1358 574 1403 (ls.
604 1357 703 1399 LXV,
734 1356 811 1402 16):
842 1356 1019 1393 Oblivioni
1047 1359 1193 1394 traditae
1219 1364 1301 1394 sunt
1327 1360 1509 1404 angustiae
1536 1361 1715 1406 priores».

279 1418 357 1460 Sed,
386 1418 686 1453 animadvertatur
712 1417 824 1463 quoad
851 1417 1003 1452 dolorem
1029 1428 1069 1452 ac
1097 1418 1311 1463 propositum
1338 1419 1374 1452 in
1404 1419 1600 1464 poenitente
1619 1420 1711 1455 circa
1739 1431 1813 1467 pec·

182 1483 259 1514 cata
285 1477 444 1513 mortalia
470 1477 600 1512 directe
626 1476 780 1517 remissa,
822 1476 950 1522 «quod
997 1477 1172 1522 poenitere
1210 1477 1338 1513 dicitur
1377 1478 1578 1524 dupliciter,
1619 1479 1811 1515 secundum

181 1542 297 1572 actum
324 1541 356 1571 et
381 1536 575 1571 secundum
601 1535 802 1570 habitum...
831 1539 864 1570 et
891 1535 953 1569 1100
982 1535 1158 1580 posteriori
1187 1535 1287 1570 modo
1313 1540 1446 1581 oportet
1472 1537 1563 1582 quod
1599 1537 1704 1573 homo
1730 1549 1811 1573 con-

179 1597 278 1631 tinue
305 1596 489 1642 poeniteat,
517 1600 549 1630 et
575 1599 746 1640 quantum
773 1594 815 1629 ad
858 1594 921 1629 1100
946 1594 1037 1639 quod
1065 1594 1167 1629 homo
1202 1606 1385 1640 nunquam
1424 1595 1557 1641 aliquid
1593 1597 1808 1632 contrarium

181 1655 415 1701 poeniteutiae
443 1654 546 1689 faciat
571 1654 691 1698 (etiam
721 1653 915 1689 secundum
942 1653 1171 1695 voluntatem)
1201 1665 1259 1699 per
1285 1654 1376 1699 quod
1405 1654 1593 1690 habitualis
1624 1655 1809 1701 dispositio

180 1714 389 1760 poenitentis
416 1713 556 1748 tollatur
582 1715 629 1756 (et
655 1723 731 1747 ecce
759 1711 922 1758 propositi
953 1712 1127 1753 1111011051,
1155 1717 1188 1748 01
1214 1717 1387 1758 quantum
1414 1713 1457 1748 ad
1485 1713 1548 1749 hoc
1587 1714 1678 1760 quod
1706 1714 1806 1750 debet

179 1774 281 1809 homo
308 1773 344 1807 in
371 1773 545 1819 proposito
571 1783 688 1817 gerere
715 1771 805 1817 quod
845 1782 982 1816 semper
1006 1771 1071 1806 sibi
1113 1772 1298 1817 praeterita
1324 1777 1463 1818 peccata
1497 1772 1708 1819 displiceant
1740 1788 1754 1806 n
1777 1774 1803 1818 3,

179 1833 271 1868 unde
296 1833 376 1868 data
402 1832 661 1878 opportunitate
687 1830 907 1866 contritionis
932 1835 1048 1865 actum
1071 1830 1194 1866 elicere
1221 1835 1340 1877 potest.
1369 1852 1412 1856 —
1444 1845 1458 1863 «
1485 1831 1702 1868 Poenitentia
1727 1844 1807 1868 vero

175 1892 321 1928 exterior
346 1896 397 1927 est
423 1902 493 1937 qua
519 1890 598 1937 quis
623 1890 792 1925 exteriora
817 1890 918 1934 signa
943 1889 1070 1925 doloris
1089 1890 1251 1931 ostendit,
1269 1894 1301 1926 et
1328 1890 1431 1926 verbo
1451 1895 1553 1926 tenus
1581 1896 1719 1937 peccata
1739 1903 1804 1927 sua

174 1950 360 1986 confitetur
386 1949 555 1985 sacerdoti
582 1949 789 1989 absolventi,
818 1953 852 1984 et
880 1949 972 1984 iuxta
999 1949 1073 1983 eius
1093 1949 1277 1984 arbitrium
1305 1949 1494 1994 satisfacit;
1522 1955 1555 1985 et
1581 1950 1659 1985 talis
1686 1951 1805 1996 poeni-

175 2010 296 2050 tentia,
324 2014 361 2044 ut
386 2009 433 2043 ait
466 2009 504 2044 D.
533 2008 597 2043 Th.
627 2010 652 2050 ⁴,
683 2019 752 2043 non
781 2012 913 2053 oportet
931 2008 1021 2053 quod
1040 2007 1140 2043 duret
1160 2019 1268 2054 usque
1296 2008 1339 2043 ad
1368 2008 1473 2044 finem
1493 2009 1595 2050 vitae,
1617 2009 1675 2045 sed
1694 2021 1804 2056 usque

173 2069 215 2103 ad
242 2069 516 2104 determinatum
543 2072 681 2114 tempus
708 2067 900 2102 secundum
929 2078 1130 2102 mensuram
1158 2068 1285 2113 peccati
1316 2080 1346 2102 ».
1373 2066 1439 2103 Sed
1466 2079 1545 2102 cum
1572 2068 1658 2103 haec
1683 2079 1800 2104 001010

177 2127 243 2162 Deo
269 2128 312 2162 sit
340 2128 439 2162 nobis
466 2127 595 2172 ignota,
622 2131 654 2161 et
680 2137 719 2161 ex
746 2126 815 2161 alia
839 2131 934 2171 parte
955 2126 1168 2171 poenitentia
1187 2125 1246 2160 illa
1263 2126 1410 2161 exterior
1428 2126 1615 2172 quemdam
1641 2127 1799 2162 effectum

173 2189 329 2227 obtinere
356 2192 458 2233 queat
484 2186 589 2222 etiam
628 2186 794 2221 exhausta
823 2185 949 2231 peccati
979 2196 1155 2225 mensura,
1184 2185 1266 2230 quia
1292 2189 1329 2220 ut
1355 2185 1485 2221 ibidem
1523 2185 1704 2231 subiungit
1730 2187 1799 2221 An-

172 2249 302 2296 gelicus
330 2247 386 2293 (ad
419 2247 478 2291 lm)
508 2260 523 2278 «
552 2256 632 2281 vera
660 2244 873 2291 poenitentia
911 2255 980 2279 000
1009 2244 1121 2279 50111111
1148 2249 1300 2280 removet
1340 2249 1478 2290 peccata
1517 2245 1712 2290 praeterita,
1740 2245 1799 2281 sed

170 2310 275 2345 etiam
304 2310 500 2354 praeservat
526 2305 706 2341 hominem
732 2315 752 2339 a
780 2303 928 2349 peccatis
967 2303 1103 2338 futuris.
1134 2301 1303 2346 Quamvis
1337 2303 1444 2348 igitur
1481 2303 1584 2339 homo
1611 2304 1646 2338 in
1686 2304 1798 2350 primo

169 2367 314 2403 instanti
342 2376 442 2401 verae
470 2363 706 2410 poenitentiae
747 2362 987 2398 remissionem
1015 2366 1248 2408 consequatur
1286 2362 1550 2408 praeteritorum
1577 2367 1794 2408 peccatorum

168 2426 296 2473 (quoad
323 2425 461 2470 culpam
489 2428 521 2458 et
563 2426 638 2468 post
665 2421 893 2457 sufficientem
921 2420 1194 2456 satisfactionem
1233 2421 1346 2466 quoad
1375 2431 1519 2466 poenam
1554 2421 1707 2456 debitam
1736 2432 1797 2467 pro

166 2487 229 2529 eis)
257 2488 390 2531 oportet
415 2488 534 2518 tamen
563 2483 599 2517 in
636 2481 775 2516 homine
803 2491 1020 2526 perseverare
1059 2479 1321 2526 poenitentiam,
1361 2491 1405 2515 ne
1431 2480 1557 2515 iterum
1597 2479 1730 2515 incidat
1757 2480 1794 2514 in

166 2549 347 2592 peccatum
368 2554 403 2583 »3
431 2541 523 2587 quod
551 2540 655 2575 etiam
682 2544 733 2575 051
771 2539 911 2574 effectus
937 2539 1068 2583 gratiae
1094 2538 1359 2573 sacramentalis
1385 2538 1586 2574 remissivae
1623 2549 1663 2573 ac
1690 2538 1790 2574 satis-

166 2602 326 2639 factionis
351 2612 389 2636 ea
416 2599 596 2636 occasione
624 2599 814 2633 iniunctae.
847 2597 944 2633 Unde
975 2601 1066 2643 patet
1086 2607 1222 2642 semper
1249 2601 1463 2642 peccatorem
1495 2607 1594 2642 posse
1621 2597 1794 2632 fructuose

165 2660 399 2709 poenitentiae
428 2662 690 2694 sacramentum
725 2657 900 2702 suscipere
938 2656 979 2692 de
1017 2655 1220 2690 mortalibus
1249 2660 1323 2701 post
1353 2655 1577 2701 baptismum,
1617 2655 1679 2690 etsi
1707 2655 1792 2690 haec

162 2721 293 2756 directe
318 2730 357 2754 ac
383 2722 477 2754 certe
505 2727 564 2763 per
593 2715 763 2752 Ecclesiae
781 2716 893 2751 claves
911 2714 1057 2750 remissa
1076 2714 1105 2750 ei
1133 2714 1216 2748 sint.

283 2827 294 2848 1
322 2823 468 2864 XVIII,
487 2825 548 2868 21,
577 2824 635 2857 22.
669 2844 710 2849 --
738 2823 751 2844 ‘2
777 2823 819 2855 ‘2³
844 2822 902 2854 2³0
930 2833 965 2865 q.
994 2820 1203 2855 LXXXIV
1228 2832 1261 2855 a.
1289 2821 1311 2854 8
1337 2832 1367 2854 0.
1401 2841 1442 2846 -
1463 2820 1477 2842 3
1504 2819 1593 2854 Loc.
1616 2818 1683 2852 cit.
1713 2822 1789 2853 art.

160 2876 199 2916 9,
229 2885 259 2908 c.
290 2893 333 2899 —
360 2873 374 2895 4
400 2872 489 2906 Loc.
528 2872 595 2906 cit.
625 2882 656 2904 a.
683 2871 718 2912 8,
747 2882 778 2904 0.
