1971 3261
206 194 252 228 88
598 193 682 227 Lm,
711 193 783 226 111.
812 212 826 217 -
852 193 962 226 PARS
987 192 1018 225 I.
1049 212 1059 217 -
1085 193 1142 226 De
1167 192 1432 227 &tommentis
1552 192 1645 227 Gan.
1674 192 1831 227 788-789

208 319 246 356 et
280 313 470 356 America
503 311 644 354 Latina
677 310 916 354 conserendi
935 310 1291 353 confirmationem
1311 315 1405 353 ante
1427 313 1686 366 septennium
1710 313 1828 368 sequi

208 388 339 439 polest
369 383 419 426 ad
455 394 641 424 normam
675 393 764 424 can.
801 381 824 423 5
861 379 913 423 ob
947 382 1174 436 praesentis
1209 382 1378 423 canonis
1410 385 1609 424 tenorem.

325 460 391 503 84.
429 462 499 505 De
521 461 815 504 adsistentia
837 459 949 503 ritui
974 459 1122 503 etiam
1154 459 1510 503 accidentali.'-
1537 457 1593 501 De
1619 471 1733 501 more
1755 458 1830 502 Ec·
1895 488 1898 491 -

207 532 355 575 clesiae
389 531 537 572 latinae
572 530 752 585 praelato
786 540 834 571 ac
868 527 919 571 de
954 530 1032 570 ritu
1066 529 1314 571 sacramenti
1358 528 1493 583 huius,
1529 541 1578 572 an
1612 531 1693 572 sint
1725 541 1823 573 con-

210 605 431 655 venientes,
466 600 658 643 audiatur
692 598 737 641 D.
772 597 898 641 Th.1.
939 598 1061 642 «Sed
1107 602 1247 642 contra
1283 610 1328 641 ea
1363 611 1470 656 quae
1503 598 1625 643 obiici
1662 604 1832 656 possent

205 677 265 715 est
298 684 394 713 usus
441 669 666 724 Ecclesiae,
715 681 821 725 quae
868 681 890 712 a
938 668 1091 725 Spiritu
1119 668 1287 712 ,Sancto
1336 668 1653 725 gubernatur».
1706 669 1826 713 ltem:

210 741 452 784 «Dominus
476 739 490 761 ²
525 739 716 783 lidelibus
748 742 833 782 suis
867 741 1066 796 promisit,
1100 739 1266 783 dicens:
1301 740 1326 760 “
1354 739 1426 784 Ubi
1461 741 1611 783 fuerint
1644 741 1726 784 duo
1763 741 1827 784 vel

206 817 287 855 tres
319 813 555 867 congregati
591 812 629 853 in
665 813 831 854 nomine
870 823 974 862 meo,
1009 810 1063 853 ibi
1102 824 1192 853 sum
1229 813 1266 853 in
1312 811 1494 853 medium
1535 824 1736 865 eorum„.
1779 811 1832 855 Et

205 883 295 926 ideo
331 884 502 924 tirmiter
536 881 758 925 tenendum
794 886 855 924 est
885 881 994 939 quod
1030 881 1311 924 ordinationes
1344 880 1556 924 Ecclesiae
1588 881 1833 938 dirigantur

202 953 429 996 secundum
464 953 707 1008 sapientiam
741 949 906 995 Christi.
955 950 1004 994 Et
1047 955 1215 1007 propter
1260 950 1338 995 hoc
1387 956 1546 995 certum
1580 965 1669 995 esse
1703 951 1833 995 debet

205 1026 305 1066 ritus
337 1036 439 1080 quos
486 1022 671 1066 Ecclesia
720 1021 916 1065 observat
949 1023 987 1064 in
1021 1021 1098 1065 hoc
1133 1026 1172 1064 et
1206 1023 1243 1064 in
1284 1021 1375 1064 aliis
1421 1024 1693 1065 sacramentis
1740 1035 1832 1065 esse

203 1096 498 1137 convenientes
519 1108 559 1138 ».
585 1119 638 1123 -
664 1093 834 1135 Prorsus
858 1094 984 1149 igitur
1017 1092 1250 1136 laudandus
1281 1106 1371 1134 can.
1397 1094 1503 1135 789.
1528 1091 1833 1149 Confirmandi,

201 1165 238 1207 si
266 1164 413 1222 plures
445 1163 545 1216 sint,
580 1163 693 1221 (nam
727 1176 809 1206 uno
842 1167 1001 1206 tantum
1036 1162 1336 1215 confirmando,
1369 1164 1401 1205 si
1437 1163 1726 1208 fueritabsens
1748 1163 1828 1217 bie,

204 1249 276 1279 nec
309 1237 431 1291 incipi
483 1239 618 1291 posset
651 1232 947 1290 caeremonia),
981 1233 1124 1277 adsint
1156 1246 1298 1276 omnes
1328 1233 1495 1291 primae
1526 1247 1725 1276 marinum
1758 1234 1830 1276 im·

199 1306 403 1364 positioni
435 1320 507 1348 seu
539 1304 791 1358 cretensium,
824 1317 932 1362 quae
967 1305 1011 1348 f1t
1045 1306 1130 1347 fere
1163 1303 1214 1348 ab
1249 1306 1378 1359 initio,
1414 1317 1493 1347 non
1529 1309 1664 1347 tamen
1693 1304 1835 1365 validi-

203 1381 271 1421 tati
307 1378 635 1421 confirmationis
667 1381 728 1419 est
763 1378 1010 1432 necessaria,
1047 1378 1127 1418 imo
1163 1380 1429 1431 praeceptum
1476 1379 1535 1418 est
1569 1375 1726 1419 directe
1759 1376 1828 1419 da-

203 1454 285 1492 tum
321 1447 616 1491 confirmandis
648 1451 688 1490 et
725 1451 814 1503 post
849 1445 960 1489 illam
1003 1448 1217 1489 venientes
1239 1447 1477 1489 contirmari
1504 1445 1613 1489 licite
1637 1451 1832 1502 possunt·⁷

201 1533 273 1561 nec
304 1519 388 1561 nisi
425 1517 589 1576 echleto
621 1517 711 1560 ritu
749 1515 970 1559 discedant
1003 1518 1117 1559 iuxta
1155 1516 1362 1559 Pontificis
1397 1518 1696 1559 intimationem
1736 1521 1833 1560 ante

200 1591 475 1633 functionem:
516 1604 536 1629 «
559 1587 705 1632 Nullus
728 1588 998 1631 confirmatus
1017 1587 1218 1639 discedat,
1237 1589 1313 1629 nisi
1336 1586 1621 1630 benedictione
1644 1592 1830 1643 accepta,

199 1673 322 1718 quam
360 1661 540 1703 Pontifex
578 1663 667 1716 post
699 1661 882 1702 omnium
919 1659 1277 1701 confirmationem
1312 1657 1489 1713 dabit»,
1525 1663 1564 1701 et
1597 1671 1670 1714 per
1702 1670 1829 1714 quam

198 1732 567 1775 administrationis
589 1729 711 1772 buius
744 1730 993 1772 sacramenti
1033 1730 1296 1771 caeremonia
1330 1728 1513 1784 explicit,
1548 1727 1829 1785 subsequente

202 1802 256 1845 illi
292 1802 481 1846 rubrica:
519 1800 765 1856 «Expedita
800 1802 940 1856 itaque
973 1800 1291 1842 confirmatione
1315 1814 1354 1841 )).
1390 1798 1519 1856 Igitur
1558 1811 1687 1843 canon
1715 1798 1832 1843 iubet

197 1872 503 1916 confirmandos
535 1871 680 1915 adesse
713 1869 867 1914 debere
900 1872 971 1913 toti
1007 1871 1102 1913 ritui
1147 1871 1271 1912 etiam
1316 1869 1561 1913 accidentali
1607 1869 1729 1913 huius
1762 1881 1826 1912 sa·

200 1946 414 1987 cramenti.

893 2057 1040 2094 CAPUT
1070 2058 1122 2093 lll.

463 2143 517 2177 De
551 2143 725 2186 tempore
759 2143 798 2177 et
831 2142 914 2176 loeo
950 2141 1257 2176 confirmationis
1290 2141 1560 2176 conferendae.

246 2247 330 2284 CAN.
361 2246 441 2282 790.
470 2268 490 2274 -
518 2247 588 2283 Hoc
613 2254 873 2283 sacramentum
893 2259 976 2293 quo·
1048 2258 1088 2282 ac
1113 2246 1356 2281 rationabilem
1384 2246 1599 2286 iudicaverit,
1635 2251 1743 2292 potest
1761 2247 1827 2281 boc

201 2297 249 2331 vis
283 2301 436 2341 tempore
473 2295 621 2330 conferri
662 2299 788 2341 potest3
827 2296 976 2330 maxime
1049 2298 1308 2329 sacramentum
1336 2293 1370 2327 in
1399 2294 1550 2339 quolibet
1588 2294 1655 2328 alio
1689 2294 1825 2329 decenti

197 2348 312 2379 autem
340 2343 435 2377 decet
461 2342 546 2377 illud
572 2342 812 2377 administrari
838 2342 874 2376 in
896 2341 977 2377 beb·
1050 2341 1122 2376 loco
1147 2340 1308 2376 conferri.

197 2390 346 2426 domada
373 2389 598 2425 pentecostes.
1099 2387 1182 2423 CAN.
1213 2386 1292 2422 792.
1325 2407 1340 2413 -
1370 2386 1535 2433 Episcopo
1562 2387 1614 2422 ius
1644 2392 1695 2422 est
1733 2387 1830 2422 intra

246 2437 330 2472 CAN.
360 2435 438 2470 791.
467 2457 483 2461 -
506 2435 596 2471 Licet
616 2436 774 2482 proprius
791 2435 975 2470 confirma·
1051 2435 1135 2470 fines
1161 2445 1243 2469 suae
1261 2435 1426 2470 dioecesis
1444 2434 1744 2469 confirmationem
1763 2434 1822 2469 ad-

197 2484 303 2519 tionis
320 2484 624 2519 administrandae
643 2483 737 2518 locus
755 2483 900 2518 ecclesia
915 2483 972 2523 sit,
1050 2482 1271 2517 ministrandi
1299 2482 1334 2516 in
1363 2481 1444 2517 locis
1474 2492 1609 2527 quoque
1643 2481 1826 2527 exemptis.

197 2542 235 2566 ex
263 2542 366 2566 causa
392 2535 508 2565 tamen
537 2541 641 2575 quam
670 2530 829 2565 minister
848 2530 974 2565 iustam

316 2638 383 2680 85.
418 2639 672 2694 Inscriptio
706 2639 882 2693 eapitis
915 2641 963 2683 et
996 2649 1212 2682 canones
1245 2638 1336 2681 sub
1370 2649 1444 2681 eo.
1468 2660 1493 2665 —
1516 2634 1711 2692 Sequitur
1749 2633 1823 2677 Ca—

196 2714 271 2764 put
307 2706 377 2750 Ill.
418 2707 473 2749 De
507 2712 689 2764 ternpore
722 2712 760 2750 ec
784 2706 871 2750 [000
895 2705 1229 2763 confirmationis
1267 2703 1547 2762 conserendae
1591 2706 1720 2760 magis
1758 2704 1819 2747 vel

200 2780 334 2820 minus
366 2778 619 2831 solemniter,
652 2790 746 2820 nam
783 2777 1019 2820 Pontilicnle
1051 2775 1287 2820 Romanum
1314 2777 1350 2817 in
1376 2774 1554 2818 Rubriea
1581 2774 1691 2818 linali
1720 2773 1825 2817 «De

322 2928 332 2949 1
360 2927 401 2960 38ι
427 2927 469 2960 P.
500 2939 534 2971 q.
565 2927 730 2970 LXXII,
758 2939 791 2960 a.
824 2928 878 2968 12,
903 2938 933 2961 0.
961 2947 1003 2951 -—
1029 2927 1042 2949 2
1069 2925 1211 2961 Matth.
1240 2925 1388 2968 XVIII,
1416 2926 1473 2959 20.
