1971 3261
193 157 239 192 96
590 160 674 195 LIB.
701 161 773 194 III.
806 181 817 187 -
844 161 955 196 PARS
990 163 1017 196 Ι.
1044 182 1057 188 -
1082 163 1140 198 De
1168 163 1434 199 Sacramentis
1546 164 1640 202 Can.
1669 166 1826 202 799-800

194 283 314 325 tionis
347 281 572 335 collationi,
610 281 674 324 vet
708 281 852 324 saltem
889 283 926 324 in
968 281 1150 325 Ecclesia
1192 283 1258 326 ubi
1299 285 1558 327 ministratur
1583 284 1664 339 illa,
1698 285 1739 343 a)
1774 285 1825 329 de

192 351 348 395 collata
373 351 689 408 confirmatione
723 350 765 408 b)
789 351 998 406 minister,
1023 354 1088 395 cui
1115 352 1215 395 haec
1239 352 1435 410 obligatio
1460 354 1676 409 incumbit,
1696 355 1735 412 c)
1763 355 1824 399 vel

188 436 265 480 per
296 436 339 480 se
372 422 460 479 ipse
502 427 695 465 oretenus
728 427 797 465 aut
829 435 903 464 suo
940 424 1108 478 scripto,
1143 422 1207 465 vel
1235 437 1313 481 per
1345 423 1477 467 aii'um
1510 425 1823 482 quomodolibet

190 493 259 536 seit
295 494 337 550 tl)
375 493 683 550 qetamprimum
709 493 745 536 id
771 498 857 536 est:
894 493 1115 549 diligenter
1147 493 1187 550 e)
1222 494 1396 537 eztndem
1420 495 1676 551 praedictum
1702 510 1819 553 paro-

190 565 312 608 cbum
348 564 566 607 cuiuslibet
601 565 942 607 confirmatorum
986 564 1206 607 certiorem
1237 565 1406 623 faciat:
1437 566 1505 610 tali
1541 580 1639 624 ergo
1683 567 1820 611 medio

190 640 327 678 utatur
361 635 467 691 qnod
507 634 673 691 parochi
710 635 833 678 tidem
872 639 1093 679 mereatur.
1127 634 1177 678 Et
1214 635 1336 680 huius
1369 640 1538 681 canonis
1561 637 1672 682 nulla
1695 643 1756 682 est
1779 641 1818 682 in

187 706 338 748 (lodice
371 708 560 761 exceptio
594 718 669 748 nec
703 706 986 762 privilegium.

303 776 368 819 98.
407 778 478 822 De
510 778 776 822 sufficienti
811 779 1121 833 probatione.
1155 801 1178 809 -
1213 776 1332 830 Quod
1368 778 1523 821 (lictum
1558 784 1619 822 est
1656 780 1707 823 (le
1741 779 1810 824 ba—

185 850 347 904 ptismo,
367 853 404 890 ct
426 849 570 903 potiori
594 849 751 890 ratione
775 847 1002 891 (licendum
1026 848 1077 891 sle
1101 849 1428 901 contirmatione,
1453 861 1559 906 quae
1585 853 1816 894 necessaria

186 932 263 962 non
299 924 358 962 est
392 921 448 961 uti
485 918 666 961 medium
692 918 741 961 acl
767 918 941 961 salutem
978 919 1330 976 consequendam,
1355 919 1393 962 id
1417 922 1560 962 statuit
1593 934 1684 963 caii.
1707 922 1815 964 800.

182 989 246 1032 Ad
279 988 477 1032 collatam
512 988 871 1045 confirmatione-m
902 988 1165 1046 probandam
1197 990 1333 1047 quoad
1370 990 1537 1046 factum,
1572 994 1815 1049 ceteroquin

184 1061 531 1117 praesumendum
584 1059 783 1114 validum,
816 1059 937 1103 modo
970 1060 1130 1103 wentini
1162 1060 1237 1117 fiat
1266 1059 1595 1118 praeiudicium,
1627 1062 1812 1106 scilicet:

181 1132 378 1175 ‹lamnum
405 1145 481 1174 non
507 1133 558 1174 sit
592 1136 840 1174 eventurum
867 1133 1026 1174 etiamsi
1052 1132 1314 1174 confirmatio
1336 1144 1481 1175 revera
1502 1133 1625 1175 tuerit
1647 1135 1813 1186 omissa,

179 1202 286 1245 satis
319 1208 379 1244 est
413 1204 453 1258 a)
479 1216 585 1245 unus
619 1202 738 1244 lestis
771 1202 884 1245 omni
917 1202 1160 1259 exceptione
1191 1203 1326 1259 quoad
1362 1205 1641 1259 cognitionem
1677 1208 1717 1246 et
1744 1217 1810 1247 ve-

182 1275 393 1317 racitatem
428 1273 578 1327 νικαῖον,
603 1287 673 1316 εθυ
699 1273 926 1316 excludens
950 1273 1178 1330 quamlibet
1195 1275 1500 1330 exceptionem,
1524 1273 1567 1331 b)
1592 1273 1655 1317 vel
1677 1274 1813 1332 ipsius

178 1344 416 1401 confirmati
459 1343 772 1397 i'ust'uraizclum,
819 1344 944 1387 veluti
988 1344 1040 1387 (le
1087 1358 1128 1387 re
1161 1344 1236 1388 sibi
1273 1344 1360 1388 utili
1400 1344 1561 1400 collata,
1598 1358 1673 1388 nec
1707 1346 1809 1388 infa-

181 1415 317 1458 mandi
353 1428 400 1458 ex
437 1417 564 1471 ipsius
597 1417 832 1468 omissione,
866 1414 952 1457 nisi
983 1414 1254 1471 coizfirmalics
1285 1415 1419 1472 fuerit
1458 1415 1625 1473 qnando
1664 1418 1811 1459 consti-

179 1490 289 1529 tutus
321 1490 406 1529 erat
441 1485 484 1528 iii
518 1485 713 1544 infantili
756 1491 896 1528 aelate
937 1488 1060 1529 etiam
1108 1489 1295 1541 proxima
1340 1486 1545 1542 explendo
1578 1488 1807 1542 septennio,

177 1559 272 1614 quia
307 1561 402 1600 tunc
436 1569 514 1599 non
551 1559 783 1612 perciperet
817 1557 1146 1600 confirmationis
1181 1562 1449 1612 momentum,
1486 1562 1528 1600 ut
1561 1557 1612 1600 (le
1636 1570 1682 1600 ea
1718 1571 1807 1613 pos-

175 1633 234 1670 set
271 1630 307 1670 in
344 1628 527 1670 futurum
563 1628 786 1670 testificari.
823 1627 907 1670 Nec
941 1628 1223 1671 admittendus
1255 1627 1465 1671 clausulae
1497 1640 1641 1670 sensus
1685 1646 1701 1666 (t
1729 1630 1809 1671 tue-

176 1701 227 1741 rit
261 1701 298 1741 in
335 1697 507 1741 intantili
541 1703 676 1741 aetate
699 1714 719 1739 »
758 1698 924 1755 quando
945 1701 1221 1741 iuramentum
1250 1703 1457 1755 praestare
1476 1697 1640 1752 debeat,
1664 1711 1805 1756 quam-

178 1772 238 1812 vis
274 1782 419 1812 verum
453 1770 517 1818 sit,
551 1773 732 1812 attamen
769 1769 874 1812 adeo
907 1782 956 1812 ex
993 1769 1258 1812 iurisiurandi
1294 1773 1439 1812 natura
1473 1773 1534 1812 est
1557 1769 1742 1825 evidens,
1764 1774 1807 1813 nt

175 1840 328 1883 inutilis
361 1844 463 1882 esset
498 1841 666 1882 omnino
700 1842 869 1883 canonis
907 1839 1091 1883 clausula
1128 1841 1352 1896 praedicta.

814 2030 1050 2068 TITULUS
1082 2030 1153 2068 ΙΙΙ.

618 2124 681 2167 De
713 2125 1003 2167 sanctissima
1036 2123 1342 2167 Eucharistia.

217 2254 300 2290 clx.
331 2252 411 2289 801.
443 2274 458 2281 -
490 2254 525 2288 ln
553 2253 783 2288 sanctissima
815 2252 946 2288 Eucha-
1021 2256 1090 2287 met
1117 2251 1277 2288 Christus
1309 2251 1477 2286 Dominus
1512 2250 1723 2294 continetur,
1752 2250 1800 2285 of-

169 2302 265 2338 ristia
291 2302 355 2336 sub
382 2301 562 2347 speciebus
590 2300 692 2346 panis
718 2300 840 2336 etvini
862 2300 946 2346 ipse·
1023 2300 1142 2343 fertur,
1171 2299 1333 2334 sumitur.

286 2409 353 2452 99.
389 2409 645 2464 Inscriptio
677 2409 802 2453 tituli
839 2421 899 2452 ac
930 2408 1062 2452 illius
1094 2408 1308 2452 notionis
1341 2419 1514 2451 canon.
1543 2430 1571 2434 -
1603 2403 1798 2460 Sequitur

174 2477 334 2521 Titulus
354 2476 422 2520 Ill
441 2489 589 2533 magna
618 2476 839 2519 verborum
870 2478 1122 2533 proprietate
1145 2478 1395 2531 inscriptus:
1431 2472 1492 2517 De
1514 2471 1799 2524 sanctissima,

166 2551 260 2605 quia
295 2548 371 2591 lioc
405 2553 711 2591 sacramentum
746 2549 932 2590 continet
966 2546 1084 2589 lllum
1124 2562 1146 2586 «
1170 2548 1206 2588 in
1242 2559 1323 2602 quo
1356 2544 1517 2588 habitat
1549 2544 1685 2585 omnis
1712 2541 1795 2598 ple-

167 2620 308 2662 nitntlo
352 2619 581 2662 divinitatis
625 2620 966 2674 corporaliter»,
1012 2622 1054 2660 ut
1096 2618 1152 2660 ait
1193 2615 1461 2672 Apostolus¹,
1500 2611 1794 2665 Eitcltarislia,

167 2693 299 2746 prouu
338 2695 507 2733 vocatur
541 2692 663 2733 etiam
686 2692 723 2732 in
745 2690 986 2732 recensione
1019 2691 1375 2731 sacramentorum
1402 2687 1508 2729 facta
1533 2697 1605 2741 per
1629 2683 1796 2739 (logma-

165 2763 290 2803 ticum
326 2772 413 2803 can.
456 2761 466 2802 l
499 2759 549 2803 de
572 2762 844 2803 sacramentis
884 2761 923 2801 in
961 2770 1112 2815 genere
1137 2755 1165 2812 ²,
1195 2773 1214 2798 ((
1240 2757 1277 2799 id
1297 2761 1370 2811 est,
1396 2755 1500 2799 bona
1525 2750 1674 2811 gratia,
1698 2754 1794 2810 quia

282 2916 289 2935 ¹
320 2914 378 2948 Ad
407 2913 557 2948 Coloss.
588 2912 640 2953 ΙΙ,
669 2913 704 2947 9,
736 2932 774 2936 -
805 2912 818 2933 ²
844 2911 890 2945 In
917 2921 1011 2944 sess.
1039 2908 1114 2943 VII
1141 2908 1257 2943 Cone.
1287 2907 1391 2941 Trid.
