1971 3261
158 130 226 164 516
552 127 638 162 Lm.
668 126 739 162 111.
765 146 777 153 -
805 126 915 161 PARS
940 126 970 161 J..
996 145 1008 151 ·
1038 125 1092 160 De
1117 125 1384 160 Sacer-amentis
1458 124 1552 161 ean.
1580 125 1784 160 1030-1031

156 254 239 292 tum
275 261 368 291 cum
404 247 481 290 hoc
515 248 645 289 veteri
682 248 769 289 iure
803 246 1038 299 congruit»
1076 245 1184 300 (can.
1213 244 1251 299 6,
1277 243 1450 302 3⁰)§2
1487 243 1533 286 St
1565 243 1682 286 iutra
1716 257 1789 286 sear

155 333 311 362 meuses
355 320 586 371 continuos,
620 329 667 360 ac
713 317 958 372 incipientes
1002 328 1080 358 non
1125 328 1146 358 a
1191 315 1258 358 die
1301 327 1383 372 quo
1428 314 1538 358 licite
1583 313 1787 358 celebrari

157 394 314 446 poterat
349 389 659 431 matrimonium
692 386 923 430 secundum
959 398 1147 429 normam
1182 387 1529 442 exceptionemve
1560 383 1601 442 ξ’
1638 397 1790 442 praec,

156 461 226 504 sed
268 459 362 503 «ab
397 459 540 502 ultima
574 458 940 501 denunciatione»
980 470 1028 500 eo
1061 456 1169 513 quod
1200 472 1222 497 «
1246 458 1283 499 in
1319 455 1445 499 dubio
1478 468 1499 499 a
1536 458 1665 499 veteri
1701 458 1791 499 iure

160 545 238 574 non
273 535 334 574 est
368 529 693 573 recedendum»
733 528 842 586 (can.
879 529 917 581 6,
951 527 1029 585 4⁰),
1064 527 1381 570 matrimonimn
1414 531 1676 570 contractum>
1709 540 1791 570 nou

159 602 305 660 fuerit,
350 600 428 644 illis
465 601 684 643 transactis
727 599 777 642 ad
827 611 1014 642 normam
1060 610 1151 642 can.
1185 598 1254 652 34,
1286 598 1314 656 ξ
1348 598 1386 652 3,
1422 598 1480 653 3⁰,
1517 599 1672 641 iussum
1707 602 1791 641 est:

159 671 480 730 publicationes,
500 675 539 713 et
562 682 693 714 canon
729 674 836 713 tacet
869 669 919 712 de
954 670 1273 725 investigatione
1307 670 1440 711 lorsan
1477 669 1709 711 necessaria
1742 666 1795 711 ob

163 756 251 787 can.
289 743 416 796 1019,
450 744 474 795 ἓ
509 741 548 796 i,
581 745 844 799 repetantur,
877 753 950 783 seu
985 752 1165 783 canones
1197 739 1249 782 de
1285 738 1363 782 illis
1398 738 1693 795 praecedentes
1726 751 1792 781 ur-

164 819 275 871 gent,
320 827 414 857 cum
465 815 712 869 «potestate
760 810 956 867 explicite
1005 810 1072 853 hic
1120 822 1361 854 concessa»
1415 811 1520 864 (can.
1567 809 1667 866 81);
1711 809 1794 852 nisi

166 885 287 928 aliud
331 884 510 927 totaliter
556 883 618 926 vel
664 882 894 939 partialiter
937 881 1018 924 toci
1055 880 1290 925 Ordiuarz'o
1332 880 1468 938 quoad
1513 879 1591 923 hoc
1633 886 1795 936 tempus

165 955 468 1001 considerando
511 955 560 998 ad
606 966 794 997 normam
840 966 928 997 can.
970 952 1079 995 1028
1115 966 1187 1009 pro
1226 951 1489 995 attribuenda
1534 954 1610 1008 ipsi
1653 963 1796 1008 supra-

166 1029 273 1071 dicta
311 1031 521 1081 potestate,
546 1024 754 1078 uideatur,
781 1024 890 1082 quod
927 1024 1108 1080 prudens
1141 1023 1340 1067 iudicium
1374 1022 1526 1066 sufficit
1560 1022 1675 1066 velut
1702 1037 1723 1063 ((
1747 1022 1798 1066 le-

167 1101 309 1156 gitima
344 1109 468 1141 causa
493 1113 530 1140 >).

286 1170 384 1212 4122.
421 1170 769 1225 obligationes
802 1168 1006 1225 parochi
1034 1169 1173 1212 iuxta
1195 1168 1528 1223 impedimenti
1560 1167 1796 1211 detectio·

169 1256 293 1287 nem.
328 1266 379 1271 —
417 1239 493 1283 Rit.
529 1239 647 1282 Rom.
681 1239 929 1282 decreverat
959 1237 1053 1292 (loc.
1086 1239 1153 1280 cit.
1189 1250 1227 1281 n.
1259 1236 1326 1294 8):
1366 1252 1386 1277 «
1410 1235 1798 1279 ‹lenunciationibus

171 1314 329 1356 factis...
364 1314 395 1354 si
431 1311 527 1368 quid
564 1309 710 1365 obstat,
747 1309 853 1353 ultra
888 1308 1098 1352 Parochus
1130 1321 1209 1351 non
1245 1307 1503 1364 procedat».
1528 1306 1669 1350 Maiori
1703 1320 1796 1350 cum

170 1385 378 1441 aequitate
422 1381 602 1438 parocho
645 1382 835 1424 deterens
878 1382 915 1423 in
960 1379 1036 1423 hac
1077 1384 1191 1436 parte
1231 1381 1529 1432 interventum,
1572 1383 1611 1421 et
1653 1391 1798 1422 secun-

171 1456 269 1498 dum
306 1453 571 1511 probatorum
607 1452 836 1496 Auctorum
881 1451 1091 1495 doctrinas
1134 1450 1394 1507 disciplinam
1434 1453 1628 1493 accurate
1661 1449 1800 1492 docuit

171 1540 261 1569 cau.
298 1526 411 1568 1031
443 1523 520 1568 sub
563 1523 726 1567 duobus
758 1522 815 1580 §g
848 1525 961 1566 iuxta
1005 1522 1214 1565 diversam
1265 1521 1550 1577 impedimenti
1600 1522 1800 1564 notitiam.

169 1598 197 1656 ξ
230 1600 264 1642 1.
300 1594 461 1639 Exorto
494 1594 617 1638 dubio
653 1596 830 1651 positivo
863 1607 934 1637 seu
972 1595 1119 1636 mentis
1151 1596 1274 1645 statu,
1307 1606 1388 1650 quo
1433 1592 1618 1635 iudicare
1651 1591 1702 1635 ob
1737 1603 1802 1634 ra-

172 1670 304 1711 tiones
338 1670 514 1723 nequeat
547 1665 598 1708 de
629 1664 858 1708 effisteutia
891 1664 1075 1707 alicuius
1109 1662 1413 1720 impedimenti,
1445 1663 1542 1706 dum
1579 1675 1668 1706 eam
1707 1675 1801 1718 pru-

172 1739 319 1782 denter
347 1739 596 1793 suspicatur,
619 1749 797 1793 sequens
821 1736 923 1779 ordo
946 1735 1178 1778 servandus
1210 1739 1293 1777 est:
1320 1760 1371 1764 —
1398 1737 1437 1776 1⁰
1474 1732 1686 1776 Pat‘ocltus
1716 1746 1801 1776 rem

174 1809 417 1853 accuratius
452 1807 685 1868 iueestiqet,
720 1809 809 1850 sive
846 1809 883 1850 in
919 1806 1292 1863 adimplemenlum
1333 1818 1422 1850 can.
1458 1805 1585 1859 1090,
1619 1806 1643 1857 ἓ
1679 1805 1715 1858 i,
1751 1806 1803 1848 ita

174 1886 216 1924 ut
252 1880 423 1924 verbum
454 1879 765 1936 «diligenter»
796 1880 1092 1934 interpretetur
1125 1879 1164 1919 in
1199 1890 1295 1919 casu
1333 1890 1405 1932 per
1441 1875 1613 1919 verbum
1645 1891 1666 1916 c<
1688 1888 1805 1919 accu-

177 1953 366 2005 ratius»,
399 1953 489 1993 sive
523 1949 711 1994 iterando
749 1949 810 1992 vel
853 1948 1144 2006 prosequendo
1189 1949 1552 2003 investigationem
1592 1962 1612 1987 (ι
1635 1958 1805 1990 accura-

176 2025 256 2066 tius
280 2038 299 2062 ))
330 2026 516 2077 respectu
554 2020 853 2077 praecedentis,
880 2020 1110 2076 modusque
1143 2019 1468 2062 determinatur:
1503 2015 1806 2074 interroyando

177 2094 221 2148 a)
255 2091 327 2135 sub
363 2092 598 2134 iuramento
632 2091 682 2134 de
721 2093 894 2134 veritate
926 2089 1116 2143 dicenda,
1152 2089 1194 2145 b)
1228 2088 1332 2132 duos
1374 2087 1523 2131 saltem
1568 2093 1704 2139 testes,
1738 2089 1806 2144 qui

177 2163 387 2206 sufficiunt
423 2176 493 2218 pro
527 2164 697 2204 canonis
740 2160 1018 2213 observantia,
1057 2159 1117 2203 vel
1161 2159 1313 2216 piures,
1345 2161 1377 2202 si
1416 2158 1526 2213 velit,
1559 2157 1695 2202 adhuc
1738 2170 1807 2200 ne-

178 2236 381 2277 cessarios
413 2246 486 2289 pro
520 2232 750 2289 detegenda
788 2233 1020 2281 existentia,
1044 2230 1084 2288 c)
1119 2229 1199 2286 fide
1231 2229 1380 2287 dt'yuos
1412 2228 1464 2272 ob
1495 2228 1724 2272 naturalem
1758 2227 1809 2271 de

182 2318 223 2348 re
247 2317 293 2348 ac
318 2317 395 2346 non
420 2308 655 2359 suspectam
694 2304 975 2356 veracitatem,
1000 2301 1111 2358 quod
1149 2301 1328 2344 medium
1366 2301 1697 2356 investigationis
1728 2303 1808 2342 sta-

181 2377 321 2429 tuitur,
357 2372 578 2417 duumzodo
621 2387 672 2416 ne
713 2378 870 2430 assatur
912 2371 962 2415 cte
1004 2370 1299 2430 impedimento
1333 2384 1384 2413 eoe
1416 2370 1534 2412 euius
1572 2368 1727 2412 notitia
1758 2367 1809 2411 ob

180 2447 343 2489 testium
381 2447 747 2501 interrogationem
784 2445 950 2486 torsitan
983 2442 1080 2486 illud
1105 2444 1377 2486 nescientium
1403 2440 1585 2499 infamia
1615 2438 1810 2498 partibus

181 2521 348 2574 propter
381 2517 470 2559 eius
503 2517 706 2571 originem
744 2516 1074 2571 peccaminosam
1110 2513 1293 2567 oriatur,
1326 2525 1420 2556 nam
1456 2511 1627 2555 dubium
1668 2510 1809 2554 elnen-

178 2588 278 2630 ‹lum
313 2585 419 2629 lianc
454 2586 648 2628 infamiae
673 2585 955 2628 inductionem
980 2597 1058 2627 non
1084 2583 1338 2637 cohonestat,
1359 2585 1486 2625 immo
1509 2582 1624 2625 addit
1657 2593 1810 2625 canon:

179 2662 233 2711 et,
277 2657 315 2699 si
353 2670 517 2699 neeesse
563 2656 695 2713 fuerit
741 2658 778 2698 in
823 2667 919 2698 casu
965 2656 1234 2710 exceptionis.
1282 2653 1343 2696 vel
1391 2653 1442 2696 ob
1487 2654 1650 2695 testium
1701 2651 1812 2695 det'e-

181 2733 309 2781 ctum,
345 2727 460 2785 ipsas
494 2740 653 2784 quoque
695 2723 893 2781 (fortasssis
936 2730 1026 2782 post
1070 2724 1174 2779 illos)
1211 2723 1551 2780 «interrogando
1589 2722 1666 2766 sub
1704 2724 1812 2765 iura-

186 2803 367 2841 mento»
403 2803 563 2855 partes,
597 2809 702 2853 quae
739 2799 954 2839 veritatem
990 2796 1225 2852 patefacere
1259 2794 1426 2849 debent,
1462 2798 1504 2837 ut
1541 2793 1725 2836 diximus
1762 2791 1811 2835 ad

183 2882 274 2913 can.
316 2868 440 2923 1020,
477 2870 501 2921 g
537 2867 573 2909 2.
