1971 3261
239 159 306 193 ess
629 159 714 192 Lm.
742 158 814 192 111.
845 179 856 183 -
884 158 994 193 PARS
1019 159 1050 192 Ι.
1079 179 1091 183 -
1118 159 1175 194 De
1200 159 1466 195 Sam-amentis
1560 140 1563 143 ’
1651 160 1744 196 ean.
1773 161 1864 196 1129

237 292 407 322 servare
442 282 665 334 recusat»,
699 281 740 320 et
772 290 878 335 quae
913 280 1014 322 ratio
1050 278 1196 322 militat
1230 280 1268 321 in
1302 278 1394 322 aliis
1428 282 1607 336 peccatis
1633 293 1727 324 cum
1752 293 1863 324 com-

240 350 345 406 plice
378 353 519 392 contra
555 353 759 402 naturam,
783 353 977 391 manente
998 348 1162 392 vinculo
1195 350 1427 393 secundum
1460 350 1739 407 dogmaticam
1763 351 1862 394 defi-

240 423 437 463 nitionem
474 422 511 462 in
546 418 670 463 Cone.
704 419 814 462 Trid.
842 420 879 463 1;
919 435 941 461 «
963 420 1002 464 Si
1027 423 1120 478 quis
1142 420 1309 475 dixerit,
1333 420 1563 465 Ecclesiam
1589 434 1743 477 errare,
1767 435 1861 465 cum

236 491 377 534 docuit
403 495 440 533 et
465 491 599 545 docet,
624 492 738 533 iuxta
761 490 1064 546 evangelicam,
1082 495 1122 534 et
1138 491 1408 547 apostolicam
1426 492 1673 545 doctrinam,
1697 497 1865 549 propter

236 561 487 605 adulterium
522 560 693 604 alterius
723 563 950 616 coniugum
984 563 1236 604 matrimonii
1273 562 1485 605 vinculum
1520 575 1600 605 non
1635 575 1754 619 posse
1786 563 1865 606 dis-

236 632 399 685 solvi,...
425 631 645 675 anathema
665 633 716 674 sit
733 647 772 686 n,
794 632 860 674 ius
884 630 1005 675 habet
1027 631 1229 683 solvendi,
1248 645 1296 676 eo
1321 633 1428 690 quod
1454 633 1645 677 Salvator
1663 632 1863 676 Dominus

236 703 362 746 dixit:
403 718 421 743 a
447 702 533 758 Ego
566 707 705 745 autem
738 702 831 746 dico
866 701 997 758 vobis,
1031 705 1127 760 quia
1161 705 1295 746 omnis
1337 706 1407 761 qui
1440 704 1646 748 dimiserit
1689 717 1860 748 uxorem

235 787 368 829 suam,
417 778 588 830 excepta
634 774 916 817 fornicationis
963 786 1100 829 causa,
1149 774 1245 818 facit
1292 787 1384 818 eam
1432 774 1709 832 moechari»,
1753 775 1862 818 unde

240 860 261 885 ((
285 843 426 888 Glossa
461 844 615 901 (interl.
649 857 774 900 super
798 844 921 887 illud:
960 843 1029 887 Vir
1051 858 1223 888 umorem
1246 859 1329 889 non
1352 844 1542 888 dimittat
1567 845 1577 888 l
1602 845 1653 889 ad
1677 844 1861 890 Corinth.

238 913 322 971 Vll)
343 918 416 959 ait:
447 931 465 955 «
487 914 687 958 Dominus
714 917 900 969 permisit
922 927 1047 959 causa
1071 916 1355 959 fornicationis
1387 929 1558 959 uxorem
1584 916 1831 959 dimittere»
1852 932 1859 958 :

234 999 333 1043 ergo
367 999 444 1029 non
480 991 539 1028 est
573 987 611 1028 in
648 990 909 1042 praecepto»
940 985 969 1040 ²,
1003 986 1131 1029 etiam
1165 986 1208 1029 in
1235 991 1501 1044 pei-pelicum,
1525 989 1622 1043 quia
1645 1000 1694 1030 ex
1722 998 1810 1043 cap.
1837 987 1859 1029 4

234 1057 286 1100 de
336 1055 598 1100 Divortiis³:
653 1072 675 1099 c<
697 1059 730 1100 si
780 1060 989 1100 notorium
1038 1062 1112 1113 est,
1163 1059 1380 1101 mulierem
1429 1059 1559 1114 ipsam
1608 1057 1859 1101 adulterium

233 1129 504 1181 commisisse,
538 1127 588 1170 ad
622 1140 714 1171 eam
749 1128 1031 1184 recipiendam
1068 1129 1276 1185 praefatus
1326 1130 1388 1171 vir
1430 1131 1521 1185 cogi
1561 1141 1639 1171 non
1674 1127 1860 1182 debet»,

233 1198 345 1241 vitae
376 1198 607 1255 coniugalis
640 1199 969 1242 communionem
992 1212 1172 1254 omnem,
1197 1199 1325 1242 salvis
1358 1212 1465 1256 quae
1489 1203 1721 1257 sequuntur
1744 1213 1861 1243 exce-

234 1269 465 1326 ptionibus:
499 1269 540 1327 a)
572 1269 657 1313 nisi
689 1269 733 1312 in
766 1269 922 1313 crimen
954 1269 1212 1313 consenserit
1245 1273 1357 1313 iuxta
1394 1284 1479 1328 reg.
1514 1273 1616 1314 iuris
1649 1271 1702 1313 <27
1737 1272 1776 1313 in
1802 1271 1860 1313 6.0

238 1357 261 1381 «
282 1341 434 1384 Scienti
469 1345 508 1384 et
541 1343 814 1384 consentienti
849 1341 960 1384 nulla
994 1342 1039 1384 fit
1072 1343 1286 1395 iniuria»,
1330 1343 1398 1398 qui
1433 1354 1659 1385 consensus
1691 1340 1857 1397 culpam

233 1412 469 1466 secumfert,
490 1415 630 1468 utpote
652 1411 875 1455 voluntatis
897 1417 1013 1455 actus
1036 1425 1130 1455 cum
1154 1412 1374 1455 sufficienti
1400 1411 1699 1455 deliberatione
1722 1411 1858 1470 quoad

233 1486 506 1539 sequuturum
545 1482 606 1525 vel
640 1486 735 1525 actu
770 1486 976 1539 patratum
1024 1485 1195 1537 crimen,
1232 1481 1274 1540 b)
1309 1488 1383 1525 ant
1429 1482 1563 1525 eidem
1602 1496 1651 1525 ex
1686 1484 1860 1526 circum-

232 1555 393 1596 stantiis
427 1553 653 1609 prudenter
687 1553 971 1610 praevidendo
1005 1567 1176 1596 eausam
1220 1553 1434 1611 physicam
1484 1553 1546 1596 vel
1584 1552 1781 1596 moralem
1816 1557 1860 1596 ut.

233 1626 272 1667 in
308 1623 493 1680 pluribus
542 1624 808 1668 inducentem
858 1625 907 1668 ad
952 1624 1203 1668 adulterium
1251 1624 1416 1668 dederit
1449 1626 1624 1681 positive
1657 1636 1705 1667 ac
1738 1623 1860 1667 modo

236 1694 482 1749 voluntario,
520 1708 555 1736 v.
590 1708 650 1752 gr.
688 1697 1016 1739 necessariorum
1058 1696 1222 1739 defectu
1265 1709 1418 1752 cogens
1462 1708 1634 1738 uxorem
1672 1698 1714 1737 ut
1745 1693 1861 1737 adul-

233 1766 447 1808 terandam
481 1779 524 1808 se
557 1765 706 1819 tradat,
740 1766 780 1823 c)
813 1765 877 1809 vel
909 1765 1019 1809 illud
1051 1780 1247 1824 empresse
1282 1766 1532 1810 verbotenus
1566 1778 1752 1822 parcens,
1786 1770 1860 1808 aul

234 1835 373 1890 tacite,
406 1836 503 1879 dnm
538 1838 673 1879 sciens
706 1835 806 1880 illud
841 1837 890 1880 ad
925 1840 1062 1880 actum
1098 1837 1289 1880 admittat
1324 1835 1686 1889 matrimonialem,
1710 1834 1858 1878 condo-

231 1906 412 1960 naverit,
445 1920 536 1950 nain
574 1920 658 1963 reg.
694 1909 795 1951 iuris
828 1908 876 1950 61
915 1912 976 1951 est
1010 1910 1048 1951 in
1084 1907 1151 1951 6⁰:
1192 1923 1212 1949 ((
1235 1907 1354 1962 Quod
1390 1906 1442 1951 ob
1474 1909 1650 1964 gratiam
1684 1906 1860 1950 alicuius

232 1978 488 2033 conceditur,
522 1991 601 2021 non
635 1984 696 2022 est
719 1981 756 2022 in
782 1981 870 2022 eius
894 1979 1157 2036 dispendium
1198 1979 1525 2037 retorquendum
1549 1994 1590 2033 n,
1622 1980 1730 2021 sicut
1752 1981 1858 2021 esset

235 2049 439 2092 volentem
474 2050 710 2093 condonare
743 2053 920 2107 coniuge
956 2052 1127 2107 privari,
1161 2049 1205 2107 d)
1239 2049 1302 2093 vel
1335 2049 1424 2107 ipse
1457 2063 1617 2108 quoque
1650 2048 1758 2092 idem
1781 2048 1857 2091 cri·

233 2133 322 2162 men
355 2120 622 2172 commiserit,
655 2134 749 2164 nam
786 2123 824 2164 in
857 2123 925 2165 cit.
960 2133 1051 2178 cap.
1075 2121 1099 2164 4
1123 2121 1292 2164 additur
1315 2120 1365 2164 ad
1391 2121 1601 2178 praedicta
1627 2119 1695 2164 illa
1717 2119 1856 2163 verba:

237 2205 259 2231 <c
280 2192 356 2233 nisi
406 2195 614 2234 constaret
661 2193 795 2248 ipsum
844 2205 939 2235 cum
987 2192 1065 2236 alia
1099 2191 1351 2235 adulterium
1385 2193 1716 2247 commisisse»,
1759 2195 1858 2233 tunc

232 2263 340 2304 enim
378 2263 439 2304 vir
472 2264 562 2317 cogi
598 2262 721 2306 debet
752 2263 803 2306 ad
841 2276 1012 2306 uxorem
1035 2263 1268 2306 adulteram
1294 2263 1590 2319 recipiendam,
1616 2274 1715 2318 ergo
1734 2273 1756 2304 a
1780 2261 1858 2304 for-

231 2334 323 2374 tiori
358 2332 541 2389 nequibit
587 2333 695 2376 illam
746 2334 970 2388 dimittere,
1018 2339 1142 2392 atque
1191 2334 1328 2377 lnnoc.
1363 2333 1411 2377 ΠΙ
1446 2333 1649 2391 Episcopo
1692 2332 1858 2376 Ambia-

232 2405 344 2445 nensi
393 2416 590 2458 expresse
637 2404 753 2448 ait4:
809 2405 985 2461 «Super
1018 2418 1098 2461 quo
1148 2404 1219 2448 tibi
1255 2404 1568 2461 respondemus,
1618 2403 1727 2461 quod
1760 2416 1854 2446 cum

232 2475 344 2528 paria
377 2475 552 2517 crimina
585 2478 922 2531 compensatione
959 2480 1099 2519 mutua
1133 2475 1365 2530 deleantur,
1392 2477 1454 2518 vir
1478 2474 1714 2518 huiusmodi
1739 2474 1858 2517 forni-

231 2545 403 2586 cationis
436 2543 620 2599 obtentu,
655 2558 753 2589 suae
787 2549 928 2589 uxoris
961 2548 1103 2603 nequit
1133 2548 1387 2590 consortium
1420 2545 1645 2599 declinare,
1679 2546 1711 2588 si
1747 2548 1853 2600 post-

233 2613 399 2656 modum
436 2616 521 2669 ipse
553 2628 647 2657 cum
681 2615 759 2659 alia
795 2621 1004 2672 perpetret
1041 2616 1294 2659 adulterium
1335 2616 1548 2659 manifeste
1572 2630 1609 2658 n.
1651 2613 1738 2657 Hae
1770 2615 1854 2657 sin-

231 2683 352 2740 gulae
400 2687 664 2741 exceptiones
716 2700 808 2730 cum
844 2700 986 2730 earum
1035 2686 1451 2730 determinationibus
1497 2690 1731 2742 congruunt
1778 2686 1856 2727 iuri

350 2814 361 2835 1
381 2813 484 2849 Sess
502 2814 635 2848 XXIV
654 2814 699 2849 de
719 2815 969 2850 Sacramento
987 2816 1230 2850 matrimonii
1257 2828 1340 2850 can.
1370 2816 1390 2850 7
1429 2835 1473 2841 —
1500 2816 1513 2838 2
1539 2816 1585 2850 D
1616 2815 1688 2850 Th
1718 2815 1853 2860 Suppl.

230 2872 265 2905 q.
295 2860 420 2901 LXII,
450 2866 524 2895 art.
553 2864 586 2895 2.
619 2861 692 2896 Sed
730 2869 877 2897 contra.
919 2885 959 2889 -—
989 2885 1032 2889 —
1059 2864 1073 2886 3
1100 2864 1177 2897 Tit.
1211 2865 1266 2904 19,
1296 2863 1381 2897 Lib.
1412 2863 1478 2897 IV.
1521 2883 1561 2888 —
1600 2864 1614 2885 4
1642 2863 1732 2908 Cnp.
1763 2863 1783 2897 7
1811 2863 1857 2897 de

231 2907 452 2952 adulteriis,
481 2909 544 2943 tit.
574 2909 629 2950 16,
658 2909 742 2943 Lib.
772 2910 816 2944 V.
