1971 3261
94 148 187 184 Gan.
212 146 369 182 906·907
621 145 705 179 Tl'r.
739 145 801 179 1V.
831 166 842 170 -
874 145 929 179 De
959 147 1200 180 I'oenitentr'a
1653 145 1720 179 281

95 271 228 310 stante
261 266 285 286 ‘⁴
309 262 456 310 Omnis
490 267 704 322 utriusque
740 278 865 307 sexus
887 300 911 315 .,
945 265 1080 308 edicto
1116 268 1152 308 in
1178 266 1300 308 (lonc.
1325 266 1490 319 Gener„
1515 265 1725 309 Romanus

99 337 209 380 l‘ont.
234 349 312 379 non
349 340 479 392 potest
512 336 660 385 lacere,
685 334 792 391 quod
833 334 1070 390 parochiani
1109 349 1185 378 uon
1222 341 1438 379 teneantur
1461 338 1598 379 omnia
1636 350 1725 392 pec-

96 412 184 451 cata
218 420 288 450 sua
324 405 449 449 semel
486 407 523 448 in
557 418 664 448 anno
698 408 862 461 proprio
886 406 1088 449 sacerdoti
1124 408 1326 460 confiteri,
1349 421 1471 464 quem
1509 407 1606 451 dicit
1633 421 1723 451 esse

52 477 55 479 ’
97 477 373 534 parochialem
409 481 611 520 curatum.
665 475 791 518 immo
827 489 899 518 uec
952 476 1058 518 Deus
1093 482 1221 532 potest
1267 477 1342 520 lioc
1388 479 1544 525 tacere:
1580 480 1724 534 qnia...

97 547 279 604 implicat
312 547 682 591 contradictionem
710 562 750 588 >›.

213 618 319 662 Hinc
367 623 535 674 apparet
580 617 806 660 clausulam
857 630 945 660 eam
984 630 1149 660 manere
1200 618 1366 661 uberius
1399 619 1646 675 explicatam
1685 623 1723 663 in

98 696 246 747 pi·aec⁸.
282 689 510 733 canonibus
543 694 646 745 cap³.
685 688 711 730 1.
747 687 872 731 Recte
908 690 1033 743 igitur
1067 690 1137 731 fuit
1175 688 1249 731 lioc
1295 692 1331 731 in
1367 704 1523 733 canone
1558 693 1727 744 omissa,

95 765 199 804 sicut
233 761 360 804 altera
393 780 406 798 a
435 766 473 803 et
507 762 730 802 iniunctam
757 758 832 801 sibi
861 760 1151 814 poenitentiam
1182 763 1356 815 propriis
1384 760 1539 803 xii-ilius
1561 762 1724 805 studeat

95 831 324 887 adimplere
344 847 382 876 )),
402 843 507 888 quae
529 830 780 885 generaliter
799 834 856 872 est
884 832 1033 872 inserta
1057 829 1132 872 sul)
1153 844 1240 871 cau.
1263 832 1344 873 887
1366 836 1402 873 vt
1429 831 1480 874 ibi
1501 832 1722 878 declarata.

216 902 367 945 2335bss.
418 904 598 948 Modus
644 902 946 957 adimplendi
996 903 1251 957 quodlibet
1294 908 1610 959 praeceptum
1664 907 1727 949 de

96 975 424 1019 confessione.
439 1000 493 1007 —
511 972 745 1015 Postremae
764 973 934 1013 canonis
955 977 1104 1026 praec⁵.
1123 970 1332 1015 clausulae
1346 976 1605 1015 rouncctitur
1619 976 1723 1016 eius-

95 1044 188 1087 dem
224 1044 436 1100 ampliatio
458 1046 494 1085 in
520 1057 612 1085 can.
631 1044 737 1085 907.
764 1040 987 1099 Praecepto
1013 1041 1236 1097 considendi
1256 1048 1442 1099 pem-alu,
1460 1046 1548 1086 sive
1569 1044 1724 1090 (lirino,

94 1117 183 1158 sive
226 1113 522 1161 ecclesiastico,
566 1115 655 1156 sive
704 1126 775 1169 per
824 1111 1053 1168 legitimum
1091 1115 1280 1167 imposito
1314 1115 1592 1169 Superiorem.
1636 1118 1728 1158 sive

96 1184 193 1228 illud
232 1189 496 1241 praeceptum
547 1187 597 1227 sit
631 1184 788 1227 directe
837 1196 906 1226 seu
955 1196 1026 1239 per
1074 1196 1117 1226 se
1162 1186 1388 1239 respiciens
1426 1186 1723 1228 confessionem

99 1269 135 1300 v.
169 1270 229 1312 gr.
267 1269 339 1312 pro
374 1260 590 1312 peccatore
641 1257 677 1297 in
731 1256 874 1297 mortis
910 1254 1108 1310 periculo,
1141 1257 1230 1297 sire
1264 1254 1370 1297 lianc
1420 1269 1490 1310 per
1533 1256 1726 1299 accidens

94 1340 164 1370 seu
201 1327 401 1370 indirecte
437 1329 666 1384 requirens,
690 1340 725 1370 v.
750 1340 811 1382 gr.
839 1339 910 1382 pro
944 1328 1109 1368 conscio
1135 1328 1290 1381 peccati
1328 1326 1512 1369 mortalis
1535 1329 1601 1384 qui
1628 1327 1725 1370 otui-

95 1402 215 1454 getur
252 1399 587 1441 communionem
635 1399 845 1452 recipere.
879 1395 1049 1439 cuilibet
1099 1399 1223 1452 igitur
1268 1402 1486 1452 praecepto
1536 1397 1602 1440 tali
1645 1412 1725 1439 mm

94 1468 323 1525 satisfacit,
360 1468 615 1526 proindeque
661 1467 759 1510 illud
797 1467 1101 1523 transgreditur
1135 1480 1272 1510 coram
1322 1467 1418 1521 Deo,
1452 1467 1523 1525 qai
1566 1469 1723 1526 conses-

94 1539 252 1582 sionem
286 1541 453 1583 forsitan
493 1552 632 1582 veram
667 1538 774 1596 facit
807 1539 878 1582 sed
913 1537 1164 1595 saerileyam
1207 1538 1332 1581 idest:
1370 1541 1479 1581 iuxta
1517 1542 1724 1594 propriam

94 1612 389 1654 conscientiam
427 1624 616 1667 peccans,
641 1612 729 1653 sive
764 1609 815 1653 ob
849 1610 1056 1653 defectum
1081 1611 1285 1652 examinis
1309 1623 1495 1665 gravem,
1520 1613 1608 1653 sive
1638 1623 1726 1666 gra-

98 1684 203 1726 viter
238 1694 413 1738 peccans
446 1683 718 1725 confessionis
752 1686 952 1737 tempore.
987 1683 1076 1723 sive
1121 1680 1172 1724 ol)
1210 1683 1466 1724 reticentiam
1502 1684 1724 1724 existimati

98 1767 194 1798 vere
227 1758 295 1797 ant
330 1753 428 1796 falso
452 1755 593 1809 gravis
619 1755 775 1809 peccati
811 1752 1049 1806 accusandi,
1073 1757 1149 1795 etc.
1173 1751 1233 1794 vel
1257 1751 1523 1794 rolemlariae
1548 1751 1725 1796 nullum.

98 1840 134 1867 v.
169 1840 230 1882 gr.
263 1824 315 1868 01)
348 1824 557 1867 defectum
603 1823 779 1867 alicuius
823 1837 872 1866 ex
908 1822 1068 1867 actibus
1101 1836 1120 1866 a
1160 1837 1203 1866 se
1249 1823 1459 1878 ponendis,
1495 1836 1599 1880 quae
1631 1829 1722 1866 sunt

96 1898 371 1952 poenitentiae
403 1897 653 1938 sacramenti
678 1897 794 1952 quasi
832 1896 1021 1948 materia,
1050 1894 1111 1937 vel
1148 1896 1242 1949 quia
1266 1907 1309 1937 se
1332 1893 1497 1937 subiicit
1524 1899 1608 1936 tum
1634 1908 1727 1937 con·

95 1969 265 2011 fessario
299 1969 436 2023 inepto
470 1966 521 2010 ob
554 1966 797 2009 surditatem
836 1965 900 2009 vel
946 1967 1219 2021 ignorantiam
1255 1966 1506 2016 6101601601,
1543 1973 1626 2008 tum
1661 1978 1723 2008 sa-

93 2038 249 2082 cerdoti
285 2040 516 2081 necessaria
568 2039 605 2080 iu
641 2050 739 2080 casu
790 2037 1073 2080 iurisdictione
1106 2039 1276 2084 carenti,
1312 2049 1390 2078 non
1425 2035 1580 2079 habens
1613 2037 1725 2079 sulli-

94 2111 271 2153 cientem
305 2121 473 2153 causam
510 2114 552 2152 ut
585 2122 605 2151 a
642 2108 864 2151 moralistis
898 2107 1142 2164 explicatur.

799 2283 943 2320 CAPt'T
971 2283 1026 2318 lY.

508 2369 562 2403 De
588 2369 671 2403 loco
697 2367 745 2402 ad
771 2367 1031 2402 confessiones·
1058 2366 1321 2410 excipiendas.

141 2473 226 2510 CAN.
248 2472 328 2509 908.
349 2495 365 2500 -
386 2473 657 2510 Sacramentalis
684 2473 872 2509 confessio-

94 2522 149 2557 nis
175 2521 335 2568 proprius
361 2522 456 2558 locus
481 2527 531 2558 est
551 2522 695 2558 ecclesia
723 2521 773 2557 vel
801 2532 872 2556 ora-

93 2569 220 2605 torium
249 2569 426 2614 publicum
452 2574 512 2605 aut
537 2569 831 2615 semi-publicum.

141 2615 225 2652 CAN.
248 2614 328 2652 909.
348 2637 364 2642 -
381 2621 401 2659 ξ
429 2621 460 2651 1.
482 2616 588 2652 Sedes
605 2615 871 2652 confessionalis

92 2664 135 2699 ad
173 2663 367 2700 audiendas
404 2664 592 2700 mulierum
635 2663 872 2699 confessiones

93 2722 230 2757 semper
268 2711 454 2747 collocetur
493 2711 528 2746 in
568 2711 640 2747 loco
680 2709 810 2756 patenti
838 2714 871 2744 et

93 2758 292 2804 conspicuo,
309 2763 343 2794 et
368 2759 560 2804 generatim
589 2760 624 2793 in
651 2758 795 2793 ecclesia
819 2757 869 2792 vel

93 2805 241 2841 oratorio
268 2806 405 2851 publico
438 2811 497 2842 aut
528 2805 769 2851 semi-publico
796 2815 869 2838 mn-

93 2853 236 2888 lieribus
261 2853 447 2889 destinato.

140 2904 160 2943 5
185 2899 218 2936 2.
245 2899 350 2936 Sedes
383 2899 651 2936 confessionalis
685 2903 777 2934 crate
805 2898 870 2933 fixa

945 2484 983 2508 36
1012 2472 1159 2508 tenuiter
1179 2472 1349 2517 perforata
1377 2473 1469 2507 inter
1489 2471 1724 2517 poenitentem

945 2525 976 2555 et
1004 2519 1255 2556 confessarium
1284 2520 1327 2554 sit
1356 2519 1538 2554 instructa.

993 2565 1077 2602 CAN.
1108 2566 1188 2601 91⁰.
1233 2588 1249 2592 -
1289 2568 1308 2611 ,ὅ
1339 2566 1366 2601 l.
1398 2566 1619 2601 Feminarum
1647 2576 1726 2600 con-

946 2615 1112 2649 fessiones
1145 2620 1241 2649 extra
1279 2612 1394 2649 sedem
1434 2613 1722 2649 confessionalem

946 2672 988 2697 06
1009 2662 1212 2703 audiantur,
1235 2661 1357 2697 nisiex
1379 2672 1482 2696 causa
1509 2660 1725 2695 infirmitatis

943 2709 1054 2744 aliave
1068 2719 1167 2744 verae
1183 2709 1399 2744 necessitatis
1416 2713 1447 2743 et
1467 2707 1634 2743 adhibitis
1648 2718 1724 2742 can-

944 2756 1021 2791 telis
1047 2767 1133 2801 quas
1168 2755 1378 2791 Ordinarius
1414 2756 1475 2790 loci
1509 2759 1723 2800 opportunas

945 2803 1159 2838 indicaverit.

991 2854 1010 2892 ξ
1036 2850 1067 2884 2.
1096 2850 1340 2886 Confessiones
1372 2850 1523 2885 virorum
1551 2848 1654 2884 etiam
1685 2849 1719 2881 10

943 2897 1088 2933 aedibus
1115 2898 1258 2943 privatis
1283 2899 1440 2943 excipere
1467 2897 1555 2932 licet.
1594 2918 1597 2920 -
