1971 3261
158 161 226 195 586
564 157 649 191 Lm.
678 155 750 190 III.
779 175 791 181 -
818 154 929 189 PARS
953 154 985 188 I.
1014 174 1026 180 -
1052 154 1110 189 De
1134 153 1400 188 Sam-amentis
1568 150 1661 185 Can.
1689 150 1782 185 1075

165 277 283 322 «sibi
321 282 506 320 mutuo»
546 275 669 318 tidem
713 273 892 329 dedisse)
934 286 1015 316 non
1059 274 1140 315 iam
1180 276 1223 314 ut
1264 283 1388 327 supra
1431 269 1658 313 ineundum
1694 272 1783 324 post

162 350 368 405 ligaminis
400 346 599 390 obstantis
630 345 900 398 solutionem,
925 343 995 387 sed
1020 343 1130 400 quod
1157 343 1474 398 praevenientes
1496 345 1672 397 tempuS,
1698 339 1787 382 loco

161 420 269 463 illius
303 418 396 461 fidei
431 416 506 461 sibi
544 421 685 459 mutuo
718 415 895 470 dandae,
929 414 1055 457 etiam
1077 426 1155 471 per
1177 411 1522 455 civilemtantum
1546 415 1697 463 aetum,
1717 408 1786 452 ubi

162 491 274 546 leges
307 489 486 532 divortia
521 489 764 544 permittunt
796 498 890 529 cum
925 484 1100 528 aliarum
1133 486 1373 540 nuptiarum
1406 483 1688 535 concessione,
1725 479 1787 523 vel

162 575 183 606 a
218 562 375 604 fortiori
413 572 484 616 per
516 558 683 601 fraudes
729 569 870 600 coram
919 555 1118 610 Ecclesia,
1167 568 1247 598 non
1298 557 1386 597 iure
1418 553 1490 597 sed
1524 553 1576 596 de
1611 554 1717 595 sacto
1750 555 1788 594 et

162 637 304 676 contra
349 633 411 674 ius
453 642 619 687 quoque
670 628 861 672 divinum
911 626 1053 670 illicite
1101 630 1382 669 attentarunt.
1430 624 1549 679 Quod
1586 624 1790 680 posterius

163 702 374 760 praedicto
407 700 614 744 adulterio
646 699 811 753 sufficit,
844 702 1067 754 antequam
1110 696 1160 740 ad
1206 696 1327 740 huius
1359 694 1661 739 concubinatus
1693 705 1789 736 con-

162 774 483 816 summationem
518 783 590 827 per
622 774 760 813 actum
796 766 1145 811 matrimonialem
1185 767 1474 823 processerint.

284 865 412 910 Duplex
440 864 504 900 hoc
526 878 541 896 «
559 863 851 909 impedimentum
870 861 1030 897 criminis
1047 875 1061 893 »
1080 860 1284 905 designatur
1301 872 1322 895 a
1338 859 1540 895 Ductoribus
1557 869 1616 905 per
1628 858 1795 894 adiuncta

164 925 268 961 verba
299 938 313 956 «
334 923 663 971 nemine-patrante
679 936 710 962 »,
739 932 780 957 ac
804 920 910 956 etiam
936 920 1028 966 apud
1047 919 1219 966 quaedam
1240 918 1275 955 S.
1291 918 1391 954 Sedis
1407 918 1633 961 documenta,
1654 917 1794 952 utillud

163 984 401 1028 distinguatur
426 994 446 1017 a
472 981 700 1027 sequentibus
728 981 763 1015 in
791 979 918 1026 quibus
944 978 1218 1024 coniugicidium
1246 977 1435 1013 intervenit
1465 976 1699 1012 «alterutro»
1731 975 1795 1010 cri·
1822 1004 1828 1007 A

165 1044 301 1078 minoso
329 1042 378 1077 vel
407 1045 589 1087 «utroque
617 1040 700 1075 illud
729 1043 940 1086 patrante».
970 1037 1168 1074 Summarie
1193 1029 1301 1072 totam
1332 1035 1599 1083 explicationem
1626 1035 1732 1071 tradit
1759 1035 1793 1069 in

166 1103 240 1138 iure
268 1101 498 1137 Decretalium
525 1104 629 1146 caput
656 1098 676 1133 8
702 1099 775 1134 cit.i
801 1098 869 1133 tit.i
895 1108 954 1133 seu
995 1097 1179 1132 ultimum:
1218 1110 1232 1128 «
1255 1096 1288 1132 Si
1317 1097 1396 1142 quis
1434 1107 1539 1131 uxore
1565 1095 1702 1131 vivente
1729 1093 1796 1129 fide

166 1162 246 1197 data
274 1160 432 1207 promisit
457 1159 564 1195 aliam
591 1170 626 1194 se
651 1158 853 1202 ducturum,
882 1156 935 1192 vel
961 1155 1145 1207 cumpipsa
1170 1155 1212 1191 de
1236 1156 1325 1190 facto
1350 1155 1533 1196 contraxit,
1552 1154 1579 1189 si
1609 1165 1673 1190 nec
1698 1158 1794 1194 ante,

167 1231 230 1256 nec
258 1224 332 1266 post
359 1219 531 1264 (legitima
556 1217 631 1253 eius
656 1216 871 1263 superstite),
900 1215 1062 1260 cognovit
1086 1214 1266 1250 eamdem:
1294 1214 1455 1260 quamvis
1482 1214 1620 1259 utrique
1640 1213 1792 1259 ipsorum

169 1290 229 1326 pro
254 1290 305 1323 eo,
335 1279 425 1325 quod
454 1278 490 1312 in
518 1278 581 1313 hoc
606 1276 757 1322 graviter
794 1274 1016 1321 deliquerint,
1054 1273 1098 1308 sit
1136 1273 1353 1320 poenitentia
1380 1273 1618 1318 iniungenda:
1647 1282 1719 1307 non
1745 1276 1795 1307 est

167 1343 284 1374 tamen
314 1337 591 1378 matrimonium,
618 1335 709 1381 quod
735 1346 815 1370 cum
841 1345 880 1370 ea
905 1333 1078 1369 contraxit
1117 1337 1193 1379 post
1230 1332 1346 1368 uxoris
1380 1331 1515 1367 obitum
1541 1330 1793 1367 dirimendum.

168 1397 352 1434 Caeterum
380 1396 517 1432 tolerari
546 1407 616 1431 non
643 1394 756 1436 debet,
782 1393 809 1428 si
838 1393 947 1440 prius,
977 1394 1026 1428 vel
1056 1397 1182 1439 postea,
1210 1391 1293 1427 dum
1321 1391 1443 1427 vixerit
1469 1402 1554 1433 uxor
1572 1391 1682 1437 ipsius
1699 1390 1798 1426 adul-

169 1457 256 1493 terio
284 1456 463 1503 polluisset
482 1470 511 1489 «.

288 1550 529 1608 Aequaliter
562 1548 766 1592 inhabiles
797 1552 892 1591 sunt
924 1547 974 1590 ad
1012 1548 1322 1590 matrimonium
1358 1547 1463 1588 inter
1485 1557 1529 1588 se
1552 1543 1795 1587 contrahen-

171 1622 289 1666 dum:
324 1621 372 1664 20
410 1620 507 1676 Qui,
543 1623 605 1663 vir
639 1618 800 1673 mulier,
832 1617 1096 1675 perdurante
1125 1616 1305 1674 pariter,
1342 1616 1469 1659 idest:
1513 1618 1620 1659 sicut
1652 1615 1797 1658 eadem

169 1691 351 1736 clausola
384 1697 444 1735 est
476 1691 554 1735 sub
588 1692 644 1734 n.⁰
686 1690 743 1734 1.ο
767 1690 988 1746 explicata,
1012 1687 1153 1732 eodem
1176 1687 1363 1745 leyitimo
1386 1685 1674 1739 matrimonio,
1697 1699 1796 1742 ergo

169 1765 276 1806 intra
310 1762 407 1805 illud
443 1767 619 1818 tempus,
653 1760 694 1818 a)
727 1759 988 1804 adulterium
1030 1761 1154 1802 etiam
1198 1759 1366 1800 omnino
1411 1760 1532 1813 prout
1574 1757 1613 1799 in
1661 1754 1720 1798 n.⁰
1755 1755 1798 1798 1⁰

171 1838 308 1877 manet
343 1835 658 1888 interpretatum
693 1832 805 1874 inter
835 1845 879 1873 se
911 1833 1270 1880 consummarunt,
1304 1827 1347 1884 b)
1379 1840 1605 1884 eorumque
1635 1839 1799 1883 nempe:

170 1904 509 1957 adulterantium,
532 1915 579 1946 ac
603 1903 821 1946 evidenter
845 1906 934 1957 post
957 1900 1071 1955 illud,
1095 1898 1207 1942 alter
1229 1898 1517 1942 tantummodo
1540 1900 1630 1941 sive
1650 1899 1799 1941 coniux

171 1977 260 2018 sive
294 1987 372 2017 non
407 1976 573 2028 coniux,
608 1972 935 2030 coniuqieidium
958 1971 1135 2015 scilicet:
1160 1972 1349 2026 coniugis
1372 1974 1515 2012 contra
1534 1970 1653 2012 cuius
1677 1968 1800 2012 [idem

173 2045 519 2089 matrimonialem
551 2049 691 2088 actum
715 2049 791 2095 est,
815 2048 990 2087 mortem
1027 2041 1089 2085 vel
1126 2041 1297 2098 physica
1324 2053 1361 2082 v.
1386 2053 1447 2096 gr.
1473 2052 1598 2083 manu
1623 2041 1803 2096 propria,

175 2130 333 2160 veneno
367 2129 388 2159 a
421 2130 464 2159 se
497 2119 726 2173 propinato,
762 2114 826 2158 vel
863 2113 1006 2157 morali
1040 2125 1166 2169 opera
1203 2126 1238 2155 v.
1273 2125 1334 2169 gr.
1370 2113 1496 2166 iussu,
1533 2110 1691 2154 efficaci
1714 2122 1806 2154 sua·

173 2190 301 2241 sione,
333 2187 523 2244 patravit
557 2200 727 2243 nempe:
762 2199 856 2229 cuin
891 2185 1053 2228 effectu.
1092 2183 1293 2240 Apprime
1336 2181 1561 2225 concordat
1605 2193 1805 2225 numerus

176 2259 241 2302 liic
273 2272 367 2302 cum
401 2271 491 2315 cap.
526 2260 549 2301 6
584 2257 666 2301 cit.¹
701 2257 774 2301 tit.i
808 2259 849 2299 in
882 2269 964 2313 quo
1000 2255 1135 2298 lnnoc.
1161 2253 1211 2296 lll
1236 2252 1458 2308 respondet
1481 2251 1685 2309 Episcopo
1709 2251 1808 2308 Spo-

178 2330 335 2373 letano:
376 2345 395 2369 a
424 2328 572 2372 Verum
609 2341 702 2372 cum
741 2340 844 2370 uxor
877 2328 1006 2383 ipsius
1040 2325 1164 2382 (civis
1199 2323 1258 2381 P.)
1293 2328 1401 2367 esset
1443 2325 1550 2366 viam
1586 2325 1807 2366 universae

178 2403 315 2445 carnis
349 2403 548 2456 ingressa,
584 2401 860 2453 meretricem,
906 2399 973 2441 cui
1018 2396 1278 2449 adhaeserat,
1302 2394 1584 2451 desponsavit.
1618 2392 1699 2436 Nos
1731 2394 1807 2449 igi-

180 2477 287 2515 tur...
324 2471 635 2527 respondemus,
670 2470 779 2525 quod
814 2471 890 2512 nisi
935 2467 1039 2511 alter
1081 2479 1223 2510 eorum
1270 2468 1308 2508 in
1354 2469 1529 2508 mortem
1565 2466 1706 2507 uxoris
1738 2463 1808 2507 de-

180 2543 343 2586 functae
392 2543 515 2585 fuerit
565 2540 835 2594 machinatus,
889 2538 952 2582 vel
989 2550 1036 2582 ea
1071 2539 1241 2580 vivente
1287 2535 1364 2579 sibi
1405 2535 1529 2578 fidem
1563 2535 1726 2578 dederit
1759 2533 1810 2577 de

183 2615 444 2656 matrimonio
492 2611 789 2665 contrahendo,
841 2610 1069 2666 legitimum
1121 2607 1278 2651 iudices
1317 2607 1627 2650 matrimonium
1664 2616 1808 2661 supra-

182 2684 337 2727 dictum
362 2699 401 2725 )).

301 2753 387 2797 Hoc
411 2754 591 2811 denique
625 2753 922 2809 impedimento
955 2751 1193 2794 detinentur
1216 2761 1238 2792 a
1264 2750 1527 2792 matrimonio
1554 2746 1689 2790 valide
1713 2758 1810 2789 con·

183 2825 385 2869 trahendo
420 2827 525 2867 inter
555 2837 598 2867 se
630 2823 693 2867 30.
732 2823 829 2877 Qui,
864 2824 925 2865 vir
957 2835 1004 2865 ac
1040 2820 1200 2875 mulier,
1236 2825 1380 2862 mutua
1413 2818 1594 2862 scilicet:
1629 2830 1678 2860 ex
1703 2829 1813 2860 com-

185 2899 297 2940 muni
331 2909 532 2940 consensu
568 2908 709 2952 opera,
745 2907 819 2937 nec
844 2895 971 2936 refert
993 2905 1043 2935 an
1064 2890 1242 2949 physica
1266 2889 1329 2932 vel
1352 2888 1522 2942 morali,
1546 2889 1680 2945 prouti
1705 2886 1807 2930 haec

1936 2867 1946 2887 ε

1935 2895 1946 2930 3

1939 2951 1944 2958 ,

1929 3008 1950 3063 „3

1935 3078 1955 3114 ἑ
