1971 3261
99 128 195 165 Gan.
224 128 314 163 1007
667 127 753 161 Τιτ.
783 127 848 161 VI.
878 147 890 153 -
920 128 977 162 De
1020 127 1164 163 Ordine
1669 129 1742 164 479

98 246 352 291 censendum
387 248 511 289 etiam
545 245 597 289 de
632 258 829 289 manuum
856 248 1094 290 inunctione
1119 246 1337 290 ordinandi
1365 248 1402 289 iu
1431 246 1737 304 presbyterum,

96 317 183 360 sive
214 315 403 359 absolute
435 318 608 360 iteretur
644 316 706 359 vel
740 316 985 372 suppleatur
1020 321 1062 360 ut
1095 329 1235 373 supra,
1270 317 1356 359 sive
1379 316 1452 359 sub
1477 317 1737 373 conditione,

98 387 264 445 quando
296 387 469 431 dubium
493 392 686 430 occurrat
710 386 814 430 bene
834 387 1049 430 fundatum
1078 388 1141 431 vel
1167 388 1218 431 de
1244 388 1467 444 praedictis
1490 388 1738 443 defectibus,

97 471 326 514 eorumque
361 460 513 501 rituum
551 457 779 511 validitate,
817 458 879 501 vel
915 458 966 501 de
1000 458 1062 502 his
1108 472 1216 516 quae
1262 458 1533 515 probabiliter
1576 460 1624 503 ad
1677 473 1739 503 es-

96 531 272 572 sentiam
299 531 504 584 pertinent
522 528 809 581 ordinationis,
836 534 1003 585 proptcr
1026 529 1134 586 quod
1162 529 1265 573 baec
1289 534 1511 573 censeatur
1535 531 1740 587 iteranda3

97 602 136 643 in
173 599 235 643 bis
267 598 460 642 omuibus
492 599 658 643 casibus
692 598 748 650 id,
767 612 937 656 nempe:
975 602 1137 643 iteratio
1171 600 1359 644 absoluta
1399 601 1460 643 vel
1494 600 1571 644 sub
1595 602 1737 645 condi-

97 673 220 721 tione,
256 672 358 714 ritus
390 670 742 727 supplementum,
777 673 873 713 item
908 670 1095 714 absolute
1129 676 1200 715 aut
1231 671 1308 715 sub
1343 672 1597 725 conditione,
1644 672 1740 728 fieri

94 746 230 799 potest
264 743 432 784 omnino
468 740 578 784 licite
612 740 735 784 buius
768 744 939 784 canonis
969 745 1239 786 concessione
1276 756 1354 785 non
1389 742 1523 786 solum
1566 744 1615 787 ad
1643 757 1737 787 uor—

96 824 205 855 mam
242 818 395 868 praec.⁸
427 817 535 855 6311.ε
567 811 618 854 de
652 811 960 855 ordinationum
998 813 1269 869 temporibus,
1293 813 1363 856 sed
1395 813 1523 856 eliam
1548 815 1587 860 a)
1612 819 1736 857 θυέτω

97 889 285 941 tempora
310 882 376 926 illa
403 882 445 939 b)
469 896 517 925 uc
539 887 698 926 secreto
722 882 770 926 ad
801 883 1015 926 vitandum
1041 884 1284 927 scandalum
1314 884 1376 927 vel
1402 884 1740 942 admirationem,

94 957 152 998 uti
186 956 377 1010 exceptio
411 967 502 997 can.
546 954 674 999 1009.

214 1025 311 1068 390.
331 1026 404 1071 De
422 1027 531 1071 loco
550 1027 743 1072 ratione
764 1028 1017 1072 territorii.
1037 1052 1090 1058 —
1114 1026 1177 1069 lus
1202 1027 1457 1083 praecedens
1480 1029 1590 1070 circa
1618 1026 1734 1070 illum

95 1096 249 1139 referre
273 1100 450 1152 oportet,
475 1096 584 1154 quod
613 1110 684 1153 per
718 1097 1077 1153 interpretandum
1112 1111 1222 1141 nunc
1255 1110 1456 1141 canonem
1494 1100 1531 1140 iu
1566 1097 1738 1155 quibus-

92 1166 188 1210 dam
226 1171 431 1220 mutatur,
463 1179 511 1210 ac
545 1167 733 1211 eiusdem
767 1170 1004 1211 sanctiones
1052 1167 1104 1212 ob
1153 1167 1318 1211 Codicis
1365 1168 1576 1212 silentium
1622 1168 1741 1212 abro-

94 1241 214 1293 gatae
246 1241 354 1281 sunt.

213 1318 249 1353 ln
277 1317 363 1365 Cap.
393 1318 413 1354 5
439 1330 523 1355 sess.
557 1319 596 1355 vl
624 1319 771 1355 Concilii
800 1319 894 1355 Trid.
929 1320 979 1355 sic
1016 1321 1202 1356 statuitur:
1248 1320 1371 1356 «Nulli
1414 1320 1583 1367 Episcopo
1622 1321 1740 1363 liceat,

92 1377 246 1413 cuiusvis
272 1378 444 1425 privilegii
472 1383 651 1425 praetextu
679 1379 895 1425 pontificalia
914 1380 949 1414 in
968 1379 1112 1416 alterius
1131 1380 1278 1416 dioecesi
1297 1391 1468 1422 exercere,
1493 1380 1616 1424 (idest:
1638 1384 1739 1416 actus

94 1436 250 1473 Pontifici
277 1442 468 1473 reservatos
493 1443 526 1474 et
552 1449 633 1474 cum
661 1438 865 1484 insignibus
893 1438 1166 1485 pontificalibus,
1191 1439 1286 1475 iuxta
1306 1439 1480 1476 mitiorem
1499 1439 1735 1486 opinionem),

92 1496 161 1532 nisi
187 1497 229 1533 de
255 1496 436 1533 Ordinarii
463 1497 528 1533 loci
556 1508 719 1544 expressa
746 1497 898 1539 licentia,
919 1503 952 1534 et
978 1498 1012 1533 in
1036 1509 1201 1544 personas
1219 1498 1332 1534 eidem
1353 1497 1545 1534 Ordinario
1564 1498 1740 1534 subiectas

91 1560 250 1597 tantum;
278 1556 422 1602 (quibus
449 1556 562 1593 verbis
589 1557 938 1603 comprehenduntur
965 1557 1218 1598 ordinationes
1246 1562 1364 1604 utpote
1391 1569 1479 1604 quae
1517 1563 1599 1593 sunt
1637 1562 1740 1593 actus

92 1614 309 1661 pontificales
336 1615 371 1650 in
399 1615 649 1659 ordinandos„
676 1616 703 1650 si
732 1627 831 1652 secus
859 1617 988 1652 factum
1018 1616 1133 1660 fuerit,
1158 1617 1343 1663 episcopus
1369 1617 1414 1652 ab
1438 1617 1601 1653 exercitio
1621 1616 1737 1663 ponti-

92 1673 260 1716 ficalium,
287 1679 321 1710 ct
346 1675 395 1710 sic
421 1675 572 1711 ordinati
599 1675 644 1711 ab
669 1676 904 1722 exequutione
930 1676 1096 1712 ordinum
1123 1676 1195 1711 sint
1224 1676 1300 1722 ipso
1327 1678 1401 1713 iure
1429 1677 1589 1723 suspensi
1612 1691 1644 1711 υ.
1670 1675 1735 1712 Hic

91 1745 206 1769 canon
232 1739 446 1781 temperatus
471 1739 523 1770 est
548 1746 569 1770 a
595 1733 630 1771 S.
662 1733 700 1770 C.
730 1734 784 1777 C.,
811 1747 900 1781 quae
937 1736 1030 1782 apud
1071 1735 1197 1772 Bened.
1236 1735 1311 1771 XIV
1336 1738 1347 1759 1
1390 1736 1519 1782 pluries
1558 1735 1739 1782 rescripsit

91 1793 292 1840 episcopum
319 1804 358 1828 ex
386 1793 566 1830 Ordinarii
593 1805 756 1841 expressa
784 1795 926 1831 licentia
953 1806 1052 1842 posse
1079 1796 1113 1831 in
1142 1796 1259 1832 aliena
1284 1795 1431 1832 dioecesi
1460 1806 1619 1831 exercere
1647 1806 1733 1840 pon—

92 1852 235 1888 tificalia
271 1857 344 1888 tum
385 1853 419 1888 in
461 1864 627 1900 personas
660 1854 774 1890 eidem
802 1853 992 1890 Ordinario
1019 1855 1203 1896 subiectas
1232 1860 1306 1890 tum
1335 1855 1370 1890 in
1401 1865 1566 1901 personas
1594 1854 1738 1891 sibimet

90 1911 262 1952 subditas,
290 1916 365 1947 tum
391 1912 544 1958 denique
571 1912 608 1947 in
636 1924 804 1959 personas
828 1913 909 1948 aliis
936 1913 1110 1949 subiectas
1135 1914 1309 1960 episcopis
1335 1913 1506 1949 habentes
1534 1913 1658 1949 borum
1682 1913 1738 1948 lit-

91 1974 182 2006 teras
207 1970 437 2006 dimissorias.
469 1970 514 2006 Ex
541 1971 648 2007 dictis
675 1972 836 2018 sequitur
862 1971 1061 2019 Episcopos,
1091 1973 1148 2019 qui
1180 1973 1344 2019 populum
1373 1973 1568 2008 subiectum
1590 1984 1659 2008 uon
1680 1973 1737 2008 ha—

90 2028 187 2070 bent,
215 2029 317 2064 sicuti
347 2028 505 2076 Episcopi
533 2030 709 2074 titulares,
738 2031 791 2066 vel
818 2031 876 2077 qui
906 2030 1077 2067 Ecclesiae
1103 2042 1186 2067 suae
1220 2032 1485 2074 renuntiarunt,
1515 2032 1657 2066 nonnisi
1694 2032 1738 2068 de

90 2087 234 2123 alterius
260 2087 417 2134 Episcopi
446 2088 589 2125 licentia
615 2090 756 2125 ordines
782 2090 940 2125 conferre
968 2101 1079 2136 posse.
1109 2111 1155 2115 —
1183 2089 1229 2126 De
1256 2090 1466 2125 ordinandis
1495 2101 1574 2125 vero
1591 2090 1636 2125 ab
1656 2089 1735 2136 Epi-

92 2157 194 2193 scopo
220 2147 278 2193 qui
306 2147 532 2183 renunciavit
560 2147 794 2194 Episcopatui,
825 2148 873 2184 ita
900 2149 1105 2195 praescribit
1132 2149 1252 2194 vigens
1278 2154 1381 2195 caput
1403 2149 1633 2185 Decretalium
1653 2153 1738 2185 ante

93 2204 272 2250 Codicem‚
302 2206 396 2252 quod
424 2217 524 2242 nunc
551 2207 592 2251 (si
620 2218 722 2243 casus
746 2208 951 2251 occurrerit)
978 2208 1187 2254 abrogatum
1214 2219 1286 2244 non
1315 2208 1451 2244 videtur
1487 2213 1628 2254 propter
1661 2208 1738 2244 eius

92 2265 279 2306 rationem,
307 2266 468 2312 quamvis
495 2267 676 2302 omittatur
703 2267 739 2301 in
767 2266 905 2308 Codice,
932 2271 1049 2313 utpote
1069 2267 1160 2313 quod
1184 2267 1252 2303 fere
1271 2267 1403 2302 nullius
1422 2272 1473 2303 est
1494 2279 1577 2302 usus
1591 2267 1615 2302 2.
1640 2281 1654 2299 α
1673 2267 1736 2303 Re-

93 2325 308 2370 spondemus
334 2325 441 2370 igitur
466 2326 729 2371 distinguendo,
758 2331 875 2361 utrum
904 2325 1095 2372 Episcopus
1121 2326 1381 2362 renunciaverit
1409 2326 1482 2361 loco
1509 2331 1662 2369 tantum,
1688 2337 1735 2361 an

93 2382 167 2418 loco
192 2383 299 2419 simul
325 2388 358 2419 et
384 2383 570 2429 dignitati:
600 2395 682 2419 nam
711 2384 748 2419 in
785 2384 899 2430 primo
932 2395 1013 2419 casu
1048 2384 1189 2420 ordines
1224 2384 1329 2429 (sicut
1362 2386 1480 2427 antea)
1516 2389 1657 2429 rogatus
1691 2384 1736 2420 ab

92 2441 262 2489 Episcopo
287 2442 405 2489 aliquo
433 2443 556 2490 poterit
581 2444 624 2480 de
649 2443 784 2480 ratione
810 2444 980 2479 conferre.
1003 2443 1041 2478 ln
1068 2444 1222 2479 secundo
1242 2454 1320 2479 vero
1339 2455 1422 2479 casu
1441 2444 1734 2489 distinguendum

32 2509 36 2512 ’
93 2506 270 2548 putamus.
304 2506 422 2537 utrum
453 2514 569 2539 sacros
607 2503 808 2545 contulerit,
837 2514 882 2538 an
912 2503 1078 2539 minores.
1118 2502 1152 2539 Si
1195 2503 1292 2539 enim
1319 2514 1339 2538 a
1366 2503 1424 2538 tali
1454 2503 1596 2538 ordines
1625 2513 1737 2549 usque

90 2561 134 2596 ad
160 2561 451 2597 subdiaconatum
479 2562 764 2607 (intelligendum
790 2563 965 2598 exclusive
993 2562 1088 2598 iuxta
1114 2573 1154 2598 ea
1180 2573 1269 2608 quae
1295 2563 1508 2608 sequuntur)
1529 2562 1660 2608 aliquis
1680 2573 1737 2597 ac-

91 2619 236 2664 ceperit:
262 2620 345 2666 quia
369 2625 402 2656 et
429 2621 627 2657 huiusmodi
655 2621 796 2657 ordines
822 2632 842 2656 a
870 2632 939 2657 non
968 2621 1147 2667 Episcopis
1183 2621 1395 2667 quandoque
1430 2622 1673 2663 conferuntur,
1703 2625 1737 2656 et

88 2680 126 2713 in
154 2678 222 2713 illis
247 2679 420 2714 deservire
448 2680 584 2726 poterit,
613 2684 646 2715 et
672 2680 714 2715 ad
743 2680 905 2724 maioreS‚
938 2680 977 2725 lsi
1007 2680 1153 2715 idoneus
1182 2680 1313 2723 fuerit),
1342 2679 1549 2726 promoveri.
1584 2678 1677 2715 Sane
1707 2680 1735 2713 si

0 2746 1 2749 ’
47 2770 50 2772 .
89 2737 133 2773 ab
158 2737 280 2774 eodem
306 2748 423 2774 sacros
448 2739 590 2774 ordines
615 2739 766 2775 scienter
791 2739 870 2785 quis
898 2739 1076 2785 receperit,
1104 2738 1187 2784 quia
1226 2739 1415 2784 indignum
1456 2750 1491 2774 se
1532 2739 1624 2781 fecit,
1659 2749 1733 2774 exe-

94 2879 167 2913 L'b
208 2833 226 2914 i
249 2832 320 2877 Ep.
349 2832 442 2866 «Ad
467 2832 746 2868 audientiam)
770 2835 811 2868 15
830 2834 1068 2880 Febr.]1754‚
1087 2845 1127 2869 n.
1149 2834 1183 2868 6.
1208 2854 1250 2861 -
1277 2834 1291 2856 2
1318 2833 1409 2879 Cap.
1442 2836 1474 2875 1,
1505 2834 1584 2868 Tit.
1614 2833 1730 2874 MII,

114 2891 141 2913 »1
172 2905 181 2915 .
231 2905 239 2914 .
