1971 3261
161 120 256 156 Can.
283 120 354 155 838
552 120 637 154 Trr.
665 120 738 154 ΙΙΙ.
760 141 771 146 -
790 121 846 155 De
871 123 1124 156 sanctissima
1151 122 1403 156 Eucharistia
1636 157 1639 171 Ι
1728 121 1794 156 167

164 245 297 284 torum
337 239 397 283 vel
425 239 658 284 oblatorum
696 240 895 283 voluntati
931 242 1038 297 quod
1076 245 1238 296 tempus
1271 244 1310 283 et
1335 239 1468 283 locum
1505 239 1796 283 celebrationis

165 313 382 354 missarum
407 310 649 354 detrahatur
668 327 707 366 2),
726 315 849 368 atque
869 311 949 354 alio
971 313 1126 354 motivo
1152 324 1228 353 non
1256 310 1549 367 impediantur,
1574 310 1798 368 disponere

164 385 207 424 ut
239 381 395 425 dictum
431 387 505 436 est,
538 387 714 439 possunt
757 396 828 424 eas
878 381 1148 425 celebrandas
1182 381 1534 438 applicandasque
1582 395 1675 425 cum
1726 383 1793 424 sti-

167 452 316 508 pendio
352 452 525 496 relativo
561 451 758 503 tribuere,
807 465 885 495 non
922 452 1049 505 laicis,
1082 452 1301 496 clericisve
1341 451 1691 510 ‹piiluiscumque‚
1723 451 1793 495 sed

163 523 452 567 sacerdotibus
486 523 565 566 sibi
597 523 778 581 acceptis
813 537 885 580 pro
922 523 1052 574 libitu,
1086 522 1321 573 ιίῑιηιηιοιΙο,
1358 537 1435 566 nou
1463 525 1541 566 iam
1572 528 1724 567 «certe
1748 535 1796 567 ac

164 594 436 651 personaliter
484 594 560 638 sibi
596 597 678 637 noti
703 592 724 635 i)
775 597 870 648 sint,
907 599 947 637 ut
981 594 1199 637 dit-ebatur
1233 596 1270 637 in
1307 608 1402 637 uum
1438 596 1506 638 cit.
1552 593 1661 638 Deci.
1703 610 1723 634 «
1746 593 1795 638 Ut

162 665 364 719 debita»,
399 666 468 709 sed
519 665 647 723 probe
679 665 759 708 sibi
792 670 950 708 constet
999 666 1125 708 idest:
1160 679 1208 708 ex
1260 665 1450 722 prudenti
1485 678 1531 708 ac
1576 666 1794 708 sullicienti

165 738 322 780 ratione
355 737 594 780 sacerdotes
617 751 685 780 eos
719 750 807 779 esse
839 737 879 793 a)
907 736 1019 779 οηιηί
1051 736 1294 793 θατθρηόηθ
1316 736 1513 790 mitiores5
1536 736 1718 779 scilicet:
1755 737 1794 778 in

166 806 363 851 fidelitate
397 808 758 864 adimplendorum
794 821 967 850 onerum
1003 820 1082 850 uon
1107 809 1188 863 pati
1215 809 1501 863 exceptionem
1530 808 1796 861 contrariam,

166 876 208 934 b)
241 877 305 921 vel
339 878 577 921 testimonio
610 878 779 936 proprii
816 877 1042 921 Ordimtrii
1085 876 1407 931 eozumemlutos,
1442 878 1515 919 etsi
1558 876 1796 920 authentico

162 951 330 1006 scripto,
363 952 556 1007 quamvis
605 950 867 993 distribuenti
921 951 1093 1006 ignotos,
1143 948 1259 992 Unde
1309 947 1508 1004 implicite
1552 948 1796 991 conceditur

166 1020 387 1076 praedictis
425 1038 442 1061 «
469 1023 536 1077 qui
574 1020 723 1064 babent
760 1019 973 1064 Missarum
1012 1032 1229 1062 munerum
1254 1035 1294 1073 n,
1331 1024 1373 1061 ut
1404 1023 1555 1075 queant
1581 1021 1678 1075 ipsis
1717 1015 1794 1063 Or-

165 1091 336 1134 dinariis
369 1097 435 1134 aut
474 1091 760 1148 religiosorum
785 1092 1048 1135 sacerdotum
1074 1089 1367 1146 Superioribus
1400 1093 1660 1134 committere
1685 1093 1792 1147 ipsas

167 1164 310 1206 missas
355 1164 560 1219 praefatas
608 1176 750 1206 eorum
799 1162 975 1205 subditis
1024 1161 1278 1215 tribuendas,
1330 1165 1370 1204 ut
1422 1163 1500 1203 iam
1555 1174 1796 1205 concessum

166 1234 298 1276 suerat
333 1236 369 1275 iu
407 1247 444 1277 u.
488 1233 523 1276 ιθ
556 1233 638 1282 cit¹.
675 1233 782 1276 l)ec¹‘.
823 1250 844 1273 ‹<
868 1232 917 1277 Ut
939 1232 1076 1276 debita
1103 1248 1142 1274 ».

284 1338 328 1373 Ex
359 1337 452 1373 Dect&
486 1354 499 1370 α
530 1337 618 1373 Cum
647 1339 762 1384 plures
791 1338 933 1374 Praelati
963 1352 992 1380 ι),
1020 1336 1056 1372 S.
1087 1336 1123 1373 C.
1150 1338 1191 1372 de
1221 1337 1318 1383 Prop.
1351 1337 1381 1374 F.
1411 1339 1420 1359 1
1447 1352 1461 1369 «
1493 1337 1524 1371 l⁰
1550 1337 1584 1371 Si
1614 1338 1671 1383 qui
1693 1338 1797 1373 velint

164 1395 295 1442 Missas
312 1408 460 1442 quarum
502 1397 664 1432 exuberet
702 1397 815 1442 copia,
843 1397 886 1431 ad
929 1396 1097 1431 Eccleslas
1123 1396 1255 1430 rituum
1298 1396 1520 1430 orientalium
1562 1395 1709 1437 mittere,
1737 1396 1799 1431 boc

164 1460 337 1502 praestare
366 1460 509 1502 possunt
538 1467 607 1491 non
637 1457 738 1491 modo
766 1467 824 1502 per
852 1456 943 1490 banc
969 1454 1004 1490 S.
1023 1454 1166 1500 Congr.‚
1199 1456 1246 1490 uti
1279 1455 1489 1501 praecipitur
1517 1455 1549 1488 iu
1582 1454 1675 1490 bet-0.
1701 1469 1716 1487 (ι
1737 1454 1797 1490 Re-

161 1515 252 1550 centi
282 1528 297 1547 »
329 1513 364 1550 S.
394 1515 432 1550 (2.
464 1514 570 1550 Cone.
602 1529 615 1547 υ
639 1516 652 1538 2
680 1515 714 1549 in
742 1525 810 1561 quo
845 1514 1052 1559 generaliter
1079 1514 1263 1549 statuitur:
1294 1513 1343 1559 (Si
1373 1514 1450 1559 quis
1478 1514 1528 1549 vel
1559 1513 1715 1560 Episcopi
1741 1513 1794 1549 vel

162 1573 408 1610 Sacerdotes...
437 1575 478 1610 ad
519 1574 703 1609 Antistites
728 1578 788 1609 aut
817 1574 1032 1620 presbyteros
1073 1573 1303 1609 Ecclesiarum
1343 1584 1430 1619 quae
1462 1573 1496 1607 iu
1529 1572 1673 1608 Oriente
1708 1572 1794 1608 sitae

162 1637 260 1678 sunt)
291 1634 380 1669 «sed
407 1634 512 1669 etiam
544 1645 601 1679 per
629 1633 767 1670 Rdmos.
785 1633 963 1678 Delegatos
984 1633 1121 1679 Apleos.
1144 1633 1180 1667 in
1201 1632 1401 1677 regionibus
1419 1632 1647 1667 orientalibus
1665 1632 1796 1667 consti-

164 1697 266 1729 tutos.
295 1715 341 1718 —
371 1693 410 1729 Ut
436 1704 493 1729 eas
531 1693 746 1728 distribuant
785 1694 965 1728 dumtaxat
1006 1692 1169 1727 l'raelatis
1208 1697 1240 1726 et
1283 1690 1526 1727 Sacerdotibus
1565 1691 1798 1736 Delegationis

162 1763 245 1788 suae
273 1765 310 1787 »:
337 1753 478 1788 additur
504 1753 539 1787 in
567 1764 658 1799 resp.
687 1752 730 1787 ad
758 1752 782 1787 l.
812 1752 848 1786 S.
879 1751 916 1787 C.
943 1751 982 1787 C.
1011 1752 1025 1773 ³³
1045 1772 1088 1776 —
1119 1765 1132 1783 «
1164 1749 1241 1794 Quo
1269 1750 1302 1785 in
1331 1762 1424 1791 casu,
1455 1761 1594 1786 necesse
1620 1755 1671 1785 est
1692 1750 1798 1795 signi-

165 1811 266 1847 ficare
294 1810 464 1856 Delegatis
490 1811 622 1857 Apleis,
649 1816 732 1857 quot
759 1810 884 1846 Missae
910 1815 942 1845 et
969 1821 1057 1856 quae
1084 1809 1338 1855 stipendiorum
1366 1820 1504 1844 summa
1530 1808 1618 1843 tradi
1651 1808 1800 1844 debeant

166 1869 330 1906 Praelatis
356 1871 585 1906 orientalibus
612 1871 705 1906 intra
730 1871 902 1916 cuiusque
933 1868 1164 1913 Delegatiouis
1189 1868 1362 1903 ambitum
1391 1867 1625 1903 existentibus
1649 1882 1679 1901 n.
1709 1867 1801 1903 Decm

164 1929 200 1965 S.
229 1928 268 1965 C.
297 1929 338 1965 de
367 1929 465 1975 Prop.
497 1929 530 1965 F.
561 1930 715 1976 loquitur
740 1929 782 1964 de
812 1928 973 1964 Ecclesils
998 1927 1053 1963 rit.
1080 1928 1249 1968 ortentm„
1278 1927 1347 1962 alia
1375 1938 1453 1962 vero
1482 1926 1516 1967 S,
1538 1926 1576 1962 C.
1596 1927 1632 1962 (j.
1658 1927 1699 1962 de
1719 1937 1802 1972 quo-

163 1999 313 2034 cumque
339 1989 407 2024 ritu
435 1989 470 2023 in
499 1989 568 2023 illis
596 1988 810 2033 regionibus.
840 1987 909 2022 Hoc
937 1987 1099 2022 ultimum
1129 1985 1346 2031 probabilius
1375 1987 1510 2020 saltem.

285 2061 300 2080 «
328 2047 365 2082 ⁶20
394 2047 599 2083 Nullatenus
629 2048 707 2083 licet
733 2047 974 2092 eleemosynas
1013 2045 1149 2080 mittere
1174 2044 1217 2080 ad
1247 2044 1337 2079 viros
1376 2044 1481 2079 laicos
1509 2044 1566 2090 qui
1598 2049 1718 2090 postea
1744 2055 1801 2080 eas

162 2107 377 2143 distribuant
404 2107 644 2142 sacerdotibus
671 2107 794 2142 Missas
821 2105 1057 2141 celebraturis.

279 2166 316 2202 30
343 2166 459 2213 Neque
500 2167 578 2202 licet
617 2166 890 2202 celebrationem
930 2164 1116 2199 Missarum
1157 2163 1286 2198 directe
1325 2163 1541 2199 committere
1588 2162 1799 2209 presbyteris

165 2226 410 2262 orientalibus.

282 2285 320 2320 40
350 2285 500 2320 Vetitum
529 2284 635 2320 etiam
662 2289 712 2319 est
738 2283 981 2328 eleemosynas
1007 2281 1137 2315 directe
1165 2280 1302 2315 mittere
1328 2280 1370 2315 ad
1387 2279 1589 2326 Superiores
1615 2291 1801 2325 congrega-

163 2345 301 2380 tionum
328 2344 568 2389 religiosarum
599 2342 823 2378 orientalium
852 2356 883 2375 ».
916 2362 949 2365 -
982 2339 1017 2375 S.
1048 2350 1126 2374 vero
1156 2339 1286 2384 Congr.
1313 2338 1418 2374 Cone.
1448 2341 1460 2361 ⁴
1490 2339 1736 2384 interrogata«
1761 2338 1799 2372 ll.

165 2402 208 2439 Se
234 2403 242 2438 i
270 2402 446 2449 Superiori
474 2402 564 2446 degli
596 2400 721 2437 Ordini
747 2400 788 2436 ed
816 2399 941 2434 istituti
970 2398 1117 2442 religiosi
1147 2408 1295 2443 possano
1315 2398 1481 2432 mandare
1508 2398 1751 2433 direttamente
1770 2398 1800 2432 ai

165 2463 236 2498 loro
261 2462 404 2508 suggetti
431 2461 588 2497 esistenti
620 2460 655 2494 in
683 2458 827 2495 Oriente
855 2457 1044 2493 intenzioni
1067 2457 1099 2491 di
1119 2467 1229 2492 messe
1257 2467 1322 2492 eon
1353 2457 1382 2492 le
1410 2456 1586 2502 rispettix‘e
1604 2456 1802 2492 elemosine.

166 2520 202 2557 S.
231 2520 356 2566 Congr.
384 2520 609 2568 respondit...
639 2519 691 2555 Ad
713 2518 750 2553 ll.
784 2517 997 2553 Atlirmative
1015 2521 1046 2551 et
1066 2515 1216 2551 taxative
1246 2526 1306 2562 pro
1333 2514 1514 2560 Religiosis
1541 2515 1691 2551 subditis
1717 2516 1799 2556 suis,

167 2592 237 2617 non
265 2592 344 2617 vero
372 2592 430 2628 pro
458 2581 634 2616 ceteris».

285 2653 300 2673 «
329 2639 365 2675 5⁰
394 2639 501 2675 lmmo
529 2650 641 2684 neque
669 2639 746 2674 licet
787 2637 909 2672 Missas
935 2636 1062 2671 directe
1088 2635 1305 2671 committere
1334 2634 1498 2669 Praelatis
1545 2633 1798 2670 Orientalibus.

165 2698 225 2744 qui
254 2698 306 2734 vel
333 2697 489 2745 Episcopi
519 2698 591 2732 sint
618 2697 775 2732 titulares
803 2696 852 2731 vel
881 2695 1057 2741 simplices
1088 2693 1211 2729 Viearii
1243 2693 1506 2730 Patriarcbales

283 2830 294 2850 1
323 2830 365 2863 15
384 2828 456 2862 tut.
479 2828 582 2862 1908.
602 2828 646 2860 A.
668 2826 705 2861 S.
729 2826 765 2862 S.
784 2826 888 2867 XLI,
908 2826 988 2859 460.
1018 2825 1087 2849 —2
1105 2826 1150 2857 22
1182 2824 1275 2858 Maii
1293 2824 1396 2866 1907,
1419 2825 1463 2857 A.
1484 2824 1522 2856 S.
1547 2822 1584 2856 S.
1610 2822 1694 2864 XL,
1711 2822 1792 2855 344.

169 2896 212 2900 —
229 2876 243 2898 ³
261 2875 403 2918 Dubia,
424 2879 444 2907 t)
465 2875 570 2919 Sept.
599 2874 702 2917 1907,
732 2874 775 2907 A.
805 2874 841 2908 δ.
870 2873 905 2907 S.
934 2872 1037 2913 XLI,
1066 2872 1143 2906 145.
1176 2892 1210 2896 —
1230 2873 1243 2893 ⁴
1262 2873 1283 2904 9
1304 2870 1408 2915 Sept.
1432 2871 1534 2905 1907.
