1971 3261
134 147 229 183 Can.
258 144 464 182 1095-1096
638 144 723 178 Trr.
754 144 839 178 VII.
869 163 881 170 -
908 143 965 179 De
991 144 1250 178 Matrimonia
1695 140 1764 176 633

134 279 229 310 cum
263 249 497 322 §soraee¹
530 276 675 306 sensus
705 265 733 320 ς’
766 262 803 305 2.
833 261 1044 306 Puroelws
1079 264 1362 320 unusquisque
1395 267 1433 305 e!
1467 261 1548 304 loci
1585 259 1762 304 011111111-

135 337 240 390 νὶιιε,
274 334 448 393 quilibet
482 338 525 377 ut
557 346 681 389 supra
717 333 929 382 declarati,
954 332 1026 390 qui
1050 332 1319 376 matrimonio
1343 335 1566 389 unicuique
1587 336 1763 390 possem!

138 405 275 450 calide
307 404 508 448 assistere
554 404 603 447 ad
649 417 835 446 normam
883 417 994 446 num.
1034 403 1082 448 1¹.
1119 409 1271 459 praee·
1303 403 1355 457 ᾖ]
1387 408 1562 461 possim!
1606 415 1765 460 quoque

133 477 313 521 scilicet:
346 477 571 518 retinentes
613 474 733 517 simul
781 475 1016 518 facultatem
1055 474 1325 531 personaliter
1363 474 1577 517 assistendi
1622 485 1668 516 ac
1701 486 1763 516 se·

133 548 315 592 cundum
353 559 438 602 reg.
473 545 577 588 luris
612 546 665 589 68
701 548 738 588 in
777 547 833 587 6.⁰
872 545 1051 588 «Potest
1084 547 1176 603 quis
1211 559 1282 601 per
1315 544 1457 596 alium,
1491 544 1598 601 quod
1635 547 1765 600 potest

133 619 268 662 facere
303 631 374 674 per
408 619 539 673 ipsum
566 633 606 666 1),
640 615 720 659 alii
752 618 1002 673 cuicumque
1031 618 1153 659 etiam
1191 615 1370 672 parocho
1398 615 1459 658 vel
1494 615 1664 658 alterius
1688 614 1762 657 loci

133 685 358 734 Ordinario
392 687 434 744 a)
467 686 693 738 sacerdoli,
727 687 930 744 Episcopo
980 692 1049 730 aut
1084 686 1327 743 presbytero
1363 691 1529 742 propter
1562 686 1765 741 ordinem,

134 774 213 804 non
248 760 423 804 diacono
460 758 521 802 vel
549 759 731 802 inferiori
757 758 924 811 clerico,
949 757 990 814 b)
1015 757 1231 800 licentiam
1254 756 1371 811 (lare,
1401 756 1525 800 veluti
1549 757 1599 799 ad
1625 761 1760 799 actum

133 833 222 875 iure
255 831 332 875 sibi
377 844 426 874 ex
473 830 607 873 officio
651 829 951 883 adiudicatum,
984 829 1024 884 c)
1060 834 1103 871 ut
1149 828 1262 870 inira
1307 828 1408 884 fines
1446 827 1513 870 sui
1556 826 1766 869 territorii

133 905 245 946 iuxta
297 915 408 946 num.
445 901 498 944 2¹¹²
534 914 668 957 praec.
713 900 768 958 ξ’,
802 903 897 958 quia
942 900 1173 943 secundum
1229 913 1312 955 reg.
1350 898 1452 941 luris
1502 900 1553 939 69
1604 900 1642 940 111
1693 898 1764 940 (1.0.

138 972 310 1016 «Nemo
346 976 477 1028 potest
512 971 602 1028 plus
636 973 736 1014 iuris
770 972 963 1013 trast'erre
998 972 1035 1012 in
1071 970 1213 1025 alium,
1248 981 1370 1026 quam
1419 968 1495 1012 sibi
1530 973 1767 1024 competere

133 1044 402 1100 dignoscatur
425 1059 464 1093 1),
488 1042 532 1099 (1)
566 1041 839 1085 matrimonio
872 1040 1089 1097 singulari,
1126 1045 1168 1083 ut
1201 1040 1301 1097 seq.¹
1326 1044 1434 1083 can.e
1459 1039 1767 1096 praescribitur,

140 1116 302 1158 «etiam
328 1127 406 1156 nou
431 1112 689 1156 subditorum
715 1127 737 1152 ›>
765 1112 900 1155 dantis
925 1111 1130 1154 licentiam
1166 1110 1206 1167 e)
1230 1109 1369 1153 «calide
1401 1109 1590 1159 assistat,
1623 1111 1680 1152 sic
1715 1109 1770 1152 di-

134 1189 244 1229 ctum
281 1198 329 1228 eo
363 1184 472 1241 quod
497 1184 548 1227 (16
584 1183 762 1226 liceitate
785 1182 852 1226 alii
888 1181 1082 1225 servandi
1119 1194 1298 1224 canones
1320 1186 1414 1223 sunt
1446 1180 1626 1234 solliciti,
1650 1185 1687 1223 et
1717 1179 1765 1223 ad

131 1255 426 1312 exprimendas
470 1253 669 1310 implicite
712 1253 971 1297 conditiones
1002 1252 1079 1296 sub
1126 1251 1184 1294 n.O
1219 1251 1264 1296 3⁰
1298 1254 1354 1295 uti
1406 1253 1660 1294 necessarias
1695 1264 1766 1307 pro

135 1325 361 1379 validitate,
394 1325 502 1383 quod
538 1326 728 1381 arguitur
761 1327 850 1367 sive
871 1326 967 1380 quia
1004 1325 1041 1365 in
1071 1322 1186 1367 Dec.⁰
1225 1322 1328 1365 «Ne
1362 1327 1561 1365 temere»
1592 1322 1768 1378 legitur:

140 1412 160 1438 «
185 1396 407 1453 Delegatus
439 1401 577 1439 autem
614 1400 656 1439 ut
693 1395 829 1438 valide
863 1400 902 1438 et
948 1394 1058 1437 licite
1103 1394 1288 1448 adsistat,
1320 1405 1492 1436 servare
1527 1397 1689 1436 tenetur
1724 1392 1767 1434 li·

135 1472 257 1511 mites
291 1467 489 1522 mandati,
515 1472 562 1510 et
590 1465 754 1523 regulas
789 1479 860 1522 pro
896 1464 1077 1522 parocho
1109 1470 1148 1508 et
1182 1464 1259 1508 loci
1293 1464 1503 1507 ordinario
1537 1477 1574 1506 11.
1602 1462 1650 1506 lV
1674 1468 1711 1506 et
1736 1462 1768 1505 V

132 1541 324 1596 superius
356 1543 593 1593 statutas»,
626 1540 715 1581 sive
749 1539 844 1595 quia
894 1541 1001 1580 esset
1044 1538 1212 1578 ommno
1262 1534 1461 1579 absonum
1501 1539 1541 1578 ut
1575 1537 1770 1577 assistens

137 1623 185 1653 ex
223 1609 387 1653 licentia
437 1609 486 1653 ad
538 1608 706 1652 modum
757 1607 975 1651 assistendi
1026 1606 1207 1663 parocho
1255 1611 1379 1663 atque
1422 1605 1498 1649 loci
1546 1604 1769 1650 Ordinario

131 1683 411 1725 necessarium
435 1682 603 1723 omnino
639 1693 710 1736 pro
738 1679 949 1723 validitate
974 1692 1052 1722 non
1077 1683 1183 1722 esset
1207 1677 1444 1728 3631116163,
1468 1679 1557 1720 sive
1581 1677 1765 1729 demum,

133 1754 229 1810 quia
263 1752 331 1795 tali
369 1752 490 1794 modo
524 1756 585 1795 est
623 1766 643 1791 c(
670 1751 804 1795 valide
837 1754 1093 1794 assistere».

254 1822 352 1865 498.
389 1823 461 1868 De
494 1824 722 1868 licentiae
756 1823 1104 1868 concedendae
1138 1821 1533 1866 limitationibus.
1564 1844 1618 1848 —
1652 1817 1769 1861 Rela-

134 1895 287 1937 tionem
323 1906 416 1936 cum
452 1892 603 1949 praec.¹
637 1904 796 1936 canone
831 1893 1023 1948 patefacit
1057 1893 1116 1934 316
1153 1892 1354 1947 incipiens
1386 1903 1476 1931 caii.
1515 1891 1646 1933 1096.
1669 1888 1697 1946 g
1732 1888 1769 1931 1.

135 1964 329 2007 Licentia
363 1963 593 2006 assistendi
625 1963 910 2017 matrimonio,
945 1974 1052 2020 quae
1088 1963 1125 2004 in
1163 1961 1279 2005 Ι)66.0
1313 1966 1353 2004 61
1388 1960 1568 2004 mandati
1604 1962 1769 2003 nomine

137 2041 312 2080 vocatur
345 2040 382 2078 et
417 2034 653 2092 aequivalet
688 2033 955 2090 delegationi,
986 2045 1093 2090 quae
1129 2034 1241 2075 iuxta
1276 2038 1343 2075 n.¹¹²
1378 2031 1427 2074 ΙΙΙ
1461 2031 1574 2074 Dec.i
1608 2032 1770 2074 6611161·-

136 2120 245 2151 mem
279 2108 426 2150 canoni
480 2105 589 2148 1094
635 2107 868 2148 necessaria
917 2109 977 2148 est
1010 2104 1222 2148 Sacerdoti
1273 2116 1351 2146 non
1388 2102 1552 2146 babenti
1588 2103 1767 2145 cilicium

136 2191 230 2221 cum
268 2177 384 2234 plena
420 2188 519 2220 cura
554 2178 802 2230 animarum,
833 2179 877 2219 ut
911 2178 1024 2219 testis
1057 2173 1336 2218 autorizabilis
1369 2173 1518 2216 evadat
1553 2173 1768 2216 cuiusdam

136 2249 408 2299 mati·imonii;
436 2246 504 2290 illa
540 2249 665 2303 igitur
703 2262 725 2287 «
749 2246 910 2290 licentia
936 2262 958 2286 ›>
996 2259 1190 2288 concessa
1217 2243 1273 2287 ad
1307 2257 1493 2287 normam
1520 2257 1609 2286 ean.
1636 2245 1769 2291 1095,

134 2319 163 2377 ἓ
194 2321 224 2362 2
256 2332 429 2375 nempe:
460 2322 543 2361 «ut
578 2320 682 2360 intra
707 2318 810 2360 tines
844 2318 1039 2360 territorii
1066 2315 1292 2373 (licentiam
1328 2314 1481 2371 dantis)
1510 2316 1770 2357 matrimonio

136 2390 273 2435 valide
315 2392 542 2443 assistat»,
575 2389 805 2433 secundum
850 2390 1233 2444 interpretationem
1279 2386 1514 2430 huiusmodi
1561 2385 1770 2429 clausulae

134 2461 388 2515 adiunctam,
406 2459 505 2503 clari
528 2474 600 2517 per
622 2460 747 2503 alium
777 2459 840 2503 vel
867 2459 1106 2502 immediate
1129 2463 1170 2515 a)
1195 2471 1392 2515 eoepresse
1408 2457 1589 2500 scilicet:
1618 2455 1770 2511 verbis,

133 2534 288 2588 scripto
325 2531 386 2575 vel
422 2530 799 2588 aequipollentibus
831 2532 960 2585 signis
993 2528 1123 2578 debet,
1147 2529 1255 2586 quod
1290 2534 1351 2572 631
1386 2541 1540 2571 novum
1578 2532 1768 2583 respectu

134 2602 260 2659 Decf,
282 2607 406 2659 atque
441 2601 536 2645 111116
569 2601 806 2645 excluditur
839 2603 961 2644 tacita
996 2601 1208 2644 concessio
1242 2612 1293 2642 ex
1318 2600 1449 2651 136113,
1476 2598 1515 2651 b)
1546 2597 1772 2642 sacerdoti,

136 2676 243 2717 sicut
276 2672 526 2729 relinquitur
561 2674 862 2728 praescriptum
888 2670 1099 2727 1111111166.ί
1132 2675 1257 2723 63119,
1280 2668 1562 2712 determinato
1596 2668 1772 2724 singula-

136 2747 235 2788 riter
270 2757 342 2801 per
375 2756 524 2787 nomen
560 2748 599 2786 et
633 2755 879 2799 cognomen,
909 2746 979 2784 aut
1013 2754 1084 2797 per
1117 2740 1374 2798 qualitatem,
1404 2739 1464 2783 vel
1500 2742 1770 2781 circumstan-

134 2818 211 2859 tias
245 2817 283 2858 in
320 2815 510 2858 licentiae
544 2815 812 2857 concessione
837 2825 1069 2868 expressas,
1093 2813 1191 2869 quin
1227 2815 1427 2855 caveatur
1449 2813 1553 2853 sicut
1582 2812 1618 2851 in
1639 2808 1770 2860 Dec.⁰‚

135 2892 177 2931 ut
211 2888 261 2930 sit
295 2898 460 2943 quoque
493 2889 645 2938 certus,
681 2885 732 2926 ita
779 2888 819 2926 ut
864 2881 1044 2926 dubitari
1093 2895 1171 2925 non
1218 2878 1352 2938 poss'et
1396 2881 1447 2924 de
1493 2893 1663 2937 persona
1699 2882 1765 2923 cui
