1971 3261
180 115 253 149 378
577 114 663 147 Lm.
691 113 763 147 ΙΙΙ.
792 133 805 138 -
831 113 942 148 PARS
967 114 998 147 Ι.
1027 134 1040 138 -
1066 114 1123 149 De
1148 114 1412 150 Sam-amentis
1606 80 1708 152 'Cam
1734 116 1805 151 964

183 233 277 268 tione
305 233 337 267 in
360 233 470 268 forma
496 231 651 276 legitima
678 230 859 276 probante,
877 230 920 265 ad
939 231 1078 266 ordines
1098 242 1297 276 promovere
1316 233 1598 278 praesumpserit,
1617 232 1803 269 decernit...

184 292 277 327 hunc
305 292 378 336 ipso
398 291 485 325 facto
511 290 688 325 incurrere
715 289 751 324 in
779 300 909 335 poenas
926 289 1114 325 canonicas
1139 290 1305 325 adversus
1322 302 1378 326 eos
1404 292 1622 336 constitutas,
1648 293 1706 338 qui
1725 294 1806 330 alie-

183 362 269 386 num
295 350 474 385 subditum
502 348 667 393 legitimis
691 348 900 383 dimissoriis
924 349 1130 384 destitutum
1155 349 1446 385 ordinaverint».

301 409 468 454 Tempore
507 407 605 443 Sedis
632 407 789 442 vacantis
826 407 1065 449 dioecesanae,
1094 419 1183 454 quae
1220 409 1312 444 dicta
1349 413 1431 444 sunt
1465 409 1675 456 applicanda
1707 416 1807 447 erant

183 472 339 514 respectu
366 467 409 501 ad
446 465 652 512 Episcopum
682 466 898 507 viciniorem,
926 477 966 501 ex
999 465 1106 501 necis,
1137 466 1172 502 S.
1201 466 1239 503 C.
1265 465 1302 502 C.
1322 469 1347 501 1.
1377 467 1508 503 Tamen
1543 467 1671 504 Bened.
1700 468 1775 504 xlv
1794 470 1808 492 2

184 540 202 561 (ι
221 526 431 572 regularium
462 524 641 570 privilegia
668 524 768 559 firma
794 529 827 559 et
852 529 928 559 rata
952 535 1026 560 esse
1051 525 1134 566 vult,
1163 525 1291 571 quibus
1317 526 1360 561 ab
1390 526 1585 572 Apostolica
1611 525 1698 563 Sede
1716 539 1810 574 repe-

182 587 269 621 ritur
294 585 484 625 indultum,
504 588 674 619 uteorum
702 583 837 618 alumni
865 594 886 618 a
912 583 1065 629 quolibet
1092 583 1263 619 catholico
1287 585 1444 621 antistite
1470 586 1581 631 ipsius
1607 584 1706 621 Sedis
1730 598 1807 632 gra-

179 646 263 680 tiam
291 649 322 680 et
349 643 632 679 communionem
659 642 809 678 habente
835 641 989 678 ordinari
1017 642 1165 684 valeant,
1187 643 1375 679 dummodo
1401 644 1599 680 huiusmodi
1626 645 1807 691 privilegia

184 709 256 750 post
293 703 538 738 Tridentinum
567 701 775 742 Concilium,
804 707 838 737 et
873 701 957 747 ipsis
984 699 1178 737 Ordinibus
1211 703 1420 738 nominatim
1447 708 1550 748 atque
1575 704 1704 740 directe
1734 716 1806 740 non

179 768 297 798 autem
325 773 384 807 per
408 760 763 796 communicationem
793 760 921 795 fuerint
948 771 1133 803 concessa;
1156 774 1219 794 »...
1240 765 1274 796 et
1299 752 1410 796 cetera
1428 762 1556 797 similia
1579 763 1803 810 privileyia...

181 821 278 856 nulla
303 825 336 856 et
363 819 461 854 irrita
485 830 560 855 esse
576 819 646 854 vult
672 823 705 854 et
730 818 889 853 statuit...
911 817 1094 853 Decernens
1125 833 1139 850 «
1160 819 1358 855 huiusmodi
1386 820 1566 866 privilegia
1584 832 1807 868 nequaquam

181 885 255 927 post
281 879 388 915 Cone.
419 878 514 913 Trid.
543 878 680 912 indulta
716 877 861 919 censeri,
888 877 1017 912 nisi...
1047 883 1220 923 quatenus
1255 883 1358 913 antea
1382 889 1541 914 concessa
1569 885 1602 915 et
1639 881 1808 926 posterius

177 939 385 974 confirmata
415 947 488 972 esse
525 940 742 976 asserantur,
770 936 970 971 huiusmodi
1009 935 1292 972 confirmationes
1331 938 1365 971 in
1402 937 1511 973 forma
1544 939 1704 984 specifica
1728 951 1806 975 cum

180 998 316 1034 litterali
346 997 470 1032 veteris
509 996 635 1030 indulti
676 995 868 1031 insertione
907 995 1050 1041 eiusque
1083 1006 1241 1041 expressa
1282 996 1508 1032 innovatione
1547 997 1655 1033 factae
1687 998 1810 1043 digno-

178 1062 321 1093 scantur
339 1069 407 1090 »...

274 1115 354 1150 313.
385 1118 445 1150 Ad
475 1125 600 1158 quem
629 1117 935 1149 ordinaturum
977 1117 1092 1148 mitti
1121 1117 1282 1149 debent
1307 1115 1500 1157 religiosi
1528 1116 1715 1158 exempti
1742 1127 1811 1151 or=

180 1177 371 1211 dinandi.
398 1197 443 1200 —
468 1174 522 1210 Ad
561 1179 690 1209 rectam
727 1173 997 1218 intelligentiam
1024 1185 1101 1210 can.
1128 1172 1195 1208 965
1230 1176 1378 1209 recolere
1403 1179 1536 1220 oportet
1568 1175 1683 1210 adhuc
1708 1181 1812 1221 caput

177 1246 283 1281 supra
308 1234 396 1270 citm.
425 1233 444 1267 3
471 1234 512 1268 de
538 1233 755 1278 temporibus
781 1232 1046 1267 ordinationum
1084 1232 1117 1266 in
1146 1231 1183 1267 6⁰
1210 1232 1249 1277 (Ι,
1279 1231 1326 1276 9),
1355 1233 1388 1266 in
1417 1233 1516 1268 cuins
1556 1234 1679 1269 ultima
1715 1239 1811 1280 parte

178 1294 289 1329 Bonis.
308 1293 376 1328 vili
403 1294 470 1328 ait:
505 1306 518 1324 a
542 1292 700 1337 Religiosi
722 1302 800 1327 vero
825 1302 846 1326 a
872 1291 943 1326 suis
970 1290 1214 1337 Superioribus
1241 1292 1277 1326 in
1306 1303 1375 1327 non
1401 1293 1570 1338 exemptis
1599 1292 1809 1329 prioratibus

175 1352 330 1397 deputati
373 1351 504 1386 Priores
539 1351 587 1393 (id
613 1355 665 1385 est
704 1349 920 1396 Superiores)
948 1355 1127 1385 eteorum
1166 1350 1247 1386 socii
1278 1350 1355 1394 (hoc
1382 1355 1453 1386 est:
1494 1351 1596 1386 ceteri
1636 1352 1807 1398 religiosi)

180 1415 323 1457 possunt
347 1421 368 1445 a
395 1410 546 1445 locorum
574 1409 801 1449 dioecesanis,
832 1402 1001 1454 quamdiu
1031 1414 1212 1444 morantur
1250 1410 1284 1443 in
1314 1410 1368 1444 bis
1403 1409 1617 1445 Brioratibus
1650 1411 1805 1446 ordinari

176 1470 282 1511 licite,
311 1470 389 1505 licet
429 1480 497 1504 non
525 1469 595 1502 sint
621 1469 663 1504 de
688 1479 807 1503 eorum
835 1468 1050 1503 dioecesibus
1076 1468 1267 1503 oriundi».
1298 1468 1386 1504 Huic
1413 1480 1491 1504 vero
1530 1469 1594 1504 iuri
1622 1471 1809 1506 concordat

174 1540 254 1564 can.
285 1527 365 1571 965,
394 1528 583 1563 dummodo
621 1527 691 1561 sint
717 1527 758 1562 de
800 1527 932 1562 familia
973 1526 1204 1562 prioratuum.
1234 1548 1277 1553 —
1304 1528 1417 1563 Antea
1443 1539 1522 1563 vero
1561 1528 1596 1562 in
1624 1529 1699 1564 eod.
1728 1540 1805 1576 cap.

175 1588 322 1633 legitur:
354 1602 369 1620 «
391 1587 574 1623 inferiores
592 1598 728 1632 quoque
758 1585 902 1621 praelati
926 1586 1090 1629 (scilicet:
1118 1598 1156 1622 ex
1185 1587 1257 1622 iure
1287 1586 1528 1627 Decretalium‚
1546 1599 1617 1623 non
1638 1588 1810 1624 hahentes

174 1647 360 1682 dioecesim
387 1646 504 1681 stricte
530 1646 688 1689 dictam),
711 1645 862 1689 religiosi
891 1645 942 1680 vel
969 1645 1042 1687 alii,
1073 1646 1137 1679 nisi
1165 1646 1226 1687 eis,
1253 1646 1343 1691 quod
1371 1657 1453 1681 suos
1478 1646 1619 1682 clericos
1644 1652 1705 1682 aut
1728 1647 1809 1683 snb—

176 1707 276 1747 ditos,
304 1705 451 1751 possint,
479 1716 499 1740 a
526 1716 593 1750 quo
621 1704 793 1740 voluerint
834 1703 1001 1750 Episcopo
1029 1704 1139 1740 facere
1164 1705 1317 1740 ordinari
1344 1716 1365 1740 a
1391 1704 1477 1740 Sede
1504 1706 1699 1751 Apostolica
1734 1718 1810 1752 spe-

175 1765 310 1800 cialiter
327 1765 372 1798 sit
398 1764 636 1807 indultum‚...
660 1763 764 1807 (sicut
790 1773 886 1798 nunc
913 1762 987 1798 iure
1013 1763 1176 1808 competit
1204 1763 1362 1809 pluribus
1379 1764 1422 1798 ad
1451 1775 1610 1799 normam
1629 1776 1707 1799 can.
1726 1763 1807 1805 957,

179 1829 197 1867 ξ
227 1825 237 1859 1
269 1829 302 1860 et
328 1823 463 1868 961)‚...
490 1822 691 1858 huiusmodi
729 1827 909 1868 nequeunt
937 1822 1114 1857 licentiam
1155 1822 1377 1868 impertiri».
1409 1821 1509 1866 Quod
1535 1823 1680 1858 vetitum
1716 1835 1810 1859 nunc

175 1889 227 1919 est
252 1884 448 1919 restrictum
475 1883 519 1917 ad
547 1882 685 1917 litteras
711 1881 928 1917 dimissorias
955 1881 986 1916 vi
1014 1892 1090 1917 can.
1119 1893 1228 1927 praec.
1257 1882 1511 1917 concedendas.

295 1942 463 1988 Loquitur
480 1945 584 1987 caput
610 1941 651 1976 de
679 1941 851 1987 exemptis
869 1940 913 1975 ab
940 1940 1188 1986 Episcoporum
1215 1940 1466 1983 iurisdictione,
1484 1941 1555 1976 sive
1581 1941 1812 1986 regularibus,

174 2002 248 2037 sixe
274 2001 524 2045 saecularibus,
546 2012 616 2035 non
637 2004 753 2035 autem
781 2000 993 2035 determinat
1020 1999 1226 2046 Episcopum
1256 2000 1445 2046 proprium.
1465 1999 1570 2036 Conc.
1590 2011 1669 2036 vero
1685 2000 1781 2036 Trid.
1798 2001 1813 2024 3

175 2062 245 2097 ait:
277 2061 370 2096 «sed
398 2060 521 2095 horum
548 2059 706 2094 omnium
727 2059 902 2094 ordinatio
930 2059 1094 2103 (scilicetz
1124 2059 1181 2104 qui
1213 2070 1281 2093 non
1310 2059 1380 2093 sint
1407 2059 1537 2094 subditi
1564 2060 1753 2104 regulares,
1773 2064 1810 2095 ut

174 2120 304 2155 dicitur
331 2119 432 2165 paulo
450 2124 532 2154 ante
560 2119 595 2152 in
615 2119 691 2153 eod.
723 2117 816 2153 Dec0.
834 2123 868 2153 et
894 2120 1003 2164 cap),
1027 2118 1172 2153 servatis
1197 2118 1373 2159 omnibus,
1393 2129 1482 2164 quae
1509 2118 1544 2152 in
1571 2118 1675 2154 huius
1693 2118 1728 2154 S.
1750 2117 1811 2165 Sy-

177 2179 258 2214 nodi
286 2179 433 2214 decretis
459 2178 695 2218 continentur,
723 2178 766 2212 ad
809 2177 1004 2224 Episcopos,
1031 2177 1124 2213 intra
1162 2189 1311 2223 quorum
1336 2178 1503 2213 dioecesis
1530 2177 1618 2213 fines
1643 2178 1806 2220 existant,

179 2239 367 2282 pertineat:
397 2249 467 2273 non
494 2237 716 2272 obstantibus
743 2237 926 2283 quibusvis
955 2237 1152 2282 privilegiis,
1182 2237 1528 2283 praescriptionibus,
1548 2241 1609 2272 aut
1627 2242 1810 2272 consuetu-

173 2297 330 2338 dinibus,
359 2297 464 2332 etiam
500 2295 840 2331 immemorabilibus
859 2312 891 2331 ι).
919 2296 969 2330 Ad
1006 2296 1171 2331 maiorem
1198 2300 1315 2331 autem
1342 2295 1670 2331 determinationem
1706 2296 1810 2339 huius

178 2356 332 2403 Episcopi
363 2355 505 2401 proprii,
536 2355 711 2401 pertinent
730 2355 834 2390 verba
861 2353 965 2390 Card.
985 2354 1081 2390 Petra
1099 2357 1132 2388 ⁴:
1164 2354 1231 2390 «S.
1250 2353 1288 2390 C.
1310 2353 1347 2390 C.
1368 2366 1477 2400 usque
1502 2355 1546 2390 ab
1573 2366 1634 2389 an.
1655 2353 1744 2390 1602
1764 2354 1810 2390 ita

173 2415 362 2451 declaravit
400 2417 495 2459 (tom.
529 2413 554 2448 V
583 2414 716 2450 Decret.
744 2414 801 2449 fol.
831 2412 901 2457 66),
928 2414 1150 2459 censuitque:
1188 2413 1396 2450 Facultatem
1424 2414 1612 2449 ordinandi
1652 2414 1694 2448 ad
1731 2413 1808 2460 Epi-

175 2485 317 2520 scopum
352 2473 445 2508 intra
470 2473 568 2508 cuius
606 2473 776 2508 dioecesis
804 2472 891 2508 fines
918 2473 1067 2508 Abbatia
1094 2476 1168 2514 (seu
1209 2472 1408 2508 Praelatura
1433 2475 1608 2518 exempta)
1634 2473 1806 2514 consistit,

177 2534 368 2580 pertinere;
397 2533 487 2577 quod
514 2532 540 2566 si
578 2532 671 2567 intra
706 2532 839 2567 nullius
864 2532 1030 2567 dioecesis
1070 2531 1157 2567 fines
1196 2532 1307 2578 posita
1333 2531 1390 2575 sit,
1419 2532 1462 2567 ad
1491 2531 1695 2566 viciniorem
1730 2530 1809 2576 Epi-

174 2604 336 2638 scopum;
364 2591 578 2626 vicinitatem
605 2596 722 2626 autem
748 2592 882 2626 ratione
913 2590 1084 2626 Ecclesiae
1111 2602 1180 2626 non
1211 2590 1370 2626 territorii
1399 2601 1473 2626 esse
1498 2590 1751 2625 attendendam
1770 2602 1805 2623 ».

175 2652 209 2687 ld
235 2656 304 2687 est:
332 2649 551 2695 inspicienda
577 2650 743 2685 distantia
770 2649 861 2685 inter
886 2649 1066 2685 ecclesiam
1097 2649 1264 2685 Abbatiae
1290 2660 1349 2684 seu
1380 2649 1599 2684 Praelaturae
1625 2648 1758 2683 nullius
1775 2652 1808 2683 et

292 2769 303 2790 ¹
329 2768 376 2800 24
401 2767 505 2811 Aug.
537 2768 640 2809 1619,
667 2768 713 2801 20
738 2767 817 2801 Iul.
845 2767 949 2801 1675.
991 2787 1032 2792 —
1070 2767 1084 2789 '2
1112 2767 1247 2801 Const.
1277 2768 1344 2801 cit.
1373 2771 1393 2809 ξ
1421 2768 1478 2801 12.
1519 2787 1561 2791 —
1591 2766 1605 2787 ³
1632 2765 1723 2810 Cap.
1750 2765 1806 2806 10,

172 2827 268 2851 sess.
298 2814 366 2849 cit.
395 2813 535 2848 XXIII
561 2814 606 2848 de
633 2814 716 2848 Res.
748 2834 790 2840 —-
817 2816 830 2836 4
857 2814 962 2848 Tom.
989 2814 1022 2847 V
1048 2814 1095 2848 ad
1127 2819 1254 2848 const.
1283 2814 1337 2848 IV
1364 2813 1522 2848 Callisti
1548 2813 1620 2854 III,
1647 2816 1745 2847 sect.
1773 2812 1806 2852 I,

176 2876 211 2898 n.
242 2864 300 2898 67.
