<?xml version="1.0" encoding="UTF-8"?>
<!DOCTYPE html PUBLIC "-//W3C//DTD XHTML 1.0 Transitional//EN"
    "http://www.w3.org/TR/xhtml1/DTD/xhtml1-transitional.dtd">
<html xmlns="http://www.w3.org/1999/xhtml" xml:lang="en" lang="en">
 <head>
  <title>
</title>
<meta http-equiv="Content-Type" content="text/html;charset=utf-8" />
  <meta name='ocr-system' content='tesseract 3.04.00' />
  <meta name='ocr-capabilities' content='ocr_page ocr_carea ocr_par ocr_line ocrx_word'/>
</head>
<body>
  <div class='ocr_page' id='page_1' title='image "./p1commentariumte03blatuoft_0682.png"; bbox 0 0 1971 3261; ppageno 0'>
   <div class='ocr_carea' id='block_1_1' title="bbox 167 149 1796 191">
    <p class='ocr_par' dir='ltr' id='par_1_1' title="bbox 167 149 1796 191">
     <span class='ocr_line' id='line_1_1' title="bbox 167 149 1796 191; baseline -0.004 0"><span class='ocrx_word' id='word_1_1' title='bbox 167 157 236 191; x_wconf 77' lang='lat'>668</span> <span class='ocrx_word' id='word_1_2' title='bbox 561 154 649 188; x_wconf 82' lang='lat' dir='ltr'><strong>LIB.</strong></span> <span class='ocrx_word' id='word_1_3' title='bbox 676 152 748 186; x_wconf 90' lang='lat' dir='ltr'>III.</span> <span class='ocrx_word' id='word_1_4' title='bbox 778 171 790 177; x_wconf 89' lang='lat'><em>—</em></span> <span class='ocrx_word' id='word_1_5' title='bbox 817 151 928 185; x_wconf 78' lang='lat' dir='ltr'>PARS</span> <span class='ocrx_word' id='word_1_6' title='bbox 954 150 985 185; x_wconf 92' lang='lat' dir='ltr'>I.</span> <span class='ocrx_word' id='word_1_7' title='bbox 1015 171 1027 176; x_wconf 99' lang='lat'>-</span> <span class='ocrx_word' id='word_1_8' title='bbox 1053 151 1110 185; x_wconf 85' lang='lat' dir='ltr'>De</span> <span class='ocrx_word' id='word_1_9' title='bbox 1135 151 1400 185; x_wconf 76' lang='lat' dir='ltr'>Sacramentz‘s</span> <span class='ocrx_word' id='word_1_10' title='bbox 1472 149 1566 186; x_wconf 84' lang='lat' dir='ltr'>Can.</span> <span class='ocrx_word' id='word_1_11' title='bbox 1593 149 1796 184; x_wconf 81' lang='lat'><strong><em>1111-1112</em></strong></span> 
     </span>
    </p>
   </div>
   <div class='ocr_carea' id='block_1_2' title="bbox 172 208 1543 225">
    <p class='ocr_par' dir='ltr' id='par_1_2' title="bbox 172 208 1543 225">
     <span class='ocr_line' id='line_1_2' title="bbox 172 208 1543 225; baseline 0 0"><span class='ocrx_word' id='word_1_12' title='bbox 172 208 1543 225; x_wconf 95' lang='lat' dir='ltr'> </span> 
     </span>
    </p>
   </div>
   <div class='ocr_carea' id='block_1_3' title="bbox 118 268 1797 2810">
    <p class='ocr_par' dir='ltr' id='par_1_3' title="bbox 140 268 1797 1736">
     <span class='ocr_line' id='line_1_3' title="bbox 172 268 1797 331; baseline -0.004 -12"><span class='ocrx_word' id='word_1_13' title='bbox 172 279 277 319; x_wconf 87' lang='lat' dir='ltr'>inter</span> <span class='ocrx_word' id='word_1_14' title='bbox 309 275 412 318; x_wconf 87' lang='lat' dir='ltr'>duas</span> <span class='ocrx_word' id='word_1_15' title='bbox 447 275 733 331; x_wconf 77' lang='lat' dir='ltr'>proportiones</span> <span class='ocrx_word' id='word_1_16' title='bbox 756 270 942 314; x_wconf 90' lang='lat' dir='ltr'>eiusdem</span> <span class='ocrx_word' id='word_1_17' title='bbox 976 272 1129 327; x_wconf 88' lang='lat' dir='ltr'>speciei</span> <span class='ocrx_word' id='word_1_18' title='bbox 1162 272 1269 314; x_wconf 94' lang='lat' dir='ltr'>sicut</span> <span class='ocrx_word' id='word_1_19' title='bbox 1292 269 1406 326; x_wconf 88' lang='lat' dir='ltr'>dupli</span> <span class='ocrx_word' id='word_1_20' title='bbox 1430 269 1480 313; x_wconf 85' lang='lat' dir='ltr'>ad</span> <span class='ocrx_word' id='word_1_21' title='bbox 1515 268 1702 326; x_wconf 89' lang='lat' dir='ltr'>duplum.</span> <span class='ocrx_word' id='word_1_22' title='bbox 1726 268 1797 313; x_wconf 92' lang='lat' dir='ltr'>Lo-</span> 
     </span>
     <span class='ocr_line' id='line_1_4' title="bbox 172 340 1797 404; baseline -0.003 -15"><span class='ocrx_word' id='word_1_23' title='bbox 172 346 337 404; x_wconf 91' lang='lat' dir='ltr'>quendo</span> <span class='ocrx_word' id='word_1_24' title='bbox 370 359 469 401; x_wconf 84' lang='lat' dir='ltr'>ergo</span> <span class='ocrx_word' id='word_1_25' title='bbox 503 344 553 387; x_wconf 92' lang='lat' dir='ltr'>de</span> <span class='ocrx_word' id='word_1_26' title='bbox 588 345 719 400; x_wconf 86' lang='lat' dir='ltr'>prima</span> <span class='ocrx_word' id='word_1_27' title='bbox 754 341 1019 399; x_wconf 71' lang='lat' dir='ltr'>aequalitate,</span> <span class='ocrx_word' id='word_1_28' title='bbox 1056 343 1120 383; x_wconf 87' lang='lat' dir='ltr'>vir</span> <span class='ocrx_word' id='word_1_29' title='bbox 1153 345 1192 384; x_wconf 92' lang='lat' dir='ltr'>et</span> <span class='ocrx_word' id='word_1_30' title='bbox 1223 353 1330 384; x_wconf 92' lang='lat' dir='ltr'>uxor</span> <span class='ocrx_word' id='word_1_31' title='bbox 1363 353 1442 383; x_wconf 93' lang='lat' dir='ltr'>non</span> <span class='ocrx_word' id='word_1_32' title='bbox 1476 345 1570 384; x_wconf 92' lang='lat' dir='ltr'>sunt</span> <span class='ocrx_word' id='word_1_33' title='bbox 1602 340 1797 398; x_wconf 81' lang='lat' dir='ltr'>aequales</span> 
     </span>
     <span class='ocr_line' id='line_1_5' title="bbox 173 411 1793 471; baseline -0.003 -12"><span class='ocrx_word' id='word_1_34' title='bbox 173 420 210 460; x_wconf 91' lang='lat' dir='ltr'>in</span> <span class='ocrx_word' id='word_1_35' title='bbox 247 418 537 468; x_wconf 74' lang='lat' dir='ltr'>matrimonio3</span> <span class='ocrx_word' id='word_1_36' title='bbox 574 426 708 471; x_wconf 91' lang='lat' dir='ltr'>neque</span> <span class='ocrx_word' id='word_1_37' title='bbox 756 417 955 470; x_wconf 87' lang='lat' dir='ltr'>quantum</span> <span class='ocrx_word' id='word_1_38' title='bbox 1005 412 1055 456; x_wconf 89' lang='lat' dir='ltr'>ad</span> <span class='ocrx_word' id='word_1_39' title='bbox 1090 416 1226 455; x_wconf 88' lang='lat' dir='ltr'>actum</span> <span class='ocrx_word' id='word_1_40' title='bbox 1271 411 1532 468; x_wconf 85' lang='lat' dir='ltr'>coniugalem</span> <span class='ocrx_word' id='word_1_41' title='bbox 1567 413 1605 454; x_wconf 91' lang='lat' dir='ltr'>in</span> <span class='ocrx_word' id='word_1_42' title='bbox 1639 424 1721 469; x_wconf 92' lang='lat' dir='ltr'>quo</span> <span class='ocrx_word' id='word_1_43' title='bbox 1755 411 1793 455; x_wconf 92' lang='lat' dir='ltr'>id</span> 
     </span>
     <span class='ocr_line' id='line_1_6' title="bbox 172 483 1793 545; baseline -0.004 -14"><span class='ocrx_word' id='word_1_44' title='bbox 172 488 279 545; x_wconf 92' lang='lat' dir='ltr'>quod</span> <span class='ocrx_word' id='word_1_45' title='bbox 314 486 493 530; x_wconf 79' lang='lat' dir='ltr'>nobilius</span> <span class='ocrx_word' id='word_1_46' title='bbox 527 490 601 538; x_wconf 80' lang='lat' dir='ltr'>est,</span> <span class='ocrx_word' id='word_1_47' title='bbox 637 486 725 527; x_wconf 91' lang='lat' dir='ltr'>viro</span> <span class='ocrx_word' id='word_1_48' title='bbox 759 483 945 534; x_wconf 76' lang='lat' dir='ltr'>debetur,</span> <span class='ocrx_word' id='word_1_49' title='bbox 972 497 1107 541; x_wconf 92' lang='lat' dir='ltr'>neque</span> <span class='ocrx_word' id='word_1_50' title='bbox 1140 487 1338 540; x_wconf 90' lang='lat' dir='ltr'>quantum</span> <span class='ocrx_word' id='word_1_51' title='bbox 1369 483 1418 526; x_wconf 88' lang='lat' dir='ltr'>ad</span> <span class='ocrx_word' id='word_1_52' title='bbox 1444 483 1793 539; x_wconf 79' lang='lat' dir='ltr'>dispensationem</span> 
     </span>
     <span class='ocr_line' id='line_1_7' title="bbox 172 553 1796 614; baseline -0.004 -12"><span class='ocrx_word' id='word_1_53' title='bbox 172 559 331 605; x_wconf 86' lang='lat' dir='ltr'>domus,</span> <span class='ocrx_word' id='word_1_54' title='bbox 368 561 404 599; x_wconf 91' lang='lat' dir='ltr'>in</span> <span class='ocrx_word' id='word_1_55' title='bbox 440 569 518 614; x_wconf 89' lang='lat' dir='ltr'>qua</span> <span class='ocrx_word' id='word_1_56' title='bbox 555 569 659 599; x_wconf 87' lang='lat' dir='ltr'>uxor</span> <span class='ocrx_word' id='word_1_57' title='bbox 693 557 864 611; x_wconf 76' lang='lat' dir='ltr'>regitur,</span> <span class='ocrx_word' id='word_1_58' title='bbox 899 559 938 598; x_wconf 93' lang='lat' dir='ltr'>et</span> <span class='ocrx_word' id='word_1_59' title='bbox 975 556 1037 597; x_wconf 91' lang='lat' dir='ltr'>vir</span> <span class='ocrx_word' id='word_1_60' title='bbox 1071 556 1188 611; x_wconf 86' lang='lat' dir='ltr'>regit.</span> <span class='ocrx_word' id='word_1_61' title='bbox 1221 554 1299 597; x_wconf 85' lang='lat' dir='ltr'>Sed</span> <span class='ocrx_word' id='word_1_62' title='bbox 1333 558 1533 610; x_wconf 88' lang='lat' dir='ltr'>quantum</span> <span class='ocrx_word' id='word_1_63' title='bbox 1567 553 1616 596; x_wconf 88' lang='lat' dir='ltr'>ad</span> <span class='ocrx_word' id='word_1_64' title='bbox 1651 566 1796 597; x_wconf 87' lang='lat' dir='ltr'>secun-</span> 
     </span>
     <span class='ocr_line' id='line_1_8' title="bbox 171 625 1797 685; baseline -0.004 -12"><span class='ocrx_word' id='word_1_65' title='bbox 171 630 265 673; x_wconf 91' lang='lat' dir='ltr'>dam</span> <span class='ocrx_word' id='word_1_66' title='bbox 299 627 591 685; x_wconf 85' lang='lat' dir='ltr'>aequalitatem</span> <span class='ocrx_word' id='word_1_67' title='bbox 627 631 722 669; x_wconf 90' lang='lat' dir='ltr'>sunt</span> <span class='ocrx_word' id='word_1_68' title='bbox 754 625 950 682; x_wconf 80' lang='lat' dir='ltr'>aequales</span> <span class='ocrx_word' id='word_1_69' title='bbox 984 627 1022 668; x_wconf 92' lang='lat' dir='ltr'>in</span> <span class='ocrx_word' id='word_1_70' title='bbox 1058 629 1263 682; x_wconf 91' lang='lat' dir='ltr'>utroque:</span> <span class='ocrx_word' id='word_1_71' title='bbox 1288 626 1385 681; x_wconf 91' lang='lat' dir='ltr'>quio</span> <span class='ocrx_word' id='word_1_72' title='bbox 1408 626 1514 667; x_wconf 90' lang='lat' dir='ltr'>sicut</span> <span class='ocrx_word' id='word_1_73' title='bbox 1546 628 1708 667; x_wconf 84' lang='lat' dir='ltr'>tenetur</span> <span class='ocrx_word' id='word_1_74' title='bbox 1734 626 1797 667; x_wconf 91' lang='lat' dir='ltr'>vir</span> 
     </span>
     <span class='ocr_line' id='line_1_9' title="bbox 173 694 1795 753; baseline -0.003 -10"><span class='ocrx_word' id='word_1_75' title='bbox 173 702 290 743; x_wconf 87' lang='lat' dir='ltr'>uxori</span> <span class='ocrx_word' id='word_1_76' title='bbox 326 702 362 742; x_wconf 91' lang='lat' dir='ltr'>in</span> <span class='ocrx_word' id='word_1_77' title='bbox 388 704 481 742; x_wconf 90' lang='lat' dir='ltr'>actu</span> <span class='ocrx_word' id='word_1_78' title='bbox 516 696 723 753; x_wconf 85' lang='lat' dir='ltr'>coniugali</span> <span class='ocrx_word' id='word_1_79' title='bbox 748 701 788 740; x_wconf 90' lang='lat' dir='ltr'>et</span> <span class='ocrx_word' id='word_1_80' title='bbox 810 696 1116 752; x_wconf 83' lang='lat' dir='ltr'>dispensatione</span> <span class='ocrx_word' id='word_1_81' title='bbox 1149 695 1312 750; x_wconf 83' lang='lat' dir='ltr'>domus,</span> <span class='ocrx_word' id='word_1_82' title='bbox 1345 695 1395 738; x_wconf 91' lang='lat' dir='ltr'>ad</span> <span class='ocrx_word' id='word_1_83' title='bbox 1421 695 1459 738; x_wconf 91' lang='lat' dir='ltr'>id</span> <span class='ocrx_word' id='word_1_84' title='bbox 1484 694 1593 752; x_wconf 89' lang='lat' dir='ltr'>quod</span> <span class='ocrx_word' id='word_1_85' title='bbox 1621 696 1697 737; x_wconf 85' lang='lat' dir='ltr'>viri</span> <span class='ocrx_word' id='word_1_86' title='bbox 1721 699 1795 749; x_wconf 79' lang='lat' dir='ltr'>est,</span> 
     </span>
     <span class='ocr_line' id='line_1_10' title="bbox 172 765 1794 824; baseline -0.003 -11"><span class='ocrx_word' id='word_1_87' title='bbox 172 773 224 813; x_wconf 87' lang='lat' dir='ltr'>ita</span> <span class='ocrx_word' id='word_1_88' title='bbox 260 784 363 813; x_wconf 86' lang='lat' dir='ltr'>uxor</span> <span class='ocrx_word' id='word_1_89' title='bbox 400 771 488 811; x_wconf 84' lang='lat' dir='ltr'>viro</span> <span class='ocrx_word' id='word_1_90' title='bbox 520 768 570 811; x_wconf 87' lang='lat' dir='ltr'>ad</span> <span class='ocrx_word' id='word_1_91' title='bbox 607 767 645 811; x_wconf 92' lang='lat' dir='ltr'>id</span> <span class='ocrx_word' id='word_1_92' title='bbox 680 767 789 824; x_wconf 93' lang='lat' dir='ltr'>quod</span> <span class='ocrx_word' id='word_1_93' title='bbox 825 769 967 810; x_wconf 90' lang='lat' dir='ltr'>uxoris</span> <span class='ocrx_word' id='word_1_94' title='bbox 999 771 1071 810; x_wconf 90' lang='lat' dir='ltr'>est.</span> <span class='ocrx_word' id='word_1_95' title='bbox 1107 765 1157 809; x_wconf 91' lang='lat' dir='ltr'>Et</span> <span class='ocrx_word' id='word_1_96' title='bbox 1188 765 1416 809; x_wconf 89' lang='lat' dir='ltr'>secundum</span> <span class='ocrx_word' id='word_1_97' title='bbox 1441 765 1518 809; x_wconf 90' lang='lat' dir='ltr'>hoc</span> <span class='ocrx_word' id='word_1_98' title='bbox 1552 765 1704 809; x_wconf 88' lang='lat' dir='ltr'>dicitur</span> <span class='ocrx_word' id='word_1_99' title='bbox 1737 765 1794 823; x_wconf 87' lang='lat' dir='ltr'>(in</span> 
     </span>
     <span class='ocr_line' id='line_1_11' title="bbox 170 835 1794 897; baseline -0.002 -13"><span class='ocrx_word' id='word_1_100' title='bbox 170 845 343 895; x_wconf 80' lang='lat' dir='ltr'>canone)</span> <span class='ocrx_word' id='word_1_101' title='bbox 376 839 485 897; x_wconf 93' lang='lat' dir='ltr'>quod</span> <span class='ocrx_word' id='word_1_102' title='bbox 520 842 616 882; x_wconf 91' lang='lat' dir='ltr'>sunt</span> <span class='ocrx_word' id='word_1_103' title='bbox 646 837 842 896; x_wconf 86' lang='lat' dir='ltr'>aequales</span> <span class='ocrx_word' id='word_1_104' title='bbox 865 840 903 880; x_wconf 88' lang='lat' dir='ltr'>in</span> <span class='ocrx_word' id='word_1_105' title='bbox 941 837 1153 881; x_wconf 87' lang='lat' dir='ltr'>reddendo</span> <span class='ocrx_word' id='word_1_106' title='bbox 1176 841 1216 880; x_wconf 91' lang='lat' dir='ltr'>et</span> <span class='ocrx_word' id='word_1_107' title='bbox 1240 836 1417 893; x_wconf 88' lang='lat' dir='ltr'>petendo</span> <span class='ocrx_word' id='word_1_108' title='bbox 1451 835 1637 880; x_wconf 84' lang='lat' dir='ltr'>debitum</span> <span class='ocrx_word' id='word_1_109' title='bbox 1662 852 1700 890; x_wconf 74' lang='grc'>)),</span> <span class='ocrx_word' id='word_1_110' title='bbox 1722 849 1794 880; x_wconf 86' lang='lat' dir='ltr'>seu</span> 
     </span>
     <span class='ocr_line' id='line_1_12' title="bbox 140 906 1794 969; baseline -0.002 -15"><span class='ocrx_word' id='word_1_111' title='bbox 140 964 143 967; x_wconf 23' lang='grc' dir='ltr'>Ι</span> <span class='ocrx_word' id='word_1_112' title='bbox 170 914 267 969; x_wconf 90' lang='lat' dir='ltr'>ipsis</span> <span class='ocrx_word' id='word_1_113' title='bbox 300 915 359 954; x_wconf 85' lang='lat' dir='ltr'>est</span> <span class='ocrx_word' id='word_1_114' title='bbox 387 927 409 952; x_wconf 91' lang='lat'>«</span> <span class='ocrx_word' id='word_1_115' title='bbox 431 923 611 967; x_wconf 87' lang='lat' dir='ltr'>aequum</span> <span class='ocrx_word' id='word_1_116' title='bbox 635 924 658 950; x_wconf 84' lang='lat'>›&gt;</span> <span class='ocrx_word' id='word_1_117' title='bbox 687 909 765 957; x_wconf 76' lang='lat' dir='ltr'>ius,</span> <span class='ocrx_word' id='word_1_118' title='bbox 790 908 1020 952; x_wconf 90' lang='lat' dir='ltr'>secundum</span> <span class='ocrx_word' id='word_1_119' title='bbox 1045 908 1155 965; x_wconf 93' lang='lat' dir='ltr'>quod</span> <span class='ocrx_word' id='word_1_120' title='bbox 1180 910 1380 964; x_wconf 89' lang='lat' dir='ltr'>scriptum</span> <span class='ocrx_word' id='word_1_121' title='bbox 1406 912 1466 951; x_wconf 92' lang='lat' dir='ltr'>est</span> <span class='ocrx_word' id='word_1_122' title='bbox 1489 908 1596 964; x_wconf 88' lang='lat' dir='ltr'>apud</span> <span class='ocrx_word' id='word_1_123' title='bbox 1624 906 1668 950; x_wconf 92' lang='lat' dir='ltr'>D.</span> <span class='ocrx_word' id='word_1_124' title='bbox 1694 907 1794 951; x_wconf 88' lang='lat' dir='ltr'>Pau-</span> 
     </span>
     <span class='ocr_line' id='line_1_13' title="bbox 170 978 1793 1036; baseline -0.002 -11"><span class='ocrx_word' id='word_1_125' title='bbox 170 982 251 1025; x_wconf 89' lang='lat' dir='ltr'>lum</span> <span class='ocrx_word' id='word_1_126' title='bbox 280 982 321 1026; x_wconf 83' lang='lat'>¹:</span> <span class='ocrx_word' id='word_1_127' title='bbox 362 980 551 1024; x_wconf 81' lang='lat' dir='ltr'>«Mulier</span> <span class='ocrx_word' id='word_1_128' title='bbox 583 982 647 1024; x_wconf 90' lang='lat' dir='ltr'>sui</span> <span class='ocrx_word' id='word_1_129' title='bbox 680 982 867 1036; x_wconf 88' lang='lat' dir='ltr'>corporis</span> <span class='ocrx_word' id='word_1_130' title='bbox 903 983 1144 1035; x_wconf 88' lang='lat' dir='ltr'>potestatem</span> <span class='ocrx_word' id='word_1_131' title='bbox 1181 991 1259 1022; x_wconf 94' lang='lat' dir='ltr'>non</span> <span class='ocrx_word' id='word_1_132' title='bbox 1295 978 1433 1033; x_wconf 78' lang='lat' dir='ltr'>habet,</span> <span class='ocrx_word' id='word_1_133' title='bbox 1455 979 1525 1022; x_wconf 90' lang='lat' dir='ltr'>sed</span> <span class='ocrx_word' id='word_1_134' title='bbox 1566 980 1640 1023; x_wconf 90' lang='lat' dir='ltr'>vir.</span> <span class='ocrx_word' id='word_1_135' title='bbox 1675 978 1793 1021; x_wconf 85' lang='lat' dir='ltr'>Simi-</span> 
     </span>
     <span class='ocr_line' id='line_1_14' title="bbox 171 1048 1795 1108; baseline -0.002 -12"><span class='ocrx_word' id='word_1_136' title='bbox 171 1054 264 1096; x_wconf 87' lang='lat' dir='ltr'>liter</span> <span class='ocrx_word' id='word_1_137' title='bbox 297 1057 335 1096; x_wconf 89' lang='lat' dir='ltr'>et</span> <span class='ocrx_word' id='word_1_138' title='bbox 372 1054 435 1094; x_wconf 87' lang='lat' dir='ltr'>vir</span> <span class='ocrx_word' id='word_1_139' title='bbox 467 1053 528 1095; x_wconf 90' lang='lat' dir='ltr'>sui</span> <span class='ocrx_word' id='word_1_140' title='bbox 563 1053 750 1108; x_wconf 87' lang='lat' dir='ltr'>corporis</span> <span class='ocrx_word' id='word_1_141' title='bbox 799 1055 1041 1107; x_wconf 87' lang='lat' dir='ltr'>potestatem</span> <span class='ocrx_word' id='word_1_142' title='bbox 1081 1063 1159 1092; x_wconf 92' lang='lat' dir='ltr'>non</span> <span class='ocrx_word' id='word_1_143' title='bbox 1210 1049 1346 1104; x_wconf 72' lang='lat' dir='ltr'>habet,</span> <span class='ocrx_word' id='word_1_144' title='bbox 1381 1049 1453 1093; x_wconf 91' lang='lat' dir='ltr'>sed</span> <span class='ocrx_word' id='word_1_145' title='bbox 1502 1048 1715 1104; x_wconf 78' lang='lat' dir='ltr'>mulier»,</span> <span class='ocrx_word' id='word_1_146' title='bbox 1748 1061 1795 1093; x_wconf 87' lang='lat' dir='ltr'>ac</span> 
     </span>
     <span class='ocr_line' id='line_1_15' title="bbox 170 1121 1796 1181; baseline -0.002 -14"><span class='ocrx_word' id='word_1_147' title='bbox 170 1124 353 1181; x_wconf 89' lang='lat' dir='ltr'>loquitur</span> <span class='ocrx_word' id='word_1_148' title='bbox 386 1123 436 1166; x_wconf 93' lang='lat' dir='ltr'>de</span> <span class='ocrx_word' id='word_1_149' title='bbox 471 1124 619 1166; x_wconf 88' lang='lat' dir='ltr'>marito</span> <span class='ocrx_word' id='word_1_150' title='bbox 643 1130 682 1165; x_wconf 92' lang='lat' dir='ltr'>et</span> <span class='ocrx_word' id='word_1_151' title='bbox 715 1135 858 1177; x_wconf 73' lang='lat' dir='ltr'>uxore,</span> <span class='ocrx_word' id='word_1_152' title='bbox 895 1134 987 1165; x_wconf 88' lang='lat' dir='ltr'>nam</span> <span class='ocrx_word' id='word_1_153' title='bbox 1022 1126 1061 1164; x_wconf 80' lang='lat' dir='ltr'>ec</span> <span class='ocrx_word' id='word_1_154' title='bbox 1084 1123 1220 1164; x_wconf 87' lang='lat' dir='ltr'>statim</span> <span class='ocrx_word' id='word_1_155' title='bbox 1255 1125 1375 1164; x_wconf 86' lang='lat' dir='ltr'>antea</span> <span class='ocrx_word' id='word_1_156' title='bbox 1409 1121 1513 1164; x_wconf 85' lang='lat' dir='ltr'>dixit</span> <span class='ocrx_word' id='word_1_157' title='bbox 1546 1123 1656 1164; x_wconf 87' lang='lat' dir='ltr'>circa</span> <span class='ocrx_word' id='word_1_158' title='bbox 1685 1136 1704 1161; x_wconf 85' lang='grc'>((</span> <span class='ocrx_word' id='word_1_159' title='bbox 1728 1132 1796 1164; x_wconf 90' lang='lat' dir='ltr'>ae-</span> 
     </span>
     <span class='ocr_line' id='line_1_16' title="bbox 169 1191 1793 1253; baseline -0.002 -14"><span class='ocrx_word' id='word_1_160' title='bbox 169 1209 342 1253; x_wconf 80' lang='lat' dir='ltr'>quum»</span> <span class='ocrx_word' id='word_1_161' title='bbox 381 1194 589 1252; x_wconf 72' lang='lat' dir='ltr'>officium:</span> <span class='ocrx_word' id='word_1_162' title='bbox 626 1196 789 1237; x_wconf 85' lang='lat' dir='ltr'>«uxori</span> <span class='ocrx_word' id='word_1_163' title='bbox 841 1195 904 1236; x_wconf 89' lang='lat' dir='ltr'>vir</span> <span class='ocrx_word' id='word_1_164' title='bbox 937 1191 1121 1236; x_wconf 84' lang='lat' dir='ltr'>debitum</span> <span class='ocrx_word' id='word_1_165' title='bbox 1162 1192 1308 1236; x_wconf 88' lang='lat' dir='ltr'>reddat</span> <span class='ocrx_word' id='word_1_166' title='bbox 1331 1208 1383 1235; x_wconf 85' lang='grc'>));</span> <span class='ocrx_word' id='word_1_167' title='bbox 1418 1194 1477 1235; x_wconf 91' lang='lat' dir='ltr'>sic</span> <span class='ocrx_word' id='word_1_168' title='bbox 1509 1191 1665 1235; x_wconf 87' lang='lat' dir='ltr'>dictum</span> <span class='ocrx_word' id='word_1_169' title='bbox 1698 1193 1793 1249; x_wconf 89' lang='lat' dir='ltr'>quia</span> 
     </span>
     <span class='ocr_line' id='line_1_17' title="bbox 171 1262 1795 1317; baseline -0.002 -9"><span class='ocrx_word' id='word_1_170' title='bbox 171 1269 208 1309; x_wconf 90' lang='lat' dir='ltr'>in</span> <span class='ocrx_word' id='word_1_171' title='bbox 244 1268 397 1309; x_wconf 87' lang='lat' dir='ltr'>iustitia</span> <span class='ocrx_word' id='word_1_172' title='bbox 431 1265 646 1308; x_wconf 85' lang='lat' dir='ltr'>fundatum</span> <span class='ocrx_word' id='word_1_173' title='bbox 681 1278 732 1308; x_wconf 91' lang='lat' dir='ltr'>ex</span> <span class='ocrx_word' id='word_1_174' title='bbox 767 1266 866 1307; x_wconf 90' lang='lat' dir='ltr'>inito</span> <span class='ocrx_word' id='word_1_175' title='bbox 903 1277 1002 1307; x_wconf 89' lang='lat' dir='ltr'>vero</span> <span class='ocrx_word' id='word_1_176' title='bbox 1034 1268 1279 1317; x_wconf 74' lang='lat' dir='ltr'>contractu3</span> <span class='ocrx_word' id='word_1_177' title='bbox 1320 1262 1554 1306; x_wconf 90' lang='lat' dir='ltr'>«similiter</span> <span class='ocrx_word' id='word_1_178' title='bbox 1586 1264 1722 1306; x_wconf 75' lang='lat' dir='ltr'>autem</span> <span class='ocrx_word' id='word_1_179' title='bbox 1757 1267 1795 1306; x_wconf 92' lang='lat' dir='ltr'>et</span> 
     </span>
     <span class='ocr_line' id='line_1_18' title="bbox 170 1335 1794 1393; baseline -0.002 -13"><span class='ocrx_word' id='word_1_180' title='bbox 170 1351 274 1380; x_wconf 92' lang='lat' dir='ltr'>uxor</span> <span class='ocrx_word' id='word_1_181' title='bbox 310 1339 397 1379; x_wconf 84' lang='lat' dir='ltr'>viro</span> <span class='ocrx_word' id='word_1_182' title='bbox 422 1335 458 1384; x_wconf 77' lang='grc'>2;</span> <span class='ocrx_word' id='word_1_183' title='bbox 495 1341 618 1393; x_wconf 92' lang='lat' dir='ltr'>atque</span> <span class='ocrx_word' id='word_1_184' title='bbox 652 1335 778 1379; x_wconf 89' lang='lat' dir='ltr'>nolite</span> <span class='ocrx_word' id='word_1_185' title='bbox 811 1335 1005 1378; x_wconf 81' lang='lat' dir='ltr'>fraudare</span> <span class='ocrx_word' id='word_1_186' title='bbox 1040 1337 1237 1387; x_wconf 79' lang='lat' dir='ltr'>invicem,</span> <span class='ocrx_word' id='word_1_187' title='bbox 1271 1336 1348 1377; x_wconf 90' lang='lat' dir='ltr'>nisi</span> <span class='ocrx_word' id='word_1_188' title='bbox 1381 1335 1484 1377; x_wconf 87' lang='lat' dir='ltr'>forte</span> <span class='ocrx_word' id='word_1_189' title='bbox 1518 1347 1566 1377; x_wconf 86' lang='lat' dir='ltr'>ex</span> <span class='ocrx_word' id='word_1_190' title='bbox 1592 1346 1794 1377; x_wconf 85' lang='lat' dir='ltr'>consensu</span> 
     </span>
     <span class='ocr_line' id='line_1_19' title="bbox 169 1405 1794 1465; baseline -0.003 -13"><span class='ocrx_word' id='word_1_191' title='bbox 169 1409 218 1452; x_wconf 89' lang='lat' dir='ltr'>ad</span> <span class='ocrx_word' id='word_1_192' title='bbox 255 1413 430 1465; x_wconf 90' lang='lat' dir='ltr'>tempus,</span> <span class='ocrx_word' id='word_1_193' title='bbox 467 1412 509 1450; x_wconf 95' lang='lat' dir='ltr'>ut</span> <span class='ocrx_word' id='word_1_194' title='bbox 545 1409 700 1450; x_wconf 81' lang='lat' dir='ltr'>vacetis</span> <span class='ocrx_word' id='word_1_195' title='bbox 733 1408 972 1449; x_wconf 83' lang='lat' dir='ltr'>orationi».</span> <span class='ocrx_word' id='word_1_196' title='bbox 1006 1431 1063 1437; x_wconf 92' lang='lat'>—-</span> <span class='ocrx_word' id='word_1_197' title='bbox 1095 1405 1276 1462; x_wconf 84' lang='lat' dir='ltr'>Explicit</span> <span class='ocrx_word' id='word_1_198' title='bbox 1309 1418 1440 1449; x_wconf 89' lang='lat' dir='ltr'>canon</span> <span class='ocrx_word' id='word_1_199' title='bbox 1484 1405 1794 1448; x_wconf 78' lang='lat' dir='ltr'>determinans:</span> 
     </span>
     <span class='ocr_line' id='line_1_20' title="bbox 174 1475 1795 1537; baseline -0.002 -16"><span class='ocrx_word' id='word_1_200' title='bbox 174 1495 194 1521; x_wconf 77' lang='lat' dir='ltr'>&lt;c</span> <span class='ocrx_word' id='word_1_201' title='bbox 217 1493 394 1537; x_wconf 87' lang='lat' dir='ltr'>aequum</span> <span class='ocrx_word' id='word_1_202' title='bbox 421 1481 483 1522; x_wconf 90' lang='lat' dir='ltr'>ius</span> <span class='ocrx_word' id='word_1_203' title='bbox 506 1483 545 1521; x_wconf 93' lang='lat' dir='ltr'>et</span> <span class='ocrx_word' id='word_1_204' title='bbox 568 1478 748 1521; x_wconf 87' lang='lat' dir='ltr'>officium</span> <span class='ocrx_word' id='word_1_205' title='bbox 773 1493 796 1518; x_wconf 85' lang='lat'>»</span> <span class='ocrx_word' id='word_1_206' title='bbox 823 1476 1012 1535; x_wconf 72' lang='lat' dir='ltr'>estquod</span> <span class='ocrx_word' id='word_1_207' title='bbox 1035 1476 1186 1520; x_wconf 72' lang='lat' dir='ltr'>attinet</span> <span class='ocrx_word' id='word_1_208' title='bbox 1205 1475 1261 1519; x_wconf 81' lang='lat' dir='ltr'>ad</span> <span class='ocrx_word' id='word_1_209' title='bbox 1283 1482 1402 1519; x_wconf 79' lang='lat' dir='ltr'>aelus</span> <span class='ocrx_word' id='word_1_210' title='bbox 1422 1475 1635 1534; x_wconf 74' lang='lat' dir='ltr'>proprios,</span> <span class='ocrx_word' id='word_1_211' title='bbox 1654 1479 1795 1532; x_wconf 90' lang='lat' dir='ltr'>utpote</span> 
     </span>
     <span class='ocr_line' id='line_1_21' title="bbox 167 1547 1794 1607; baseline -0.003 -13"><span class='ocrx_word' id='word_1_212' title='bbox 167 1550 382 1607; x_wconf 77' lang='lat' dir='ltr'>speciales,</span> <span class='ocrx_word' id='word_1_213' title='bbox 414 1549 650 1606; x_wconf 71' lang='lat' dir='ltr'>eoniuyalz&#39;s</span> <span class='ocrx_word' id='word_1_214' title='bbox 684 1549 805 1600; x_wconf 67' lang='lat' dir='ltr'>vitae,</span> <span class='ocrx_word' id='word_1_215' title='bbox 834 1562 906 1592; x_wconf 91' lang='lat' dir='ltr'>seu</span> <span class='ocrx_word' id='word_1_216' title='bbox 942 1561 1016 1605; x_wconf 89' lang='lat' dir='ltr'>per</span> <span class='ocrx_word' id='word_1_217' title='bbox 1048 1561 1152 1606; x_wconf 91' lang='lat' dir='ltr'>quos</span> <span class='ocrx_word' id='word_1_218' title='bbox 1186 1547 1286 1591; x_wconf 75' lang='lat' dir='ltr'>llaec</span> <span class='ocrx_word' id='word_1_219' title='bbox 1320 1547 1486 1591; x_wconf 88' lang='lat' dir='ltr'>ducitur</span> <span class='ocrx_word' id='word_1_220' title='bbox 1519 1549 1557 1589; x_wconf 94' lang='lat' dir='ltr'>in</span> <span class='ocrx_word' id='word_1_221' title='bbox 1584 1549 1794 1590; x_wconf 87' lang='lat' dir='ltr'>matrimo-</span> 
     </span>
     <span class='ocr_line' id='line_1_22' title="bbox 166 1620 1795 1677; baseline -0.002 -13"><span class='ocrx_word' id='word_1_222' title='bbox 166 1622 264 1665; x_wconf 89' lang='lat' dir='ltr'>niali</span> <span class='ocrx_word' id='word_1_223' title='bbox 298 1626 419 1669; x_wconf 88' lang='lat' dir='ltr'>statu,</span> <span class='ocrx_word' id='word_1_224' title='bbox 456 1623 581 1677; x_wconf 84' lang='lat' dir='ltr'>igitur</span> <span class='ocrx_word' id='word_1_225' title='bbox 615 1623 652 1663; x_wconf 90' lang='lat' dir='ltr'>in</span> <span class='ocrx_word' id='word_1_226' title='bbox 688 1620 834 1663; x_wconf 90' lang='lat' dir='ltr'>ordine</span> <span class='ocrx_word' id='word_1_227' title='bbox 868 1620 918 1663; x_wconf 88' lang='lat' dir='ltr'>ad</span> <span class='ocrx_word' id='word_1_228' title='bbox 955 1621 1206 1662; x_wconf 87' lang='lat' dir='ltr'>matrimonii</span> <span class='ocrx_word' id='word_1_229' title='bbox 1238 1620 1361 1662; x_wconf 84' lang='lat' dir='ltr'>finem</span> <span class='ocrx_word' id='word_1_230' title='bbox 1399 1620 1641 1675; x_wconf 90' lang='lat' dir='ltr'>primarium</span> <span class='ocrx_word' id='word_1_231' title='bbox 1677 1622 1716 1661; x_wconf 92' lang='lat' dir='ltr'>et</span> <span class='ocrx_word' id='word_1_232' title='bbox 1737 1631 1795 1661; x_wconf 92' lang='lat' dir='ltr'>se-</span> 
     </span>
     <span class='ocr_line' id='line_1_23' title="bbox 168 1692 429 1736; baseline -0.011 0"><span class='ocrx_word' id='word_1_233' title='bbox 168 1692 429 1736; x_wconf 84' lang='lat' dir='ltr'>cundarium.</span> 
     </span>
    </p>

    <p class='ocr_par' dir='ltr' id='par_1_4' title="bbox 118 1759 1794 2443">
     <span class='ocr_line' id='line_1_24' title="bbox 285 1759 1793 1819; baseline -0.003 -13"><span class='ocrx_word' id='word_1_234' title='bbox 285 1762 368 1806; x_wconf 88' lang='lat' dir='ltr'>Nec</span> <span class='ocrx_word' id='word_1_235' title='bbox 403 1763 579 1819; x_wconf 88' lang='lat' dir='ltr'>idipsum</span> <span class='ocrx_word' id='word_1_236' title='bbox 618 1765 692 1805; x_wconf 91' lang='lat' dir='ltr'>rite</span> <span class='ocrx_word' id='word_1_237' title='bbox 726 1762 996 1817; x_wconf 86' lang='lat' dir='ltr'>intellectum,</span> <span class='ocrx_word' id='word_1_238' title='bbox 1030 1763 1137 1805; x_wconf 89' lang='lat' dir='ltr'>sicut</span> <span class='ocrx_word' id='word_1_239' title='bbox 1167 1773 1307 1818; x_wconf 81' lang='lat' dir='ltr'>supra,</span> <span class='ocrx_word' id='word_1_240' title='bbox 1340 1760 1588 1804; x_wconf 77' lang='lat' dir='ltr'>contradicit</span> <span class='ocrx_word' id='word_1_241' title='bbox 1621 1759 1793 1816; x_wconf 87' lang='lat' dir='ltr'>Aposto-</span> 
     </span>
     <span class='ocr_line' id='line_1_25' title="bbox 167 1830 1793 1890; baseline -0.002 -14"><span class='ocrx_word' id='word_1_242' title='bbox 167 1833 203 1877; x_wconf 93' lang='lat' dir='ltr'>lo</span> <span class='ocrx_word' id='word_1_243' title='bbox 236 1836 295 1877; x_wconf 90' lang='lat' dir='ltr'>sic</span> <span class='ocrx_word' id='word_1_244' title='bbox 328 1836 526 1890; x_wconf 84' lang='lat' dir='ltr'>coniuges</span> <span class='ocrx_word' id='word_1_245' title='bbox 568 1833 801 1877; x_wconf 82' lang='lat' dir='ltr'>exhortanti</span> <span class='ocrx_word' id='word_1_246' title='bbox 823 1833 865 1876; x_wconf 84' lang='lat'>3:</span> <span class='ocrx_word' id='word_1_247' title='bbox 906 1832 1143 1876; x_wconf 84' lang='lat' dir='ltr'>«Mulieres</span> <span class='ocrx_word' id='word_1_248' title='bbox 1177 1834 1277 1875; x_wconf 90' lang='lat' dir='ltr'>viris</span> <span class='ocrx_word' id='word_1_249' title='bbox 1324 1834 1409 1875; x_wconf 92' lang='lat' dir='ltr'>suis</span> <span class='ocrx_word' id='word_1_250' title='bbox 1455 1830 1646 1875; x_wconf 86' lang='lat' dir='ltr'>subditae</span> <span class='ocrx_word' id='word_1_251' title='bbox 1698 1833 1793 1885; x_wconf 83' lang='lat' dir='ltr'>sint,</span> 
     </span>
     <span class='ocr_line' id='line_1_26' title="bbox 166 1901 1794 1960; baseline -0.002 -12"><span class='ocrx_word' id='word_1_252' title='bbox 166 1906 272 1948; x_wconf 89' lang='lat' dir='ltr'>sicut</span> <span class='ocrx_word' id='word_1_253' title='bbox 306 1903 497 1947; x_wconf 90' lang='lat' dir='ltr'>Domino.</span> <span class='ocrx_word' id='word_1_254' title='bbox 547 1904 753 1959; x_wconf 85' lang='lat' dir='ltr'>Quoniam</span> <span class='ocrx_word' id='word_1_255' title='bbox 792 1906 855 1946; x_wconf 86' lang='lat' dir='ltr'>vir</span> <span class='ocrx_word' id='word_1_256' title='bbox 887 1908 1012 1960; x_wconf 85' lang='lat' dir='ltr'>caput</span> <span class='ocrx_word' id='word_1_257' title='bbox 1044 1904 1101 1946; x_wconf 89' lang='lat' dir='ltr'>esl</span> <span class='ocrx_word' id='word_1_258' title='bbox 1137 1902 1336 1957; x_wconf 78' lang='lat' dir='ltr'>mulieris,</span> <span class='ocrx_word' id='word_1_259' title='bbox 1369 1904 1475 1946; x_wconf 88' lang='lat' dir='ltr'>sicut</span> <span class='ocrx_word' id='word_1_260' title='bbox 1512 1901 1700 1946; x_wconf 87' lang='lat' dir='ltr'>Christus</span> <span class='ocrx_word' id='word_1_261' title='bbox 1732 1913 1794 1944; x_wconf 88' lang='lat' dir='ltr'>ca-</span> 
     </span>
     <span class='ocr_line' id='line_1_27' title="bbox 168 1972 1793 2032; baseline -0.002 -14"><span class='ocrx_word' id='word_1_262' title='bbox 168 1980 238 2031; x_wconf 89' lang='lat' dir='ltr'>put</span> <span class='ocrx_word' id='word_1_263' title='bbox 272 1979 333 2018; x_wconf 91' lang='lat' dir='ltr'>est</span> <span class='ocrx_word' id='word_1_264' title='bbox 381 1975 603 2019; x_wconf 75' lang='lat' dir='ltr'>Ecclesiae.</span> <span class='ocrx_word' id='word_1_265' title='bbox 643 1974 725 2018; x_wconf 84' lang='lat' dir='ltr'>Viri</span> <span class='ocrx_word' id='word_1_266' title='bbox 760 1975 921 2032; x_wconf 81' lang='lat' dir='ltr'>diligite</span> <span class='ocrx_word' id='word_1_267' title='bbox 970 1988 1123 2018; x_wconf 89' lang='lat' dir='ltr'>uxores</span> <span class='ocrx_word' id='word_1_268' title='bbox 1174 1978 1345 2022; x_wconf 89' lang='lat' dir='ltr'>vestras,</span> <span class='ocrx_word' id='word_1_269' title='bbox 1378 1976 1486 2017; x_wconf 88' lang='lat' dir='ltr'>sicut</span> <span class='ocrx_word' id='word_1_270' title='bbox 1518 1972 1705 2017; x_wconf 87' lang='lat' dir='ltr'>Christus</span> <span class='ocrx_word' id='word_1_271' title='bbox 1736 1972 1793 2016; x_wconf 88' lang='lat' dir='ltr'>di-</span> 
     </span>
     <span class='ocr_line' id='line_1_28' title="bbox 118 2043 1792 2103; baseline -0.002 -14"><span class='ocrx_word' id='word_1_272' title='bbox 118 2046 122 2049; x_wconf 78' lang='grc'>’</span> <span class='ocrx_word' id='word_1_273' title='bbox 168 2046 266 2089; x_wconf 87' lang='lat' dir='ltr'>lexit</span> <span class='ocrx_word' id='word_1_274' title='bbox 298 2045 542 2100; x_wconf 79' lang='lat' dir='ltr'>Ecclesiam,</span> <span class='ocrx_word' id='word_1_275' title='bbox 566 2051 605 2089; x_wconf 93' lang='lat' dir='ltr'>et</span> <span class='ocrx_word' id='word_1_276' title='bbox 627 2049 808 2103; x_wconf 89' lang='lat' dir='ltr'>seipsum</span> <span class='ocrx_word' id='word_1_277' title='bbox 844 2045 1015 2089; x_wconf 81' lang='lat' dir='ltr'>tradidit</span> <span class='ocrx_word' id='word_1_278' title='bbox 1040 2058 1112 2102; x_wconf 86' lang='lat' dir='ltr'>pro</span> <span class='ocrx_word' id='word_1_279' title='bbox 1137 2058 1184 2088; x_wconf 90' lang='lat' dir='ltr'>ea</span> <span class='ocrx_word' id='word_1_280' title='bbox 1207 2060 1246 2087; x_wconf 86' lang='lat'>›&gt;.</span> <span class='ocrx_word' id='word_1_281' title='bbox 1282 2043 1399 2089; x_wconf 91' lang='lat' dir='ltr'>Unde</span> <span class='ocrx_word' id='word_1_282' title='bbox 1426 2043 1638 2088; x_wconf 84' lang='lat' dir='ltr'>concludit</span> <span class='ocrx_word' id='word_1_283' title='bbox 1669 2047 1792 2100; x_wconf 90' lang='lat' dir='ltr'>caput</span> 
     </span>
     <span class='ocr_line' id='line_1_29' title="bbox 168 2114 1791 2174; baseline -0.002 -15"><span class='ocrx_word' id='word_1_284' title='bbox 168 2116 267 2159; x_wconf 90' lang='lat' dir='ltr'>illud</span> <span class='ocrx_word' id='word_1_285' title='bbox 302 2117 470 2159; x_wconf 86' lang='lat' dir='ltr'>dicens:</span> <span class='ocrx_word' id='word_1_286' title='bbox 510 2116 847 2174; x_wconf 82' lang='lat' dir='ltr'>«Unusquisque</span> <span class='ocrx_word' id='word_1_287' title='bbox 882 2129 1054 2160; x_wconf 83' lang='lat' dir='ltr'>uxorem</span> <span class='ocrx_word' id='word_1_288' title='bbox 1090 2129 1223 2165; x_wconf 85' lang='lat' dir='ltr'>suam,</span> <span class='ocrx_word' id='word_1_289' title='bbox 1256 2117 1363 2159; x_wconf 90' lang='lat' dir='ltr'>sicut</span> <span class='ocrx_word' id='word_1_290' title='bbox 1403 2117 1585 2171; x_wconf 86' lang='lat' dir='ltr'>seipsum</span> <span class='ocrx_word' id='word_1_291' title='bbox 1617 2114 1791 2171; x_wconf 82' lang='lat' dir='ltr'>diligat:</span> 
     </span>
     <span class='ocr_line' id='line_1_30' title="bbox 169 2185 1793 2244; baseline -0.002 -14"><span class='ocrx_word' id='word_1_292' title='bbox 169 2201 272 2230; x_wconf 91' lang='lat' dir='ltr'>uxor</span> <span class='ocrx_word' id='word_1_293' title='bbox 304 2193 440 2230; x_wconf 86' lang='lat' dir='ltr'>autem</span> <span class='ocrx_word' id='word_1_294' title='bbox 477 2190 621 2231; x_wconf 86' lang='lat' dir='ltr'>timeat</span> <span class='ocrx_word' id='word_1_295' title='bbox 655 2190 790 2230; x_wconf 85' lang='lat' dir='ltr'>virum</span> <span class='ocrx_word' id='word_1_296' title='bbox 825 2201 1009 2232; x_wconf 88' lang='lat' dir='ltr'>suum».</span> <span class='ocrx_word' id='word_1_297' title='bbox 1036 2187 1120 2230; x_wconf 88' lang='lat' dir='ltr'>lmo</span> <span class='ocrx_word' id='word_1_298' title='bbox 1153 2186 1289 2244; x_wconf 89' lang='lat' dir='ltr'>quoad</span> <span class='ocrx_word' id='word_1_299' title='bbox 1314 2191 1450 2229; x_wconf 88' lang='lat' dir='ltr'>cetera</span> <span class='ocrx_word' id='word_1_300' title='bbox 1484 2187 1572 2228; x_wconf 93' lang='lat' dir='ltr'>iura</span> <span class='ocrx_word' id='word_1_301' title='bbox 1597 2189 1636 2228; x_wconf 93' lang='lat' dir='ltr'>et</span> <span class='ocrx_word' id='word_1_302' title='bbox 1659 2185 1793 2228; x_wconf 85' lang='lat' dir='ltr'>officia</span> 
     </span>
     <span class='ocr_line' id='line_1_31' title="bbox 169 2256 1792 2315; baseline -0.001 -15"><span class='ocrx_word' id='word_1_303' title='bbox 169 2272 205 2300; x_wconf 91' lang='lat' dir='ltr'>v.</span> <span class='ocrx_word' id='word_1_304' title='bbox 230 2272 291 2315; x_wconf 81' lang='lat' dir='ltr'>gr.</span> <span class='ocrx_word' id='word_1_305' title='bbox 317 2257 517 2302; x_wconf 87' lang='lat' dir='ltr'>bonorum</span> <span class='ocrx_word' id='word_1_306' title='bbox 555 2259 864 2315; x_wconf 72' lang='lat' dir='ltr'>temporalium,</span> <span class='ocrx_word' id='word_1_307' title='bbox 898 2259 1207 2315; x_wconf 80' lang='lat' dir='ltr'>effectuumque</span> <span class='ocrx_word' id='word_1_308' title='bbox 1233 2270 1345 2300; x_wconf 89' lang='lat' dir='ltr'>mere</span> <span class='ocrx_word' id='word_1_309' title='bbox 1368 2256 1572 2310; x_wconf 79' lang='lat' dir='ltr'>civilium,</span> <span class='ocrx_word' id='word_1_310' title='bbox 1595 2258 1792 2312; x_wconf 87' lang='lat' dir='ltr'>coniuges</span> 
     </span>
     <span class='ocr_line' id='line_1_32' title="bbox 167 2325 1791 2385; baseline -0.001 -15"><span class='ocrx_word' id='word_1_311' title='bbox 167 2328 287 2372; x_wconf 90' lang='lat' dir='ltr'>valde</span> <span class='ocrx_word' id='word_1_312' title='bbox 320 2328 506 2385; x_wconf 80' lang='lat' dir='ltr'>dispares</span> <span class='ocrx_word' id='word_1_313' title='bbox 528 2329 758 2373; x_wconf 88' lang='lat' dir='ltr'>secundum</span> <span class='ocrx_word' id='word_1_314' title='bbox 793 2342 937 2372; x_wconf 89' lang='lat' dir='ltr'>omnes</span> <span class='ocrx_word' id='word_1_315' title='bbox 961 2327 1074 2384; x_wconf 85' lang='lat' dir='ltr'>leges</span> <span class='ocrx_word' id='word_1_316' title='bbox 1099 2332 1268 2384; x_wconf 89' lang='lat' dir='ltr'>possunt</span> <span class='ocrx_word' id='word_1_317' title='bbox 1292 2340 1380 2371; x_wconf 91' lang='lat' dir='ltr'>esse</span> <span class='ocrx_word' id='word_1_318' title='bbox 1408 2329 1539 2382; x_wconf 82' lang='lat' dir='ltr'>magis</span> <span class='ocrx_word' id='word_1_319' title='bbox 1568 2325 1628 2369; x_wconf 76' lang='lat' dir='ltr'>vel</span> <span class='ocrx_word' id='word_1_320' title='bbox 1655 2327 1791 2368; x_wconf 90' lang='lat' dir='ltr'>minus</span> 
     </span>
     <span class='ocr_line' id='line_1_33' title="bbox 165 2402 474 2443; baseline -0.003 0"><span class='ocrx_word' id='word_1_321' title='bbox 165 2402 474 2443; x_wconf 85' lang='lat' dir='ltr'>convenienter.</span> 
     </span>
    </p>

    <p class='ocr_par' dir='ltr' id='par_1_5' title="bbox 165 2466 1793 2810">
     <span class='ocr_line' id='line_1_34' title="bbox 284 2466 1788 2526; baseline -0.002 -14"><span class='ocrx_word' id='word_1_322' title='bbox 284 2469 379 2512; x_wconf 66' lang='lat' dir='ltr'>5e0.</span> <span class='ocrx_word' id='word_1_323' title='bbox 407 2472 585 2516; x_wconf 86' lang='lat' dir='ltr'>Uxoris</span> <span class='ocrx_word' id='word_1_324' title='bbox 604 2473 839 2517; x_wconf 80' lang='lat' dir='ltr'>iuridicus</span> <span class='ocrx_word' id='word_1_325' title='bbox 857 2474 1030 2516; x_wconf 85' lang='lat' dir='ltr'>status.</span> <span class='ocrx_word' id='word_1_326' title='bbox 1051 2495 1104 2500; x_wconf 92' lang='grc'>--</span> <span class='ocrx_word' id='word_1_327' title='bbox 1123 2468 1432 2526; x_wconf 84' lang='lat' dir='ltr'>Consequenter</span> <span class='ocrx_word' id='word_1_328' title='bbox 1450 2469 1597 2511; x_wconf 87' lang='lat' dir='ltr'>canoni</span> <span class='ocrx_word' id='word_1_329' title='bbox 1622 2466 1788 2523; x_wconf 58' lang='lat' dir='ltr'>praeci,</span> 
     </span>
     <span class='ocr_line' id='line_1_35' title="bbox 165 2539 1789 2598; baseline -0.001 -16"><span class='ocrx_word' id='word_1_330' title='bbox 165 2553 350 2583; x_wconf 83' lang='lat' dir='ltr'>normam</span> <span class='ocrx_word' id='word_1_331' title='bbox 386 2540 436 2583; x_wconf 90' lang='lat' dir='ltr'>de</span> <span class='ocrx_word' id='word_1_332' title='bbox 472 2543 612 2583; x_wconf 88' lang='lat' dir='ltr'>uxoris</span> <span class='ocrx_word' id='word_1_333' title='bbox 644 2546 750 2584; x_wconf 87' lang='lat' dir='ltr'>statu</span> <span class='ocrx_word' id='word_1_334' title='bbox 795 2554 875 2598; x_wconf 91' lang='lat' dir='ltr'>qua</span> <span class='ocrx_word' id='word_1_335' title='bbox 920 2540 1012 2584; x_wconf 83' lang='lat' dir='ltr'>talis</span> <span class='ocrx_word' id='word_1_336' title='bbox 1054 2539 1292 2597; x_wconf 85' lang='lat' dir='ltr'>generalem</span> <span class='ocrx_word' id='word_1_337' title='bbox 1327 2539 1505 2582; x_wconf 86' lang='lat' dir='ltr'>ostendit</span> <span class='ocrx_word' id='word_1_338' title='bbox 1542 2552 1633 2581; x_wconf 69' lang='lat' dir='ltr'>cem.</span> <span class='ocrx_word' id='word_1_339' title='bbox 1669 2539 1789 2581; x_wconf 74' lang='grc'><strong><em>1112.</em></strong></span> 
     </span>
     <span class='ocr_line' id='line_1_36' title="bbox 165 2609 1793 2669; baseline -0.002 -14"><span class='ocrx_word' id='word_1_340' title='bbox 165 2610 259 2655; x_wconf 70' lang='lat' dir='ltr'>Nisi</span> <span class='ocrx_word' id='word_1_341' title='bbox 292 2611 384 2653; x_wconf 76' lang='lat' dir='ltr'>iure</span> <span class='ocrx_word' id='word_1_342' title='bbox 415 2611 591 2668; x_wconf 73' lang='lat' dir='ltr'>speciali</span> <span class='ocrx_word' id='word_1_343' title='bbox 624 2611 674 2655; x_wconf 90' lang='lat' dir='ltr'>de</span> <span class='ocrx_word' id='word_1_344' title='bbox 707 2612 846 2669; x_wconf 88' lang='lat' dir='ltr'>aliquo</span> <span class='ocrx_word' id='word_1_345' title='bbox 880 2614 1065 2655; x_wconf 91' lang='lat' dir='ltr'>instituto</span> <span class='ocrx_word' id='word_1_346' title='bbox 1108 2613 1308 2655; x_wconf 90' lang='lat' dir='ltr'>canonico</span> <span class='ocrx_word' id='word_1_347' title='bbox 1352 2609 1486 2660; x_wconf 78' lang='lat' dir='ltr'>aliud,</span> <span class='ocrx_word' id='word_1_348' title='bbox 1519 2622 1566 2652; x_wconf 91' lang='lat' dir='ltr'>ac</span> <span class='ocrx_word' id='word_1_349' title='bbox 1599 2610 1793 2652; x_wconf 83' lang='lat' dir='ltr'>statuitur</span> 
     </span>
     <span class='ocr_line' id='line_1_37' title="bbox 166 2677 1790 2737; baseline -0.002 -13"><span class='ocrx_word' id='word_1_350' title='bbox 166 2684 204 2724; x_wconf 93' lang='lat' dir='ltr'>in</span> <span class='ocrx_word' id='word_1_351' title='bbox 239 2684 314 2724; x_wconf 90' lang='lat' dir='ltr'>isto</span> <span class='ocrx_word' id='word_1_352' title='bbox 348 2695 520 2736; x_wconf 75' lang='lat' dir='ltr'>canone,</span> <span class='ocrx_word' id='word_1_353' title='bbox 553 2688 720 2724; x_wconf 76' lang='lat' dir='ltr'>cautum</span> <span class='ocrx_word' id='word_1_354' title='bbox 754 2683 823 2737; x_wconf 70' lang='lat' dir='ltr'>sil,</span> <span class='ocrx_word' id='word_1_355' title='bbox 858 2695 905 2726; x_wconf 88' lang='lat' dir='ltr'>ac</span> <span class='ocrx_word' id='word_1_356' title='bbox 944 2683 1198 2726; x_wconf 85' lang='lat' dir='ltr'>servandum</span> <span class='ocrx_word' id='word_1_357' title='bbox 1244 2684 1357 2725; x_wconf 90' lang='lat' dir='ltr'>iuxta</span> <span class='ocrx_word' id='word_1_358' title='bbox 1403 2695 1487 2737; x_wconf 82' lang='lat' dir='ltr'>reg.</span> <span class='ocrx_word' id='word_1_359' title='bbox 1523 2680 1626 2723; x_wconf 87' lang='lat' dir='ltr'>luris</span> <span class='ocrx_word' id='word_1_360' title='bbox 1659 2681 1698 2722; x_wconf 94' lang='lat' dir='ltr'>in</span> <span class='ocrx_word' id='word_1_361' title='bbox 1733 2677 1790 2722; x_wconf 84' lang='lat'>6⁰.</span> 
     </span>
     <span class='ocr_line' id='line_1_38' title="bbox 171 2748 1790 2810; baseline -0.001 -16"><span class='ocrx_word' id='word_1_362' title='bbox 171 2768 190 2794; x_wconf 70' lang='lat' dir='ltr'>(t</span> <span class='ocrx_word' id='word_1_363' title='bbox 216 2752 283 2795; x_wconf 79' lang='lat'>34.</span> <span class='ocrx_word' id='word_1_364' title='bbox 317 2752 465 2796; x_wconf 90' lang='lat' dir='ltr'>Generi</span> <span class='ocrx_word' id='word_1_365' title='bbox 502 2766 573 2809; x_wconf 88' lang='lat' dir='ltr'>per</span> <span class='ocrx_word' id='word_1_366' title='bbox 605 2756 784 2810; x_wconf 88' lang='lat' dir='ltr'>speciem</span> <span class='ocrx_word' id='word_1_367' title='bbox 821 2754 1108 2810; x_wconf 79' lang='lat' dir='ltr'>derogatur»,</span> <span class='ocrx_word' id='word_1_368' title='bbox 1142 2766 1262 2804; x_wconf 70' lang='lat' dir='ltr'>noeor,</span> <span class='ocrx_word' id='word_1_369' title='bbox 1296 2753 1410 2795; x_wconf 72' lang='lat' dir='ltr'>cirea</span> <span class='ocrx_word' id='word_1_370' title='bbox 1443 2751 1664 2794; x_wconf 70' lang='lat' dir='ltr'>canonicos</span> <span class='ocrx_word' id='word_1_371' title='bbox 1696 2748 1790 2807; x_wconf 82' lang='lat' dir='ltr'>effe-</span> 
     </span>
    </p>
   </div>
   <div class='ocr_carea' id='block_1_4' title="bbox 272 2903 1781 2950">
    <p class='ocr_par' dir='ltr' id='par_1_6' title="bbox 272 2903 1781 2950">
     <span class='ocr_line' id='line_1_39' title="bbox 272 2903 1781 2950; baseline -0.002 -11"><span class='ocrx_word' id='word_1_372' title='bbox 272 2906 283 2927; x_wconf 74' lang='lat'>1</span> <span class='ocrx_word' id='word_1_373' title='bbox 313 2905 329 2939; x_wconf 93' lang='lat' dir='ltr'>I</span> <span class='ocrx_word' id='word_1_374' title='bbox 355 2905 402 2939; x_wconf 82' lang='lat' dir='ltr'>ad</span> <span class='ocrx_word' id='word_1_375' title='bbox 430 2905 608 2940; x_wconf 80' lang='lat' dir='ltr'>Corinth.</span> <span class='ocrx_word' id='word_1_376' title='bbox 636 2906 722 2945; x_wconf 85' lang='lat' dir='ltr'>VII,</span> <span class='ocrx_word' id='word_1_377' title='bbox 751 2906 783 2941; x_wconf 82' lang='lat'>4.</span> <span class='ocrx_word' id='word_1_378' title='bbox 804 2927 844 2931; x_wconf 87' lang='lat'>—</span> <span class='ocrx_word' id='word_1_379' title='bbox 866 2906 879 2928; x_wconf 73' lang='lat'>2</span> <span class='ocrx_word' id='word_1_380' title='bbox 898 2906 955 2940; x_wconf 80' lang='lat' dir='ltr'>Ib.</span> <span class='ocrx_word' id='word_1_381' title='bbox 978 2918 1014 2940; x_wconf 89' lang='lat' dir='ltr'>v.</span> <span class='ocrx_word' id='word_1_382' title='bbox 1035 2906 1071 2948; x_wconf 85' lang='lat'>3,</span> <span class='ocrx_word' id='word_1_383' title='bbox 1099 2906 1133 2941; x_wconf 87' lang='lat'>5.</span> <span class='ocrx_word' id='word_1_384' title='bbox 1166 2927 1198 2932; x_wconf 87' lang='lat'>---</span> <span class='ocrx_word' id='word_1_385' title='bbox 1232 2906 1246 2927; x_wconf 82' lang='grc'><strong>3</strong></span> <span class='ocrx_word' id='word_1_386' title='bbox 1272 2905 1333 2940; x_wconf 84' lang='lat' dir='ltr'>Ad</span> <span class='ocrx_word' id='word_1_387' title='bbox 1360 2903 1459 2950; x_wconf 84' lang='lat' dir='ltr'>Eph.</span> <span class='ocrx_word' id='word_1_388' title='bbox 1490 2904 1536 2948; x_wconf 76' lang='lat' dir='ltr'>V,</span> <span class='ocrx_word' id='word_1_389' title='bbox 1564 2905 1609 2937; x_wconf 75' lang='lat'>22</span> <span class='ocrx_word' id='word_1_390' title='bbox 1635 2906 1676 2937; x_wconf 71' lang='lat' dir='ltr'>et</span> <span class='ocrx_word' id='word_1_391' title='bbox 1701 2913 1781 2947; x_wconf 84' lang='lat' dir='ltr'>seq.</span> 
     </span>
    </p>
   </div>
   <div class='ocr_carea' id='block_1_5' title="bbox 1907 0 1971 1316">
    <p class='ocr_par' dir='ltr' id='par_1_7' title="bbox 1907 0 1971 1316">
     <span class='ocr_line' id='line_1_40' title="bbox 1907 0 1971 1316; baseline 0 0"><span class='ocrx_word' id='word_1_392' title='bbox 1907 0 1971 1316; x_wconf 95' lang='lat' dir='ltr'> </span> 
     </span>
    </p>
   </div>
   <div class='ocr_carea' id='block_1_6' title="bbox 1945 2324 1968 2416">
    <p class='ocr_par' dir='ltr' id='par_1_8' title="bbox 1945 2324 1968 2416">
     <span class='ocr_line' id='line_1_41' title="bbox 1945 2324 1968 2416; textangle 90"><span class='ocrx_word' id='word_1_393' title='bbox 1945 2338 1968 2416; x_wconf 51' lang='lat' dir='ltr'>„aas</span> <span class='ocrx_word' id='word_1_394' title='bbox 1947 2324 1951 2331; x_wconf 81' lang='grc'><strong><em>·</em></strong></span> 
     </span>
    </p>
   </div>
   <div class='ocr_carea' id='block_1_7' title="bbox 1948 2533 1966 2620">
    <p class='ocr_par' dir='ltr' id='par_1_9' title="bbox 1948 2533 1966 2620">
     <span class='ocr_line' id='line_1_42' title="bbox 1948 2533 1966 2620; textangle 90"><span class='ocrx_word' id='word_1_395' title='bbox 1950 2592 1966 2620; x_wconf 49' lang='lat'>32-</span> <span class='ocrx_word' id='word_1_396' title='bbox 1952 2553 1955 2562; x_wconf 40' lang='lat' dir='ltr'>&lt;v</span> <span class='ocrx_word' id='word_1_397' title='bbox 1948 2533 1949 2536; x_wconf 62' lang='lat'><em>„</em></span> 
     </span>
    </p>
   </div>
  </div>
 </body>
</html>
