1971 3261
182 140 277 177 Gan.
302 139 461 175 951-953
758 139 842 173 Trr.
871 139 938 172 VI.
969 160 978 164 -
1007 139 1062 173 De
1093 139 1236 173 Ordine
1740 136 1807 171 361

183 259 501 316 subsequuturis
545 272 595 300 55.
641 256 882 303 canonibus,
920 256 961 312 b)
999 256 1058 298 rel
1092 271 1115 298 a
1151 255 1255 299 Sede
1287 254 1543 312 Apostoliea,
1578 258 1700 299 etiam
1736 256 1809 299 Ro-

184 342 303 373 mana
353 329 473 372 Curia
528 333 567 371 ut
619 327 945 380 intermediaria,
979 328 1027 369 311
1071 339 1256 369 normam
1293 339 1382 369 can.
1417 327 1456 378 7,
1488 340 1565 383 per
1594 326 1814 384 peculiare

182 401 308 444 idest:
331 399 408 443 sibi
432 399 651 455 elargitum
678 397 889 440 indultum
910 403 1159 454 potestatem
1183 397 1234 440 311
1259 397 1472 453 Episcopis
1495 399 1807 441 consecratione

182 470 390 515 obtentam
426 469 633 527 acceperit
668 468 834 525 aliquos
868 467 1038 510 ordines
1070 468 1249 510 scilicet:
1286 472 1510 515 tonsuram,
1547 470 1727 511 minores
1750 482 1812 512 or-

181 542 299 586 dines
330 554 377 585 ac
411 542 532 584 etiam
574 541 708 583 forsan
753 538 1113 585 subdiaconatum,
1149 541 1216 591 qui
1251 552 1395 581 omnes
1433 554 1452 577 «
1475 551 1618 582 sacrae
1653 538 1809 582 literar-

180 612 299 656 chiae
322 614 479 655 ratione
503 611 659 654 ordinis
683 623 730 653 ex
756 608 966 652 Ecclesiae
991 611 1245 652 institutione
1269 609 1482 652 accessere
1507 626 1547 660 ³),
1566 609 1812 668 conserendi

182 686 361 740 proprie,
394 696 442 726 ac
477 681 649 739 proinde
686 680 857 723 validos.
892 678 1071 732 Quinam
1107 681 1185 722 sint
1219 692 1266 721 ex
1304 682 1407 732 iure,
1442 681 1611 723 interius
1646 684 1682 724 in
1718 695 1810 725 can.

180 755 263 797 957
298 759 337 797 et
370 753 452 796 964
487 753 771 809 designantur,
808 755 970 807 praeter
1003 751 1041 794 S.
1078 750 1121 793 R.
1157 749 1201 792 E.
1236 749 1475 792 (131·(1133165
1519 751 1696 807 idipsum
1744 753 1812 795 113·

183 824 324 868 bentes
357 838 405 868 ex
442 823 661 880 privilegio
695 822 770 865 sub
806 821 863 864 n.O
900 821 972 864 2:20
1005 820 1045 878 ξ
1080 825 1119 875 1,
1152 833 1240 863 can.
1279 820 1360 863 ‘239
1402 822 1572 872 eisdem,
1607 828 1810 878 quatenus

181 896 404 952 indigeant,
439 908 649 938 concesso.

300 967 396 1010 ⁶299.
432 967 710 1011 Prohibitio
744 966 1038 1010 universalis
1062 965 1192 1009 circa
1215 977 1353 1008 usum
1379 965 1505 1009 illius
1530 969 1811 1020 potestatis.

182 1064 234 1068 —
268 1037 505 1081 Secundum
541 1036 763 1079 admissam
799 1034 850 1079 ab
884 1033 1077 1077 omnibus
1110 1036 1490 1089 interpretationem
1517 1047 1605 1090 cap.
1637 1035 1683 1077 12
1715 1052 1733 1075 «
1756 1036 1810 1079 Do

180 1106 436 1164 temporibus
469 1107 869 1150 ordinationum...»
908 1108 944 1147 in
980 1103 1266 1147 Decretalibus
1302 1103 1348 1160 (l,
1380 1104 1460 1160 11).
1497 1106 1533 1146 in
1569 1118 1649 1161 quo
1686 1107 1807 1148 ret'ert

182 1178 316 1221 lnnoc.
352 1178 401 1220 111
440 1194 459 1218 ((
486 1177 747 1220 Meminimus
780 1189 800 1219 a
837 1175 954 1219 nobis
978 1177 1103 1218 fuisse
1126 1174 1369 1231 suppliciter
1394 1174 1642 1230 postulatum
1670 1181 1706 1218 ct
1732 1176 1810 1219 clo-

181 1255 340 1293 menter
373 1248 592 1301 indultum,
629 1253 670 1291 ut
702 1250 796 1305 quia
834 1248 1042 1303 praefatus
1075 1246 1121 1289 A.
1159 1245 1368 1289 Ecclesiae
1402 1245 1612 1289 Romanae
1645 1247 1810 1291 subdia-

179 1333 307 1364 conus
340 1324 441 1372 erat,
477 1319 771 1362 mandaremus
804 1320 936 1374 ipsum
985 1331 1055 1373 per
1100 1311 1399 1359 Bononiensem
1437 1315 1683 1373 Episcopum
1721 1332 1813 1373 pro-

182 1394 341 1435 moveri
366 1407 403 1443 )),
441 1389 686 1447 praescribit
718 1403 808 1431 ean.
844 1391 951 1432 953.
985 1387 1155 1433 Nemini
1190 1386 1299 1433 lieet,
1348 1389 1437 1430 sive
1482 1389 1668 1431 minister
1701 1390 1810 1431 ordi-

179 1465 320 1506 narius
351 1464 416 1516 sit,
439 1464 529 1505 sive
552 1461 921 1513 extraordinarius
942 1461 1102 1502 etiamsi
1122 1460 1159 1501 S.
1182 1458 1224 1502 R.
1240 1457 1284 1502 E.
1305 1458 1549 1511 Carilinalis,
1568 1458 1811 1503 ordinatum

179 1548 203 1576 a
240 1532 425 1577 Romano
462 1531 658 1588 pontifice
690 1531 834 1575 saltem
873 1544 944 1586 per
976 1530 1238 1573 collationem
1265 1532 1498 1581 ostiaratus,
1524 1532 1619 1586 quia
1645 1530 1814 1574 subiun-

179 1607 311 1661 gitur:
348 1604 403 1647 6τί
436 1604 631 1647 altiorem
679 1605 758 1646 iam
805 1602 944 1645 habito
989 1600 1179 1644 ordinem
1215 1614 1473 1658 promovere,
1507 1601 1809 1645 ordinationem

179 1676 444 1729 conserendo,
477 1675 568 1717 sine
602 1673 722 1716 Sedis
754 1672 1021 1730 Apostolt'eae
1068 1672 1116 1715 311
1169 1684 1356 1714 normam
1407 1684 1496 1714 633.
1532 1672 1554 1713 7
1590 1672 1813 1728 summale,

178 1759 284 1804 quae
318 1748 566 1802 supponitur
601 1744 740 1801 plures
775 1746 1054 1800 promotiones
1089 1744 1349 1785 successivas
1383 1742 1607 1786 indultura.

297 1818 393 1861 300.
430 1818 831 1864 Consecrationis
863 1816 1163 1872 episcopalis
1196 1815 1487 1860 reservatio.
1528 1840 1579 1844 ——
1625 1815 1735 1858 Sicut
1773 1817 1811 1857 in

180 1891 268 1932 iure
294 1888 558 1944 praecedenti
585 1887 823 1944 regularum
849 1885 1132 1929 (lancellariae
1157 1883 1419 1940 Apostolicae
1444 1884 1568 1927 edicit
1593 1899 1682 1926 ean.
1703 1886 1811 1928 953.

183 1958 451 2002 Ponseeratio
484 1957 751 2016 episcopalia,
786 1960 844 2001 sic
881 1958 1044 2013 proprie
1079 1956 1188 1999 (licta
1225 1959 1393 2011 propter
1421 1954 1656 1999 chrismatis
1692 1970 1808 1999 usum

180 2032 217 2072 in
253 2042 298 2073 ea
334 2030 861 2082 conferenda,reservatur·
885 2028 998 2085 (quia
1032 2040 1152 2070 secus
1184 2029 1294 2070 acin
1320 2038 1478 2069 canone
1514 2026 1812 2082 praescribitur

179 2102 297 2154 t'acta,
335 2100 509 2157 valeret)
546 2099 732 2144 Romano
772 2098 974 2155 Pontifici.
1019 2098 1336 2155 explicaturque
1382 2100 1626 2149 reservatio,
1662 2098 1720 2140 ita
1767 2104 1811 2140 ut

180 2171 288 2215 nulli
311 2171 519 2229 Episcopo
542 2185 613 2215 seu
638 2171 848 2215 ordinario
875 2173 1061 2213 ministro
1085 2168 1271 2212 eiusdem
1300 2167 1460 2211 validae
1485 2171 1810 2211 consecrationis

178 2242 318 2293 liceat,
352 2243 476 2287 idest:
514 2246 639 2299 possit
670 2242 827 2299 absque
851 2246 1048 2297 peccato,
1082 2253 1345 2297 quemquam,
1378 2241 1503 2282 ctiam
1539 2240 1723 2295 legitime
1757 2240 1806 2283 311

180 2313 471 2370 Episcopatum
507 2319 756 2370 promotum,
781 2313 987 2368 expeditis
1021 2312 1166 2353 litteris
1199 2323 1246 2353 ac
1282 2312 1553 2366 praesentatis
1576 2324 1670 2353 cum
1697 2311 1808 2353 11136-

178 2387 284 2428 66515
317 2386 588 2441 possessione,
612 2397 859 2427 consecrare
887 2383 928 2426 in
954 2381 1209 2440 Episcopum
1233 2382 1306 2423 etsi
1333 2382 1510 2436 proprie,
1531 2385 1671 2436 utpote
1699 2394 1810 2435 vere,

179 2455 263 2498 nisi
292 2455 412 2512 prius
447 2469 526 2498 non
565 2455 699 2498 solum
742 2454 909 2498 obtenta
955 2455 1073 2496 t'uerit
1117 2453 1370 2505 commissio,
1402 2450 1472 2494 5611
1508 2457 1665 2494 constet
1698 2457 1811 2495 certo

179 2528 412 2569 testimonio
445 2525 496 2569 de
525 2525 741 2584 pontificio
777 2524 991 2577 mamiato,
1023 2523 1132 2580 quod
1170 2525 1282 2565 iuxta
1310 2521 1546 2565 Pontiticale
1578 2522 1806 2565 Romanum

179 2599 216 2639 in
251 2599 416 2653 scriptis
449 2599 563 2640 initio
597 2599 922 2640 consecrationis
954 2600 1014 2639 est
1048 2593 1348 2637 exhibendum.

298 2668 394 2711 301.
431 2670 659 2725 Episcopi
693 2682 784 2725 pro
818 2671 911 2713 hac
943 2667 1317 2713 consecratione
1349 2666 1632 2710 adhibendi.
1652 2690 1708 2694 ——
1732 2664 1807 2706 Lu-

177 2741 266 2782 cius
301 2738 347 2781 lll
381 2738 564 2795 archiep.
598 2738 804 2783 Turonen.
840 2736 1117 2794 respondebat
1143 2737 1178 2778 ¹:
1219 2750 1237 2775 (ι
1266 2734 1424 2792 Reliqui
1475 2748 1571 2777 vero
1615 2748 1805 2790 compro-

299 2891 428 2936 1Cap.
457 2881 492 2935 23,
526 2892 591 2926 tit.
629 2891 699 2925 XI.
741 2891 798 2925 De
836 2890 1079 2935 temporibus
1116 2889 1411 2924 ordinationum
1450 2894 1525 2922 etc.
1566 2887 1653 2921 Lib.
1695 2887 1724 2920 1.
