1971 3261
13 2352 23 2465 «ψη-

18 2791 41 3080 ἓ

20 3183 25 3237 i

21 3244 28 3256 t

131 110 222 146 Fan.
253 107 458 145 lost-1085
638 109 723 143 ΤιΤ.
752 109 838 144 VII.
864 129 877 135 ·
904 109 960 144 De
993 110 1252 144 sslcitrimonio
1692 109 1760 145 607

131 228 194 272 vel
228 228 472 284 dignitatem
509 226 558 271 ad
594 227 898 270 efformandum
933 240 1179 271 consensum
1217 227 1466 283 ingreditur,
1502 240 1673 284 nempe:
1728 230 1760 270 si

127 299 377 343 contrahens
422 299 732 341 matrimonium
780 297 892 348 velit,
938 297 1048 341 illam
1095 300 1270 354 positive
1313 298 1541 341 excludens
1579 298 1639 341 vel
1685 298 1761 341 sub

127 371 281 414 erroris
313 368 553 412 conditione
587 370 781 425 quamvis
813 371 952 412 animo
979 373 1150 421 retenta,
1185 382 1232 412 ae
1267 373 1362 412 tune
1396 369 1509 412 deest
1535 382 1763 412 consensus

127 440 177 485 ad
214 441 524 483 matrimonium
559 439 783 483 sufficiens.

248 526 347 562 Ratio
374 530 438 567 est,
469 525 550 572 quia
579 526 846 561 matrimonium
876 526 948 562 iure
976 531 1122 562 naturae
1156 538 1196 562 ae
1229 526 1350 561 divino
1381 531 1433 562 est
1461 527 1655 572 praeditum
1692 526 1764 561 suis

126 585 229 622 dictis
256 584 539 632 proprietatibus
569 584 624 619 lus
651 584 735 619 illud
764 596 870 631 supra
897 585 1050 620 llomin's
1078 590 1281 631 potestatem
1309 591 1359 621 est
1386 586 1629 621 constitutum.
1667 584 1764 621 [nde

129 645 162 680 hi
190 648 368 690 nequeunt
393 643 549 689 aliquam
590 643 737 679 istarum
763 643 807 679 ab
836 643 894 679 illo
933 644 1144 690 perficiendo
1170 655 1343 691 separare,
1369 645 1530 690 quamvis
1562 649 1682 679 contra
1711 644 1765 679 ius

128 704 262 751 possint
290 714 359 739 non
387 703 456 738 iam
485 702 563 737 illas
589 703 725 738 auferre
752 703 988 745 matrimonio,
1029 704 1090 739 sed
1120 703 1246 739 violare
1285 704 1378 749 ipsas
1407 709 1478 750 post
1519 703 1603 738 illud
1632 707 1766 739 contra—

127 768 236 799 ctum.
265 761 299 798 Si
328 773 408 807 ergo
435 761 626 797 voluntatis
653 773 845 797 consensus
874 762 1003 797 feratur
1030 762 1271 809 praevalenter
1297 763 1330 798 in
1361 762 1574 797 matrimonii
1603 762 1764 797 substan-

127 822 226 866 tiam,
255 821 424 868 implicite
450 825 609 868 aceeptat
629 821 840 857 contrahens
865 822 1005 857 easdem
1033 822 1271 868 proprietates,
1299 822 1391 867 quod
1418 821 1543 856 sufficit
1578 821 1620 856 ad
1649 831 1764 856 neces-

127 881 259 917 sarium
287 891 497 916 consensum
526 880 835 922 matrimonialem,
861 884 893 915 et
913 880 1112 916 huiusmodi
1141 880 1301 915 voluntas
1327 880 1583 925 quodammodo
1608 878 1769 914 absorbet

127 939 354 975 theoreticam
382 949 558 981 errorem;
597 938 624 973 si
654 949 733 974 vero
771 939 984 974 contrahens
1024 939 1289 974 matrimonium
1318 939 1464 985 positivo
1501 943 1579 974 actu
1607 937 1766 973 excludat

129 998 344 1034 matrimonii
375 999 633 1044 proprietatem,
662 997 785 1043 nequit
811 997 917 1032 simul
945 997 1073 1033 habere
1107 1008 1317 1033 consensum
1347 997 1444 1032 illum
1474 997 1507 1032 in
1538 995 1766 1032 matrimonii.

130 1062 229 1105 prout
275 1058 308 1093 id
357 1068 451 1092 nunc
498 1057 573 1092 iure
626 1058 729 1102 viget,
781 1056 1028 1098 substantiam,
1085 1057 1305 1103 praevalente
1355 1061 1459 1102 atque
1515 1057 1659 1093 vitiante
1710 1057 1769 1094 illo

127 1128 241 1153 errore
279 1127 490 1152 consensum
529 1116 734 1151 voluntatis.
778 1115 826 1151 lta
865 1115 1015 1162 explicat
1052 1127 1125 1151 rem
1164 1115 1242 1151 aliis
1270 1115 1384 1151 verbis
1412 1115 1539 1151 Bened.
1578 1115 1652 1151 xit·
1684 1131 1697 1149 (ι
1722 1116 1767 1153 De

129 1175 271 1224 Synodo
297 1176 535 1211 dioecesana»
566 1176 590 1216 1,
621 1179 653 1210 et
681 1174 788 1210 videri
820 1179 966 1221 possunt
991 1175 1033 1210 ad
1062 1186 1134 1209 rem
1162 1175 1357 1210 sententiae
1393 1174 1427 1209 S.
1456 1174 1554 1210 Rom.
1587 1174 1701 1212 Rotae.
1732 1176 1766 1211 in

129 1234 541 1279 Monacen.·Friburgen.
572 1245 689 1269 coram
716 1234 799 1270 Mori
828 1235 842 1256 2
879 1238 912 1270 et
939 1234 976 1268 in
1003 1234 1074 1269 alia
1099 1233 1372 1270 Neo-Eboracen.
1402 1245 1518 1269 coram
1547 1233 1635 1279 Lega
1661 1236 1688 1276 3,
1727 1246 1767 1270 ae

128 1294 284 1331 eiusdem
322 1294 502 1329 doetrinae
529 1293 656 1329 veritas
695 1293 989 1340 praesupponitur
1027 1293 1063 1328 in
1102 1304 1178 1339 cap.
1221 1292 1424 1329 Gaudemus
1465 1293 1545 1328 «de
1570 1293 1764 1329 divortiis»

127 1352 199 1397 (W,
230 1351 299 1397 19),
329 1356 362 1388 et
389 1352 503 1398 quoad
530 1351 722 1387 haereticos
750 1362 820 1387 non
848 1352 1028 1387 credentes
1056 1352 1117 1387 hoe
1145 1355 1417 1393 sacramentum,
1445 1351 1493 1386 sic
1520 1352 1568 1387 ait
1597 1351 1634 1386 D.
1657 1351 1765 1387 'su-1:
1803 1342 1806 1345 Δ

132 1426 146 1444 α
166 1411 376 1452 dicendum,
405 1411 496 1457 qnod
524 1421 620 1446 error
646 1411 724 1446 fidei
753 1411 795 1446 de
822 1410 1047 1446 matrimonio
1073 1415 1126 1446 est
1152 1411 1244 1446 circa
1277 1421 1329 1446 ea.
1359 1421 1448 1456 quae
1474 1415 1557 1445 sunt
1592 1411 1772 1447 matrimo-

129 1472 227 1506 nium
253 1469 507 1516 consequentia
534 1469 686 1514 (tametsi
717 1469 984 1516 proprietates);
1012 1469 1102 1505 sicut
1126 1480 1172 1504 an
1200 1469 1244 1504 sit
1272 1474 1545 1509 sacramentum,
1576 1469 1625 1505 vel
1653 1480 1697 1505 an
1726 1469 1771 1504 sit

129 1529 277 1565 licitum.
307 1529 346 1564 Et
374 1529 449 1564 ideo
476 1528 556 1564 talis
581 1539 677 1564 error
703 1528 966 1564 matrimonium
993 1539 1064 1563 non
1091 1528 1238 1574 impedit
1270 1528 1473 1574 gquominus
1502 1527 1574 1569 fiat,
1596 1539 1654 1564 seu
1682 1528 1771 1564 sicut

128 1589 279 1625 dicimus
307 1599 375 1624 non
403 1588 567 1632 dirimit),
597 1588 686 1623 sieut
726 1598 789 1624 nee
826 1598 922 1624 error
960 1587 1051 1623 eirea
1090 1587 1305 1633 baptismum
1345 1587 1491 1634 impedit
1530 1587 1770 1634 acceptionem

127 1648 350 1689 characteris,
389 1647 579 1683 dummodo
617 1647 780 1683 intendat
821 1647 974 1693 recipere
1016 1646 1107 1693 quod
1153 1646 1303 1682 Ecclesia
1347 1647 1419 1687 dat,
1455 1647 1617 1692 quamvis
1655 1647 1772 1682 credat

129 1708 220 1744 nihil
246 1719 322 1744 esse
340 1721 370 1742 ».

251 1786 537 1842 Praesumptio
571 1790 709 1828 tamen
735 1789 794 1828 est
820 1790 989 1841 propter
1023 1786 1274 1828 matrimonii
1302 1785 1486 1827 favorem
1522 1784 1647 1827 semel
1673 1797 1770 1827 con-

130 1858 265 1911 tracti,
297 1856 407 1914 quod
443 1869 561 1899 error
593 1855 644 1899 de
681 1857 933 1899 matrimonii
980 1857 1233 1912 proprietate
1277 1855 1451 1912 simplex
1500 1857 1697 1897 manserit
1731 1857 1769 1897 in

131 1927 199 1971 tali
233 1931 449 1971 contractu
484 1926 679 1981 ineundo,
705 1927 781 1969 nisi
806 1928 1064 1970 eontrarium
1090 1927 1211 1969 suerit
1244 1926 1499 1969 sufficienter
1526 1924 1770 1981 probatum3

130 2012 178 2043 eo
204 2001 336 2055 magis
357 1998 469 2056 quod
497 1999 674 2054 positiva
711 1999 976 2054 proprietatis
1000 1997 1050 2041 (le
1073 2009 1153 2054 qua
1188 2002 1352 2040 erratur
1384 1997 1570 2040 exclusio
1605 1999 1642 2039 in
1677 2002 1769 2040 actu

129 2068 414 2113 consentiendi
448 2070 500 2112 sit
535 2067 714 2125 qualitas
745 2073 863 2112 aetus
897 2079 1038 2124 prava,
1072 2080 1180 2125 quae
1215 2072 1355 2123 utpote
1381 2069 1555 2123 positiva
1591 2072 1629 2110 et
1663 2066 1771 2110 mala

131 2144 191 2184 est
225 2139 453 2197 probanda.

250 2210 349 2254 484.
385 2212 534 2256 Error
565 2212 627 2255 de
665 2211 934 2266 singularis
966 2211 1098 2266 quod
1132 2211 1440 2255 contrahitur
1472 2210 1770 2254 matrimonii

130 2283 389 2328 validitate
420 2280 711 2324 consideratur
745 2282 783 2323 in
819 2294 910 2322 can.
947 2282 1080 2323 1085.
1117 2279 1319 2332 Saevitia,
1352 2280 1519 2338 quando
1564 2280 1771 2323 certitudo

133 2366 206 2410 per
235 2352 432 2396 accidens
465 2351 565 2395 falsa
600 2351 788 2406 liabetur,
824 2356 898 2393 acet
942 2350 1085 2408 opinio
1121 2355 1289 2407 propter
1335 2353 1514 2394 rationes
1548 2350 1670 2394 salsas
1703 2355 1773 2393 aut

134 2436 267 2479 veraS,
301 2435 408 2481 quae
456 2435 610 2479 graves
646 2422 882 2477 videantur,
921 2426 1102 2465 attamen
1155 2423 1193 2464 in
1243 2421 1463 2465 falsitatem
1515 2421 1770 2475 inducentes,

132 2493 348 2538 nullitalis
381 2492 659 2544 matrimonii,
692 2492 793 2536 (lum
837 2492 933 2536 huie
979 2492 1264 2536 contrahendo
1309 2506 1384 2536 nee
1418 2492 1763 2548 impedimentum

133 2565 334 2609 dirimens
367 2564 516 2619 obstat,
550 2577 626 2608 nec
649 2564 749 2621 quid
784 2563 894 2607 aliud
920 2576 1096 2608 causans
1131 2563 1378 2618 nullitatem,
1413 2577 1655 2606 comensem
1693 2577 1773 2605 ma-

136 2634 436 2687 trimanialem,
468 2648 539 2679 seu
575 2639 714 2679 aetum
753 2634 978 2679 voluntatis
1010 2635 1062 2678 de
1095 2647 1177 2692 quo
1217 2637 1255 2677 in
1291 2648 1380 2678 can.
1422 2634 1527 2678 1081
1566 2634 1593 2692 ξ
1628 2634 1666 2682 ’2,
1702 2647 1774 2689 per

134 2720 178 2751 se
210 2706 296 2750 sola
329 2706 580 2764 quandoque
613 2707 776 2750 auferre
810 2708 974 2763 poterit,
997 2708 1030 2749 si
1055 2718 1199 2749 errans
1231 2705 1553 2750 concubinatum
1591 2705 1772 2747 intendat

257 2813 268 2835 1
295 2811 382 2846 Lib.
409 2812 523 2852 XIII,
553 2812 645 2856 Cap.
674 2812 802 2848 XXII.
829 2832 872 2837 -—
899 2812 914 2834 ²
938 2813 983 2846 24
1009 2812 1086 2846 Iul.
1116 2812 1221 2853 1909,
1251 2811 1326 2846 CO.
1349 2812 1380 2846 Ι.
1409 2811 1490 2845 664.
1521 2831 1564 2836 -
1591 2812 1604 2832 3
1631 2811 1651 2841 ,si
1678 2811 1769 2844 Dec.

139 2861 242 2904 1911,
272 2859 349 2894 CO.
379 2859 448 2900 IV,
480 2860 546 2893 152
573 2860 592 2905 ἓ
619 2858 702 2893 Iam
729 2870 813 2905 age.
839 2879 882 2884 —
909 2860 923 2881 ⁴
950 2859 1085 2904 Suppl.
1113 2871 1148 2904 q.
1178 2859 1230 2893 LI
1256 2871 1278 2893 a
1303 2860 1324 2892 2
1351 2858 1397 2893 ad
1424 2860 1486 2892 ΞΠ).
