1971 3261
92 144 186 180 Can·
214 145 413 181 1072-1073
604 145 689 179 ΤιΤ.
717 145 805 180 VII.
836 166 846 171 -
873 146 930 181 De
957 148 1217 182 Matrimonio
1655 150 1721 184 581

91 265 225 301 iustitia
251 275 322 300 non
350 264 555 306 laederetur,
585 275 648 300 nec
676 264 728 300 lex
755 265 873 300 divina
903 270 1012 312 potest
1038 266 1151 302 afferri
1180 266 1350 302 dirimens
1375 268 1653 303 contrahendum
1680 268 1724 304 ab

90 324 252 360 ordinato
278 323 313 358 in
341 323 449 358 sacris
465 323 759 369 matrimonium).
780 323 866 369 Ergo
880 325 972 370 quod
986 325 1069 360 ordo
1095 336 1191 361 sacer
1207 325 1342 361 irritum
1359 327 1479 362 reddat
1505 331 1722 362 contractum

91 388 208 431 postea
238 397 252 416 «
275 383 553 426 matrimonium,
582 393 620 418 ex
648 383 897 419 constitutione
925 384 1095 420 Ecclesiae
1125 385 1238 426 habet,
1278 390 1394 421 tamen
1422 386 1523 421 aliter
1549 387 1640 432 apud
1662 386 1722 422 La-

90 442 182 478 tinos
207 453 312 488 quam
346 441 438 488 apud
467 440 637 482 Graecos;
682 442 765 488 quia
790 443 882 488 apud
910 442 1061 479 Graecos
1086 444 1199 479 obstat
1235 445 1459 480 matrimonio
1485 446 1725 481 contrahendo

90 502 201 538 solum
229 511 268 538 ex
297 501 328 536 vi
355 500 510 539 ordinis:
540 501 597 536 sed
625 501 716 547 apud
747 501 889 537 Latinos
915 502 1029 537 obstat
1055 514 1094 538 ex
1123 503 1152 537 vi
1181 503 1326 546 ordinis,
1352 509 1385 539 et
1412 504 1555 539 ulterius
1582 515 1620 539 ex
1649 509 1725 539 voto

90 560 340 601 continentiae,
366 559 458 606 quod
485 565 535 595 est
561 560 745 595 ordinibus
770 561 879 596 sacris
905 562 1101 598 adnexum:
1130 563 1220 608 qnod
1256 563 1391 598 etiamsi
1412 564 1490 609 quis
1507 564 1725 599 verbotenus

90 632 160 657 non
187 621 336 661 emittat,
361 630 401 655 ex
429 620 492 654 hoc
520 619 594 665 ipso
621 625 736 656 tamen
765 620 855 665 quod
885 621 1043 656 ordinem
1075 622 1233 667 suscipit,
1270 622 1461 657 secundum
1490 623 1595 658 ritum
1623 621 1723 659 Occi-

89 680 240 716 dentalis
267 678 450 720 Ecclesiae,
477 678 686 723 intelligitur
710 679 880 715 emisisse.
908 679 947 714 Et
973 680 1051 715 ideo
1076 681 1167 727 apud
1200 680 1352 716 Graecos
1370 686 1403 716 et
1420 682 1507 716 alios
1525 681 1723 717 (lrientales

90 751 186 776 sacer
211 738 294 775 ordo
323 738 545 773 matrimonio
571 738 810 774 contrahendo
835 738 962 779 obstat,
992 750 1060 774 non
1090 744 1207 775 tamen
1231 740 1375 786 impedit
1395 741 1608 776 matrimonii
1627 741 1722 787 prius

90 798 257 835 contracti
286 809 407 839 usum;
436 802 579 843 possunt
618 797 713 832 enim
754 798 978 833 matrimonio
1020 798 1113 844 prius
1152 803 1330 834 contracto
1368 799 1427 839 uti,
1463 800 1624 845 quamvis
1652 810 1721 835 non

92 858 225 905 possint
252 856 515 892 matrimonium
543 856 658 892 denuo
672 856 889 892 contrahere.
911 856 977 892 Sed
996 857 1087 903 apud
1109 856 1372 893 Occidentalem
1402 858 1589 894 Ecclesiam
1609 859 1723 894 obstat

91 917 330 959 matrimonio,
358 921 391 952 et
417 915 632 951 matrimonii
661 927 762 951 usum
791 916 955 961 impedit;
982 916 1049 950 nisi
1073 916 1157 952 forte
1178 917 1361 961 ignorante
1378 922 1437 952 aut
1463 918 1723 953 contradicente

89 989 195 1014 uxore
220 977 273 1012 vir
298 977 457 1012 ordinem
486 986 623 1011 sacrum
652 975 853 1021 susceperit,
882 975 965 1021 quia
990 986 1028 1011 ex
1058 976 1119 1010 hoc
1148 987 1216 1011 non
1247 981 1356 1022 potest
1381 976 1519 1022 aliquod
1540 977 1569 1012 ei
1592 977 1722 1023 praeiu-

88 1038 219 1074 dicium
245 1036 403 1082 generari
426 1050 456 1070 ».

208 1095 336 1140 Quaeri
366 1099 487 1142 potest,
514 1099 631 1130 utrum
660 1095 694 1129 in
723 1093 885 1129 Ecclesiis
919 1093 1149 1129 orientalibus
1184 1094 1424 1129 ordinatorum
1453 1094 1487 1129 in
1517 1096 1624 1130 sacris
1651 1106 1723 1130 ma-

91 1155 309 1196 trimonium,
339 1154 366 1189 si
395 1153 631 1194 contrahatur,
659 1153 702 1187 sit
729 1163 866 1199 quoque
894 1153 1060 1187 irritum?
1090 1173 1130 1178 —
1161 1152 1226 1187 Pro
1254 1153 1500 1189 ltalo-Graecis
1526 1158 1657 1188 certum
1673 1158 1723 1189 est

91 1213 355 1250 matrimonium
382 1224 456 1248 esse
483 1212 633 1253 nullum,
660 1222 741 1247 nam
771 1210 896 1247 Bened⁴
917 1210 990 1246 xlv
1013 1216 1127 1246 const.
1161 1226 1173 1242 «
1194 1211 1261 1246 Etsi
1283 1211 1496 1257 pastoralis»
1521 1214 1530 1234 ¹
1558 1212 1624 1246 ait:
1653 1211 1723 1247 Hu-

90 1273 240 1309 iusmodi
278 1272 461 1308 ordinatus
487 1271 522 1306 in
550 1271 658 1306 sacris
700 1285 715 1303 «
731 1270 962 1316 deponendus
988 1275 1022 1305 et
1047 1270 1091 1305 ab
1120 1270 1304 1315 illegitima
1343 1282 1447 1306 uxore
1486 1271 1723 1317 separandus;

91 1332 355 1368 matrimonium
383 1331 477 1366 enim
506 1335 581 1376 post
607 1330 796 1366 recensitos
821 1329 962 1365 ordines
997 1334 1214 1365 contractum
1256 1329 1394 1365 nullum
1434 1330 1641 1376 irritumque
1666 1330 1723 1366 de-

88 1391 313 1426 claramus».
342 1388 426 1424 ltem
456 1399 516 1434 pro
542 1387 725 1423 Maronitis
750 1398 788 1422 ex
817 1385 959 1434 Synodo
985 1398 1104 1422 eorum
1131 1398 1150 1421 a
1181 1387 1216 1421 S.
1246 1386 1333 1422 Sede
1362 1387 1395 1421 in
1426 1387 1535 1422 forma
1561 1387 1723 1433 specifica

90 1450 246 1496 probata.
277 1449 360 1484 ltem
388 1459 450 1495 pro
476 1447 647 1483 Ruthenis
673 1448 786 1493 quoad
819 1446 1037 1493 presbyteros
1063 1457 1102 1482 ex
1131 1444 1274 1492 Synodo
1301 1445 1521 1482 Samoscensi
1551 1447 1679 1492 pariter
1704 1458 1724 1482 a

89 1509 177 1547 Sede
203 1508 402 1556 Apostolica
430 1507 584 1554 probata.
615 1506 706 1542 ldem
735 1517 796 1553 pro
835 1505 1003 1541 Rumenis
1040 1506 1162 1541 ordine
1202 1507 1330 1541 maiore
1370 1506 1535 1552 praeditis
1568 1506 1724 1541 decernit

89 1569 253 1617 Synodus
280 1567 505 1614 provincialis
531 1577 590 1601 an.
624 1563 724 1600 1883.
755 1565 819 1601 Pro
843 1565 922 1601 aliis
949 1576 1028 1601 vero
1054 1565 1220 1601 omnibus
1247 1565 1493 1607 GraecIS‚licet
1510 1565 1724 1611 probabilius

88 1630 133 1665 sit
159 1627 386 1664 matrimonia
421 1637 497 1662 esse
535 1625 646 1666 irrita,
687 1625 829 1660 tandem
868 1624 1025 1671 quaestio
1064 1625 1221 1660 nondum
1249 1625 1386 1661 decreto
1418 1624 1615 1671 Apostolico
1641 1624 1722 1659 defi-

87 1689 163 1725 nita
189 1688 266 1724 fuit.

208 1772 306 1815 470.
329 1772 736 1828 Impedimentum
756 1771 857 1815 voti
876 1771 1128 1815 dirimens.
1157 1795 1209 1799 —
1234 1768 1357 1812 Cone.
1381 1767 1493 1812 Trid.
1520 1770 1558 1812 in
1582 1781 1673 1812 can.
1698 1770 1721 1812 9

88 1858 190 1889 sess.
224 1841 355 1886 xxiv
388 1842 439 1885 de
472 1845 734 1884 sacramento
769 1842 1021 1883 matrimonii
1057 1839 1273 1883 delinivit:
1313 1855 1332 1880 (c
1356 1839 1396 1883 Si
1431 1842 1524 1896 quis
1556 1839 1724 1894 dixerit,

89 1914 264 1960 clericos
298 1916 336 1956 in
370 1914 501 1956 sacris
532 1909 763 1957 Ordinibus
795 1913 1057 1966 constitutos,
1110 1910 1173 1953 vel
1219 1910 1446 1967 regulares,
1490 1912 1720 1954 castitatem

89 1985 332 2030 solemniter
366 1984 582 2040 professos,
619 1995 736 2039 posse
761 1983 1071 2024 matrimonium
1092 1980 1352 2035 contrahere,
1377 1985 1724 2039 contractumque

91 2056 276 2100 validum
311 2068 414 2109 esse,
439 2067 518 2097 non
543 2053 731 2097 obstante
755 2051 846 2109 lege
882 2051 1163 2096 ecclesiastica
1191 2051 1254 2095 vel
1282 2055 1399 2105 voto,
1425 2055 1465 2094 et
1487 2053 1720 2108 oppositum

89 2127 191 2172 nihil
224 2126 335 2170 aliud
371 2139 475 2180 esse,
508 2137 632 2182 quam
667 2124 866 2167 damnare
892 2125 1216 2177 matrimonium,
1243 2135 1445 2180 posseque
1463 2135 1608 2166 omnes
1631 2136 1723 2166 con-

91 2199 256 2243 trahere
291 2198 616 2251 matrimonium,
651 2197 719 2252 qui
754 2208 832 2238 non
868 2196 1052 2238 sentiunt
1083 2207 1126 2237 se
1159 2195 1372 2248 castitatis,
1406 2196 1531 2237 etiam
1564 2196 1596 2237 si
1631 2206 1721 2237 eam

94 2272 299 2322 voverint,
332 2268 487 2312 habere
520 2268 690 2313 donum,
725 2265 944 2310 anathema
978 2267 1052 2308 sit:
1090 2278 1183 2308 cum
1221 2264 1330 2308 Deus
1363 2265 1401 2308 id
1437 2270 1548 2308 recte
1582 2270 1722 2322 peten-

90 2340 201 2385 tibus
232 2353 311 2384 non
346 2340 537 2395 deneget,
572 2351 648 2381 nec
684 2339 862 2393 patiatur
895 2350 969 2379 nos
1001 2349 1124 2393 supra
1161 2337 1214 2391 id,
1248 2336 1358 2394 quod
1385 2349 1615 2393 possumus,
1640 2340 1722 2378 ten-

92 2419 168 2461 1311
189 2433 230 2462 )).

208 2487 360 2544 Legem
395 2487 721 2531 ecclesiasticam
769 2485 904 2543 quoad
953 2484 1128 2528 clericos
1162 2486 1199 2527 in
1235 2486 1364 2528 sacris
1411 2482 1601 2527 exhibuit
1634 2495 1724 2526 can.

93 2571 254 2615 praec.;
303 2558 355 2601 de
403 2557 466 2600 his
513 2561 653 2600 autem
694 2558 764 2613 qui
814 2557 1045 2599 castitatem
1095 2554 1352 2598 sollemniter
1401 2555 1575 2610 professi
1616 2558 1725 2607 sunt,

90 2635 129 2673 et
163 2631 203 2672 in
238 2628 315 2672 hac
349 2641 392 2672 re
425 2641 505 2672 non
540 2628 678 2671 differt
710 2626 895 2670 Ecclesia
932 2626 1070 2669 Latina
1106 2625 1158 2669 ab
1192 2622 1411 2679 Orientali,
1448 2629 1509 2668 est
1545 2638 1617 2680 pro
1658 2623 1722 2665 illa

90 2712 314 2757 expressus
346 2713 437 2742 can.
470 2700 603 2742 1073.
638 2697 756 2752 Item,
790 2700 1092 2742 connexionem
1128 2710 1221 2740 cum
1259 2695 1522 2753 praecedenti
1558 2694 1610 2738 ob
1631 2693 1724 2737 reli-

90 2773 225 2829 gionis
259 2772 461 2813 motivum
496 2772 684 2825 innuens,
720 2767 907 2812 invalide
937 2767 1271 2822 'mammonium,
1305 2767 1433 2810 idest:
1467 2765 1589 2809 huius
1626 2778 1722 2808 con·

211 2913 221 2934 ¹
248 2911 293 2946 26
319 2911 415 2946 Maii
442 2911 544 2946 1742.
