1971 3261
695 129 782 162 Trr.
809 127 838 162 Ι.
866 148 878 152 -
906 127 962 162 De
990 128 1197 172 Baptismo
1718 129 1761 160 21

133 251 329 294 dinanum·
363 263 435 306 per
467 249 675 301 accidens,
708 248 867 292 scilicet
899 247 949 290 ad
988 247 1287 290 removendum
1323 246 1530 294 accidens,
1567 249 1760 289 nocivum

132 322 445 377 superveniens,
479 319 710 363 cuiusmodi
760 323 855 362 sunt
905 319 1154 374 poenitentia
1197 322 1234 360 et
1269 321 1454 360 extrema
1491 319 1648 369 unctio;
1701 331 1764 372 po-

131 394 280 435 sterior
313 396 449 434 tamen
483 395 542 434 est
577 390 819 433 naturaliter
852 394 1039 432 extrema
1075 390 1226 435 unctio,
1263 400 1370 445 quae
1410 393 1670 431 consummat
1706 400 1765 431 sa-

133 464 356 514 nationem,
382 463 646 518 poenitentia,
669 473 775 518 quae
810 459 986 503 inchoat.
1014 458 1122 502 lnter
1146 459 1225 502 alia
1254 472 1352 502 vero
1386 461 1462 502 tria
1499 460 1763 502 manifestum

131 539 189 577 est
223 533 332 590 quod
370 533 611 589 baptismus,
645 534 713 589 qui
762 536 822 574 est
870 530 1097 587 spiritualis
1148 532 1424 586 regeneratio,
1457 535 1517 572 ost
1563 532 1688 586 prius.
1725 534 1763 572 et

132 603 281 647 deinde
314 604 589 656 contii-matio,
622 614 727 659 quae
761 601 977 644 ordinatur
1010 600 1059 643 ad
1095 599 1309 643 formalem
1348 602 1643 656 perlectionem
1684 602 1765 642 vir-

134 676 252 722 tutis;
297 673 559 730 postmodum
603 672 878 726 Eucharistia,
912 683 1019 729 quae
1053 671 1269 714 ordinatur
1302 671 1351 714 ad
1390 673 1685 727 perlectionem
1724 672 1764 713 ti-

133 747 255 790 nis».
292 744 337 788 Et
370 746 429 788 sic
462 745 707 787 ordinantur
749 747 904 799 septem
952 742 1055 785 tituli
1098 741 1204 785 Libri
1252 744 1359 785 tertii
1406 744 1576 798 priores.
1612 741 1763 798 singuli

133 829 205 872 pro
237 815 412 872 singulis
443 816 728 859 sacramentis.
762 813 809 857 Et
844 816 938 870 quia
979 829 997 853 «
1025 816 1061 856 in
1087 813 1268 870 aliquam
1294 817 1652 857 sacramentorum
1679 814 1765 854 imi-

132 889 392 940 tationem»,
424 891 548 943 atque
592 887 630 928 iu
675 898 818 928 eorum
857 884 1216 927 administratione
1256 883 1486 927 «Ecclesia
1520 886 1577 927 uti
1611 884 1758 926 solet»

133 957 240 1014 (can.
279 957 412 1014 1144)
444 955 836 1007 Sacramentalilms,
871 956 922 999 tle
957 955 1018 997 his
1053 960 1199 998 tractat
1235 954 1395 998 Titulus
1428 953 1525 998 Vlll.

799 1128 1033 1166 TITULUS
1067 1129 1094 1165 I.

772 1216 838 1258 De
881 1216 1122 1269 baptismo.

178 1336 263 1371 Cw.
293 1334 373 1369 737.
406 1355 422 1360 -
451 1339 470 1377 ξ
502 1335 528 1369 l.
558 1334 768 1379 Baptismus,
789 1332 907 1369 Sacra·
1029 1338 1048 1376 ξ
1077 1333 1108 1367 2.
1131 1334 1218 1369 Cum
1249 1335 1472 1370 ministratur
1491 1335 1637 1370 servatis
1656 1335 1767 1369 omui-

131 1388 328 1418 mentorum
372 1382 478 1417 ianua
528 1392 566 1417 ac
623 1382 907 1423 fundamentum,
983 1381 1046 1416 bus
1073 1381 1197 1416 ritibus
1224 1387 1256 1416 et
1285 1382 1514 1418 caeremoniis
1540 1394 1628 1429 quae
1657 1383 1690 1416 in
1720 1383 1764 1416 ri-

129 1430 294 1466 omnibus
312 1432 348 1464 in
369 1440 404 1464 re
424 1429 474 1464 vel
494 1429 616 1464 saltem
639 1428 673 1462 in
695 1433 770 1464 voto
791 1439 906 1464 neres-
982 1429 1135 1464 tualibus
1156 1429 1255 1464 libris
1276 1430 1549 1476 praecipiuntur,
1567 1430 1766 1476 appellatur

131 1478 243 1513 sarius
260 1477 304 1512 ad
323 1477 485 1517 salutem,
503 1476 616 1511 valide
633 1487 701 1511 non
718 1477 908 1517 confertur,
984 1476 1178 1513 sollemnis:
1208 1488 1320 1513 secus,
1343 1489 1403 1512 non
1424 1477 1596 1513 sollemnis
1623 1488 1682 1512 seu
1698 1477 1767 1523 pri-

131 1525 197 1560 nisi
215 1536 277 1571 per
290 1524 507 1559 ablutionem
521 1534 634 1569 aquae
649 1535 748 1559 verae
762 1529 795 1559 et
811 1529 910 1559 natu·
988 1531 1095 1559 ratus.

130 1572 211 1607 ralis
238 1584 317 1607 cum
347 1571 559 1618 praescripta
585 1571 767 1607 verborum
789 1572 910 1607 forma.

254 1668 316 1711 l'i.
343 1670 599 1724 Inscriptio
621 1669 746 1713 tituli
772 1670 785 1711 1
811 1674 871 1711 est
899 1667 955 1711 De
978 1667 1199 1725 baptismo.
1220 1668 1329 1725 quod
1355 1671 1390 1710 ri
1414 1671 1591 1711 nominis
1610 1674 1668 1725 et}
1685 1682 1766 1711 mo-

129 1743 219 1797 gica
244 1741 423 1782 sumitur
448 1752 519 1795 pro
543 1737 754 1782 ablutione
779 1744 815 1782 et
843 1741 1008 1795 proprie
1041 1739 1230 1794 designat
1266 1739 1501 1782 huiusmodi
1526 1752 1763 1782 sacramen-

131 1817 230 1866 tum,
256 1810 365 1868 quod
391 1823 412 1854 a
438 1809 640 1866 theologis
668 1810 901 1866 appellatur
938 1826 957 1851 «
984 1811 1166 1853 tluminis
1191 1827 1209 1851 »
1248 1811 1486 1854 ‹listinctum
1513 1823 1533 1852 a
1561 1810 1764 1867 baptismo

131 1888 215 1927 tum
240 1899 262 1923 «
281 1882 459 1925 flaminis
477 1897 497 1923 ))
522 1887 608 1924 tum
632 1898 650 1921 «
671 1884 885 1938 sauguinis
903 1898 943 1936 n,
962 1895 1068 1939 quae
1089 1896 1237 1925 nomen
1261 1881 1517 1938 baptismatis
1535 1885 1765 1925 sortiuntur

129 1966 210 2012 qua
243 1953 558 1996 similitudinem
594 1952 784 1996 habentia
820 1967 914 1996 (rum
950 1959 1211 1996 sacramento
1236 1954 1371 2011 quoad
1403 1954 1594 1997 effectum
1622 1953 1764 1996 salutis

129 2024 354 2082 spiritualis
387 2036 434 2068 ac
468 2030 674 2076 aeternae,
711 2037 803 2067 nam
844 2024 970 2067 verbo
1009 2041 1027 2063 «
1054 2025 1233 2067 tlaminis
1256 2041 1277 2065 »
1316 2030 1432 2068 actus
1460 2038 1582 2068 verae
1617 2038 1662 2068 ac
1697 2038 1763 2067 su-

131 2095 406 2152 pernaturalis
438 2098 622 2139 caritatis
654 2095 911 2152 designatur,
945 2109 1051 2153 quae
1085 2098 1217 2152 operit
1260 2096 1565 2139 multitudinem
1620 2109 1762 2152 pecca—

129 2172 278 2220 torum,
312 2172 352 2211 et
399 2170 566 2210 nomine
605 2183 623 2207 «
649 2169 862 2224 sanguinis
887 2184 906 2208 >)
946 2168 1166 2211 decoratur
1218 2170 1461 2224 martyrium
1518 2181 1660 2210 verum
1714 2168 1763 2210 ‹le

128 2253 209 2297 quo
245 2239 354 2282 lesus
386 2238 574 2283 Christus
622 2242 700 2282 ait:
741 2255 760 2279 ‹(
787 2242 983 2282 maiorem
1029 2239 1102 2281 hac
1148 2239 1413 2282 dilectionem
1459 2252 1581 2282 nemo
1627 2238 1761 2282 habet.

130 2315 172 2353 ut
204 2312 384 2353 animam
419 2323 537 2354 suam
576 2315 696 2365 ponat
731 2312 824 2368 quis
860 2324 930 2366 pro
965 2312 1110 2353 amicis
1143 2312 1267 2353 suis»
1293 2310 1320 2353 ¹.
1358 2310 1426 2353 llle
1459 2314 1594 2353 autem
1635 2309 1762 2365 bapti-

127 2394 241 2424 smus
273 2381 519 2437 simpliciter
561 2381 696 2424 dictus
744 2383 943 2437 imprimit
989 2380 1273 2424 characterem
1309 2387 1345 2424 et
1383 2380 1629 2437 baptizatum
1667 2394 1761 2423 run-

127 2454 258 2495 stituit
303 2452 517 2496 subditum
566 2452 886 2509 membrumque
923 2451 1130 2495 Ecclesiae
1181 2452 1356 2497 visibile.
1393 2452 1468 2496 Hic
1503 2455 1760 2509 potissimum

129 2523 409 2566 moderandus
441 2528 502 2566 est
533 2537 586 2566 ss.
621 2523 864 2574 canonibus
902 2528 944 2566 ut
978 2527 1136 2566 certum
1187 2527 1237 2566 sit
1284 2526 1452 2581 quinam
1491 2525 1761 2566 iurisilirtioui

128 2593 337 2637 Ecclesiae
369 2593 644 2638 subiiciantur
678 2597 715 2637 in
741 2608 874 2651 eaque
908 2597 985 2638 sint
1022 2608 1235 2651 personae,
1262 2600 1298 2637 et
1336 2598 1588 2651 praescripta
1615 2608 1761 2650 oppor-

127 2666 288 2708 tuniora
322 2665 472 2708 dentur
519 2665 568 2708 ail
604 2668 908 2722 cooptationem
962 2668 1174 2709 hominum
1211 2669 1397 2709 societati
1450 2666 1661 2721 religionis
1694 2678 1760 2708 ca-

130 2733 321 2779 tholicae.

247 2890 257 2910 1
285 2888 356 2931 Io.‚
387 2888 474 2930 XV,
506 2891 561 2924 13.
