1971 3261
161 122 229 156 436
565 121 650 155 Lm.
678 119 750 154 III.
778 139 790 145 -
815 119 926 153 PARS
950 119 981 154 Ι.
1009 139 1021 145 -
1048 119 1105 154 De
1129 118 1395 154 Sacramentz's
1508 118 1602 154 Can.
1628 118 1787 154 985-986

159 242 246 276 sicut
274 240 368 286 prius
390 254 419 273 ».
450 238 546 274 Unde
571 238 642 273 sive
669 237 877 273 interdictus
902 236 946 272 ab
973 236 1132 282 ingressu
1159 235 1344 278 Ecclesiae,
1372 235 1398 270 si
1417 235 1568 272 celebrat
1585 236 1622 271 in
1641 247 1694 279 ea,
1715 236 1786 272 sive

158 300 211 335 cui
239 304 289 334 est
315 298 514 333 divinorum
541 296 728 332 celebratio
755 296 952 340 interdicta,
973 295 1235 340 transgrediens
1253 295 1317 330 hoc
1335 294 1572 337 interdictum,
1587 299 1678 330 certo
1698 294 1786 330 fiunt

159 357 365 403 irregulares
392 356 585 392 secundum
614 355 676 390 hoc
702 359 818 401 eaput.

275 415 339 451 Hic
365 415 496 450 utiliter
522 413 792 449 memorandum
831 417 894 454 est,
936 413 1026 459 quod
1054 413 1180 458 legitur
1206 413 1242 447 in
1272 412 1383 458 prima
1422 417 1518 458 parte
1543 412 1600 447 cit.
1627 423 1702 458 cap.
1733 410 1786 446 18.

162 490 176 509 «
194 476 235 516 ls,
265 475 323 521 qui
353 473 596 521 praesentibus
622 472 745 508 maiori
772 472 1135 507 excommunicatione
1160 471 1312 514 nodatis⁷
1340 471 1490 507 scienter
1503 471 1677 507 celebrare
1696 482 1791 517 prae-

158 534 288 570 sumit:
318 533 396 569 licet
423 533 458 567 in
486 532 550 568 hoc
575 531 758 568 temerarie
783 536 876 576 agat,
906 531 1172 576 irregularitatis
1198 535 1313 566 tamen
1335 532 1429 575 (cum
1449 530 1483 565 id
1501 541 1572 565 non
1591 531 1636 565 sit
1653 540 1789 576 expres-

158 605 235 629 sum
262 593 298 627 in
327 593 416 636 iure)
444 592 608 638 laqueum
635 602 705 626 non
733 590 932 625 incurrit».
970 588 1070 633 Quod
1110 600 1206 625 nunc
1232 590 1274 625 de
1298 589 1609 625 excommunicatis
1635 589 1789 624 vitandis

159 651 428 697 intelligendum
447 655 512 687 est.

279 735 377 779 353-
414 737 735 782 Conditiones
767 736 1056 780 delictorum
1090 736 1154 779 ad
1184 728 1571 780 contrahendam
1604 735 1790 790 irregu-

160 809 421 853 laritatem.
460 831 508 835 —
546 804 836 861 irregularitas
858 818 907 847 ex
933 804 1097 855 delicto,
1125 817 1218 847 cum
1246 804 1352 847 istud
1380 809 1698 860 praesupponat,
1722 805 1787 847 cui

161 880 250 920 iure
284 878 564 932 coniungitur,
599 889 679 918 non
715 879 846 931 potest
880 877 1035 918 incurri
1070 876 1146 917 nisi
1181 874 1233 918 ab
1267 876 1338 929 eis,
1359 877 1428 932 qui
1452 876 1632 917 scientes
1654 878 1694 917 et
1717 887 1788 917 vo·

161 948 290 992 lentes
325 947 424 990 illud
460 951 636 1003 patrant.
670 946 790 1001 Quod
825 945 1024 1003 implicite
1057 947 1203 989 asserit
1236 959 1327 988 ean.
1351 947 1457 988 986.
1484 943 1600 989 Haec
1621 943 1790 1000 delicta,

160 1032 332 1076 nempe:
367 1021 406 1061 in
441 1030 531 1061 can.
567 1018 650 1061 985
683 1016 760 1060 sub
794 1017 817 1060 7
854 1018 1038 1060 numeris
1070 1018 1262 1060 recensiti
1285 1021 1401 1060 actus
1424 1015 1791 1072 irretqularitatem

159 1104 240 1134 non
270 1089 450 1148 pariunt
483 1089 533 1132 ad
569 1090 773 1145 originem
809 1102 859 1131 ex
893 1088 998 1131 sacto
1031 1086 1206 1131 subiecti
1245 1087 1353 1144 quod
1398 1089 1555 1142 attinet,
1589 1086 1674 1129 nisi
1705 1085 1792 1145 fue-

159 1161 249 1204 rint
281 1160 321 1218 a)
352 1159 519 1218 ssavia,
554 1164 597 1203 ut
630 1158 711 1202 DD.
748 1158 1000 1214 asserebant,
1026 1159 1076 1202 ad
1102 1158 1179 1202 hoc
1203 1158 1311 1215 quod
1346 1162 1538 1201 servetur
1578 1159 1788 1214 proportio

160 1235 266 1276 inter
300 1231 645 1288 impedimentum
680 1230 775 1273 inde
808 1234 1031 1287 sequutum
1066 1234 1105 1272 et
1135 1234 1309 1283 peecata
1342 1231 1380 1271 in
1414 1230 1666 1272 conscientia
1699 1241 1792 1285 ope-

162 1305 289 1347 rantis
321 1302 596 1358 considerata,
630 1300 673 1358 h)
704 1306 801 1358 post
847 1300 1099 1358 baptismum
1145 1305 1408 1358 perpetrata,
1455 1312 1562 1357 quae
1610 1299 1792 1342 conditio

161 1388 234 1431 pro
266 1373 430 1417 delectu
466 1372 816 1429 irregularitatem
851 1376 1047 1415 causante
1081 1384 1158 1414 non
1194 1376 1255 1414 est
1278 1373 1526 1424 necessaria,
1551 1372 1663 1413 iuxta
1688 1369 1789 1413 illud

160 1445 386 1489 Innocentii
422 1443 498 1488 1¹:
538 1458 558 1485 «
582 1445 620 1486 in
646 1442 852 1499 baptismo
888 1447 1054 1498 peccata
1089 1444 1370 1492 remittuntur,
1409 1454 1488 1484 non
1523 1445 1788 1497 acceptarum

163 1529 338 1559 uxorum
388 1527 588 1558 numerus
635 1513 887 1563 aboletur»,
920 1513 1120 1571 additque
1163 1525 1317 1556 canon:
1367 1511 1482 1555 salvo
1526 1511 1791 1569 praescripto

161 1601 251 1630 ean.
286 1587 674 1640 985,21.2,nam
724 1584 825 1628 illud
875 1584 1072 1627 delictum
1122 1587 1435 1627 consummatur
1484 1596 1556 1639 per
1600 1581 1791 1639 baptismi

159 1659 481 1714 susceptionem,
517 1655 623 1699 hanc
656 1660 792 1699 tamen
829 1657 1103 1712 permittentis
1146 1667 1276 1711 grave
1311 1658 1525 1711 peccatum
1572 1652 1793 1696 voluntatis

161 1730 328 1785 praevie
361 1728 649 1780 committitur,
682 1726 719 1781 c)
752 1725 933 1783 itemque
964 1731 1155 1775 eoeterna,
1193 1725 1302 1782 quod
1347 1724 1523 1768 verbum
1564 1737 1614 1767 ne
1649 1723 1792 1767 inutile

160 1802 384 1850 asseratur,
417 1795 540 1840 debet
574 1797 838 1852 interpretari
872 1795 1007 1852 quoad
1042 1796 1290 1851 gravitatem
1325 1795 1609 1851 supradictam
1643 1798 1683 1837 et
1717 1795 1792 1836 for-

161 1869 311 1912 malem
346 1873 512 1911 actuum
550 1867 764 1922 malitiam,
796 1879 903 1924 quae
946 1871 1117 1910 externe
1160 1870 1402 1922 appareant,
1446 1870 1587 1922 utpote
1620 1866 1792 1908 materia

160 1940 264 1996 legis
297 1938 620 1992 ecclesiasticae,
652 1951 748 1981 cum
782 1951 803 1981 e
837 1942 980 1981 contra
1014 1936 1130 1980 nihili
1175 1938 1334 1980 intersit
1372 1936 1458 1979 sive
1486 1935 1671 1994 publica,
1705 1935 1792 1992 plu-

162 2010 276 2054 ribus
309 2023 459 2066 nempe
491 2014 602 2065 nota,
625 2009 712 2052 sive
734 2008 897 2052 occulta
919 2010 1014 2063 sint,
1038 2008 1207 2051 forsitan
1246 2007 1503 2065 delinquenti
1528 2007 1790 2051 solummodo

159 2081 335 2125 alterive
368 2083 548 2137 cognita,
582 2082 678 2138 quia
713 2079 1000 2136 irregularitas
1032 2083 1093 2122 est
1127 2081 1214 2135 ipso
1247 2080 1337 2121 iure
1371 2078 1524 2122 inflicta
1549 2077 1706 2121 nullam
1732 2090 1792 2120 re·

160 2155 329 2210 quirens
363 2151 501 2195 delicti
537 2150 843 2208 probationem.
1566 2155 1569 2158 ’

279 2221 310 2265 Ε
344 2227 486 2265 contra
522 2223 571 2265 ad
608 2221 956 2278 irregularitatem
1002 2234 1051 2264 ex
1088 2221 1265 2276 defectu,
1308 2221 1473 2275 sufficit,
1508 2224 1552 2263 ut
1584 2219 1651 2263 hic
1686 2221 1792 2262 veri-

161 2293 308 2336 licetur
343 2293 464 2336 modo
499 2306 546 2336 ac
580 2294 919 2346 circumstantiis,
953 2296 1074 2348 prout
1107 2292 1409 2335 determinatur
1441 2303 1463 2334 a
1496 2303 1656 2335 canone
1691 2292 1791 2333 irre-

160 2363 424 2420 gularitatem
460 2363 570 2407 illam
607 2363 834 2419 infligente.
872 2363 1093 2419 Propterea
1126 2376 1220 2406 cum
1254 2361 1492 2405 huiusmodi
1516 2362 1704 2405 defectus
1724 2373 1792 2404 ac-

159 2434 300 2478 cidere
346 2437 484 2491 possit,
530 2437 746 2490 ignorante
788 2434 987 2486 subiecto,
1031 2436 1138 2477 sicut
1180 2435 1219 2476 in
1259 2433 1423 2476 defectu
1467 2432 1681 2486 natalium,
1727 2431 1792 2475 vel

159 2505 306 2548 eodem
341 2505 505 2548 nolente
538 2505 893 2563 quemadmodum
929 2507 967 2547 in
1003 2504 1160 2548 brachii
1202 2505 1365 2548 delectu
1410 2503 1612 2546 violenter
1645 2515 1788 2558 ampu-

160 2578 247 2630 tati,
281 2578 362 2619 imo
395 2575 581 2619 subiecto
630 2578 810 2618 virtuose
854 2580 1065 2632 operante,
1109 2577 1214 2618 sicut
1249 2576 1288 2617 in
1321 2574 1486 2618 defectu
1526 2573 1705 2617 lenitatis
1737 2574 1789 2616 ob

159 2649 404 2690 sententiam
441 2649 584 2689 mortis
628 2649 731 2689 iuste
775 2646 1000 2702 prolatam,
1044 2647 1232 2702 sequitur
1270 2644 1506 2688 huiusmodi
1553 2642 1794 2700 irregulari-

161 2721 263 2760 tates
297 2719 452 2760 incurri
502 2730 619 2773 posse
652 2716 703 2760 ab
743 2730 790 2760 eo
823 2718 893 2774 qui
927 2716 1082 2759 eisdem
1131 2718 1298 2758 cumino
1346 2715 1606 2759 adversatur.
1657 2714 1791 2771 Atque

281 2870 292 2892 1
321 2869 362 2904 C.
392 2870 448 2910 13,
477 2870 580 2903 Dist.
611 2869 795 2903 XXXIV.
