1971 3261
167 114 234 148 174
568 113 652 147 Lm.
679 113 749 147 [Π.
776 133 788 137 -
817 112 927 146 PARS
952 111 982 146 I.
1011 131 1024 137 -
1049 112 1107 146 De
1131 111 1400 147 Sam-amentis
1607 110 1698 147 Can.
1725 110 1796 146 844

171 232 288 280 ceris,
323 236 360 275 et
394 231 496 275 haec
530 234 567 273 in
603 232 853 274 conscientia
889 229 1149 274 observanda
1183 234 1291 285 sunt,
1324 232 1518 288 quamvis
1551 228 1649 272 nihil
1700 231 1796 273 isto-

167 316 256 346 rum
293 302 521 345 timendum
557 304 627 353 sit;
664 300 972 344 adnotationem
1021 304 1158 343 autem
1210 302 1330 344 unius
1377 300 1602 343 alteriusve
1646 301 1794 343 missae

167 377 371 428 receptae,
404 372 503 415 dum
538 384 616 414 non
657 373 823 414 eveniat
871 383 1013 414 earum
1063 370 1288 414 cumulatio
1338 375 1505 427 propter
1552 370 1792 426 diligentem

140 443 499 503 celebrationem,
535 443 668 484 omitti
704 454 822 497 posse
856 440 1071 484 indubium
1107 445 1179 494 est,
1215 443 1328 484 iuxta
1363 441 1548 497 regulam
1585 442 1685 483 iuris
1729 439 1796 483 XL

165 516 203 556 in
240 513 296 557 (5⁰.
336 529 355 553 ((
383 512 555 556 Pluralis
607 511 758 555 locutio
808 512 936 567 (sicut
985 513 1023 554 in
1072 511 1247 569 canone)
1289 511 1465 554 duorum
1517 524 1689 554 numero
1734 515 1796 554 est

168 589 357 627 contenta
384 600 420 626 ».

287 698 360 734 159.
388 700 765 741 Comptementum
801 701 929 734 huius
962 702 1054 734 Art.
1084 702 1148 733 lv.
1193 720 1219 724 —
1248 697 1347 734 Circa
1375 698 1515 735 Decreta
1542 698 1576 733 S.
1601 699 1640 734 C.
1665 697 1701 734 C.
1721 703 1795 733 tum

169 772 183 789 α
207 757 246 793 Ut
272 758 388 793 debita
409 772 440 800 n,
469 763 543 793 tum
571 758 666 793 aliud
693 769 772 793 cum
801 757 1088 804 responsionibus
1107 757 1171 792 sub
1193 757 1272 793 Urb.
1296 756 1378 798 vill,
1400 762 1473 792 tum
1492 757 1585 793 aliud
1611 757 1791 804 «Nuper»

164 817 228 852 sub
256 817 371 852 innoc.
403 816 474 857 Xll,
501 821 636 863 oportet
663 817 835 862 quaedam
865 817 1146 852 animadvertere
1166 821 1300 862 praeter
1316 815 1404 851 dicta
1427 817 1460 850 in
1483 816 1627 851 Articuli
1649 816 1795 851 decursu

164 876 276 922 quoad
306 877 514 911 mutationes
541 881 574 911 et
599 875 887 911 confirmationes
916 875 1083 921 ipsorum.
1114 875 1303 910 Videlicet:
1331 886 1452 910 omnes
1479 875 1567 910 latae
1604 874 1797 910 sententiae

166 946 296 981 poenae
321 946 360 969 ac
387 946 568 976 censurae,
600 939 718 981 utpote
751 950 766 967 «
788 946 937 980 quarum
967 934 1001 968 in
1032 933 1156 969 Codice
1182 934 1279 968 nulla
1307 933 1343 968 fit
1369 934 1499 969 mentio
1525 944 1584 969 eae
1618 938 1797 978 tamquam

152 993 349 1039 'abrogatae
377 994 603 1029 habeantur»
637 996 729 1035 (ean.
757 992 789 1038 6,
820 993 883 1037 50).
915 993 1054 1028 Praeter
1081 993 1153 1034 boc,
1181 992 1263 1038 quia
1294 993 1350 1027 «si
1379 1004 1448 1038 qua
1474 1004 1513 1027 ex
1539 992 1661 1028 ceteris
1694 992 1797 1027 disci-

167 1052 362 1099 plinaribus
389 1053 535 1098 legibus,
565 1065 653 1098 quae
681 1064 790 1099 usque
816 1052 931 1087 adhuc
959 1052 1156 1096 viguerunt,
1189 1063 1249 1087 nec
1275 1052 1435 1098 explicite
1462 1063 1524 1087 nec
1553 1051 1722 1097 implicite
1760 1051 1796 1085 in

167 1111 291 1147 Codice
317 1113 549 1154 contineatur,
575 1124 615 1148 ea
642 1112 710 1147 vim
739 1123 878 1147 omnem
906 1111 1066 1147 amisisse
1092 1111 1240 1147 dicenda
1266 1116 1347 1146 est»
1379 1114 1471 1155 (can.
1502 1109 1536 1155 6,
1565 1110 1616 1156 6⁰)
1639 1121 1717 1146 cum
1745 1121 1799 1146 ex-

166 1170 385 1216 ceptionibus
412 1182 499 1216 quae
527 1171 561 1205 in
589 1182 670 1206 casu
700 1182 767 1205 non
796 1170 961 1211 existunt,
990 1170 1216 1215 consequitur
1235 1169 1414 1205 habendas
1433 1169 1480 1204 uti
1500 1169 1683 1213 abrogatas
1703 1179 1797 1214 prae-

167 1229 373 1275 scriptiones
402 1230 538 1265 illorum
569 1229 788 1265 Decretorum
817 1233 1022 1275 sequentes:
1051 1240 1090 1264 ex
1119 1228 1196 1263 Dec.
1229 1228 1313 1264 Urb.
1349 1228 1417 1263 wll
1446 1240 1546 1263 num.
1575 1226 1595 1262 8
1621 1233 1654 1264 et
1680 1226 1699 1262 9
1723 1242 1737 1260 «
1757 1228 1799 1264 de

170 1299 237 1323 non
265 1289 425 1333 augendo
452 1300 598 1323 numero
627 1288 780 1324 familiae
806 1287 986 1332 religiosae
1013 1292 1049 1322 ut
1076 1287 1122 1322 ibi
1153 1287 1336 1333 praefinito
1360 1302 1391 1327 »‚
1420 1292 1453 1322 et
1479 1287 1521 1322 de
1552 1301 1565 1319 α
1589 1286 1695 1322 Domo
1721 1287 1799 1322 reli-

166 1347 340 1392 giosorum
369 1348 492 1383 nullibi
521 1348 721 1393 recipienda
748 1347 814 1382 nisi
844 1346 1025 1382 duodecim
1054 1347 1179 1381 saltem
1209 1346 1375 1391 Religiosi
1404 1351 1640 1392 competenter
1666 1351 1800 1381 susten-

167 1405 230 1440 tari
260 1406 445 1445 valeant»;
475 1410 507 1441 et
534 1418 623 1452 resp.
653 1406 695 1441 ad
727 1405 837 1440 Dubia
868 1404 990 1446 lli-ltu
1017 1416 1056 1440 ex
1086 1404 1181 1440 Dec0.
1217 1403 1404 1451 «Nuper»
1428 1404 1546 1440 innoc.
1569 1403 1639 1445 xli,
1660 1416 1759 1440 num.
1777 1403 1798 1439 ὃ

171 1464 242 1499 «de
269 1464 478 1510 reponendis
505 1464 736 1511 eleemosynis
765 1465 949 1499 missarum
979 1474 1038 1510 per
1064 1463 1251 1508 Regulares
1279 1463 1312 1497 in
1343 1475 1447 1509 capsa
1475 1463 1673 1509 particulari
1701 1468 1732 1499 et
1757 1464 1799 1499 de

165 1523 344 1567 exigendis
369 1534 408 1558 ac
434 1523 623 1558 reddendis
649 1523 845 1558 rationibus
871 1523 1026 1569 quolibet
1052 1533 1171 1558 mense
1189 1537 1221 1563 »‚
1261 1534 1367 1558 num.
1410 1521 1428 1555 7
1468 1537 1482 1554 α
1503 1523 1544 1558 de
1581 1522 1799 1568 exponendis

169 1581 317 1617 Decretis
344 1582 380 1616 in
408 1581 565 1617 Sacrario
591 1588 624 1618 et
650 1583 816 1617 omnibus
844 1582 998 1627 legendis
1024 1582 1117 1627 apud
1149 1581 1335 1627 Regulares
1359 1596 1390 1624 1),
1420 1593 1518 1617 num.
1549 1579 1568 1615 8
1600 1582 1675 1617 «de
1704 1582 1797 1617 exhi-

169 1641 291 1677 bendis
316 1642 598 1677 attestationibus
625 1643 737 1688 quoad
767 1643 954 1677 missarum
982 1653 1128 1677 onerum
1157 1641 1431 1676 satisfactionem
1460 1641 1494 1675 in
1522 1640 1798 1676 Provincialibus

168 1699 338 1746 Capitulis
364 1712 424 1736 seu
452 1700 842 1747 congregationibus»,
871 1712 910 1736 ac
939 1712 1037 1736 num.
1068 1699 1087 1735 9
1118 1701 1194 1736 «de
1220 1700 1417 1736 ostensione
1444 1701 1479 1735 in
1501 1700 1610 1735 forma
1632 1700 1797 1746 probante

168 1759 410 1806 Superioribus
448 1761 670 1806 generalibus
709 1760 908 1796 exhibenda
947 1760 982 1794 in
1025 1760 1094 1796 tine
1132 1760 1313 1805 regiminis
1355 1771 1375 1795 a
1416 1759 1688 1795 Provincialibus
1729 1764 1793 1795 etc.

167 1820 280 1865 quoad
305 1820 543 1856 executionem
573 1820 713 1855 illorum
743 1820 964 1856 Decretorum
982 1834 1013 1853 υ.
1045 1820 1141 1855 Aliae
1168 1820 1323 1866 ipsorum
1352 1819 1542 1865 particulae
1580 1830 1685 1865 supra
1724 1830 1794 1855 non

167 1884 390 1920 memoratae,
420 1879 473 1914 vel
500 1879 564 1914 sub
591 1880 654 1914 hoc
681 1879 836 1914 Articulo
863 1879 914 1915 vel
942 1879 1006 1915 Tit.
1035 1878 1125 1914 XXX
1160 1879 1232 1914 «de
1260 1879 1324 1924 piis
1352 1878 1652 1914 fundationibus»
1673 1878 1795 1914 saltem

173 1938 371 1984 «implicite
397 1943 479 1973 sunt
505 1939 777 1985 comprehensae
806 1939 841 1973 in
869 1937 1024 1974 Codice»
1060 1942 1151 1982 [can.
1181 1937 1212 1978 6,
1241 1938 1303 1983 60).

870 2102 1026 2139 CAPUT.
1056 2102 1095 2137 ll.

522 2188 581 2222 De
608 2187 852 2221 sanctissimo
878 2186 1148 2221 Eucharistiae
1175 2186 1432 2221 sacramento.

426 2317 522 2360 Am.
559 2316 585 2359 l.
623 2342 675 2347 —
717 2315 773 2359 De
804 2316 1001 2359 ministro
1036 2330 1184 2358 sacrae
1215 2314 1530 2359 cormnmm‘om's.

217 2432 302 2469 CAN·
344 2432 422 2469 843.
452 2454 472 2460 —
499 2438 517 2476 ἓ
548 2433 577 2468 l.
618 2433 777 2469 Minister
803 2433 942 2468 ordina·

171 2481 242 2515 rius
284 2491 402 2516 sacrae
443 2481 702 2516 communionis
751 2487 804 2516 est
853 2481 946 2516 solus

1016 2444 1109 2468 cram
1138 2432 1419 2468 communionem
1449 2431 1651 2467 ministrare
1675 2436 1794 2477 potest,

1019 2480 1114 2515 salvo
1140 2480 1353 2526 praescripto
1380 2490 1457 2515 can.
1485 2477 1566 2513 869.

171 2528 343 2563 sacerdos.

218 2579 237 2618 ξ
264 2576 296 2609 2’.
327 2575 636 2610 Extraordinarius
675 2580 725 2610 est
766 2575 946 2616 diaconus,

171 2622 212 2658 de
239 2620 418 2658 Ordinarii
447 2623 509 2657 loci
538 2623 588 2657 vel
627 2622 764 2667 parocbi
794 2622 947 2663 licentia,

171 2670 335 2714 gravide
368 2680 473 2704 causa
511 2670 745 2711 concedenda,
784 2680 872 2715 quae
910 2669 946 2703 in

171 2728 252 2752 casu
279 2717 494 2752 necessitatis
522 2716 674 2761 legitime
703 2717 947 2762 praesumitur.

219 2763 303 2799 CAN.
334 2762 412 2798 846.
442 2785 458 2789 -
487 2768 506 2806 ξ
538 2765 566 2798 1.
596 2762 751 2806 Quilibet
789 2764 948 2799 sacerdos

173 2811 264 2846 intra
291 2811 431 2846 Missam
459 2816 503 2851 et,
533 2811 560 2845 si
591 2811 750 2856 privatim
786 2811 948 2852 celebrat,

171 2858 275 2893 etiam
305 2859 460 2904 proxime
485 2862 566 2893 ante
592 2863 623 2893 et
650 2859 766 2893 statim
785 2862 870 2904 post,
894 2868 950 2892 ysa-

1067 2531 1146 2569 ξῖὲ.
1192 2526 1302 2561 Etiam
1337 2531 1433 2562 extra
1472 2525 1613 2560 Missam
1649 2525 1797 2571 quilibet

1020 2575 1178 2609 sacerdos
1204 2574 1324 2609 eadem
1365 2573 1526 2608 facultate
1563 2573 1664 2618 pollet
1690 2584 1728 2608 ex
1756 2572 1794 2606 li-

1019 2622 1134 2656 centia
1159 2621 1281 2656 saltem
1318 2626 1540 2667 praesumpta
1576 2620 1718 2655 rectoris
1743 2630 1796 2655 ec-

1019 2668 1155 2710 clesiae,
1185 2669 1212 2702 si
1241 2669 1284 2702 sit
1309 2672 1507 2704 extraneus.

1067 2715 1150 2751 CAN.
1177 2713 1257 2750 847.
1303 2735 1324 2742 -
1364 2715 1415 2750 Ad
1459 2714 1616 2749 infirmos
1661 2713 1796 2759 publice

1020 2773 1117 2798 sacra
1144 2763 1343 2798 communio
1380 2762 1567 2805 deferatur,
1610 2760 1675 2795 nisi
1704 2760 1793 2796 iusta

1020 2814 1052 2845 et
1079 2810 1296 2845 rationabilis
1322 2820 1427 2845 causa
1452 2808 1547 2843 aliud
1574 2807 1728 2843 suadeat.

1068 2856 1151 2891 (lxx.
1176 2855 1256 2892 848.
1287 2877 1328 2882 —
1352 2860 1371 2899 §f
1396 2856 1423 2890 l.
1445 2855 1499 2891 lus
1518 2860 1550 2891 et
1568 2854 1722 2890 officium
1741 2865 1794 2890 sa-
