1971 3261
136 152 207 185 460
541 149 625 181 [ΑΒ.
652 147 723 181 ΙΙΙ.
750 167 760 172 -
789 147 901 181 PARS
926 146 956 181 Ι.
986 147 1059 181 -De
1084 146 1349 181 Sacrameittis
1495 144 1586 181 Can.
1613 144 1770 179 994-995

141 270 327 311 nieorum
362 265 546 309 absentia
581 278 654 321 pro
687 269 876 321 tempore
910 263 978 306 illo
1012 268 1170 306 tantum
1205 263 1487 306 deficientium
1523 264 1771 306 testimonia-

140 338 254 392 lium,
288 349 465 394 quarum
499 335 637 379 locum
671 338 782 377 tenet
815 336 1029 388 canonice,
1062 338 1101 376 et
1146 338 1314 390 propter
1346 333 1424 376 hoc
1457 333 1631 377 dicitur:
1675 347 1768 390 sup-

136 407 364 466 pletorium
388 420 413 448 a
443 403 724 463 promovendo
752 402 1072 462 praestandum.
1108 404 1186 447 Sed
1218 406 1314 461 quia
1338 403 1491 447 dicitur
1528 402 1771 455 «saltem»,

139 491 218 521 non
253 476 535 520 excluduntur
567 475 645 518 alia
680 474 866 518 eiusdem
913 473 1168 531 probationis
1199 473 1452 517 adminicula
1487 475 1596 530 exigi
1643 487 1771 530 posse.

141 553 201 591 ast
233 545 483 591 Orilinarius
515 545 567 589 ob
601 544 681 588 tale
715 546 993 588 iuramentum
1026 547 1241 601 quiescere
1276 547 1419 600 potest.

258 616 492 672 Quamdam
528 618 566 658 in
602 615 679 659 hac
710 616 880 658 materia
914 614 1253 666 declarationem,
1278 614 1458 670 indeque
1492 613 1770 657 authenticam

140 688 280 732 subdit
313 689 338 741 ξ
371 687 408 729 3.
443 686 494 729 Si
528 691 627 744 post
659 685 848 728 obtentas
882 683 1051 727 litteras
1086 683 1390 727 testimoniales
1422 697 1566 728 omnes
1598 684 1649 727 de
1682 686 1769 741 qui-

144 759 218 802 bus
252 760 289 801 in
325 757 402 801 lloc
434 769 593 801 canone
616 769 638 799 a
662 756 784 800 Curia
810 754 1043 812 Episcopali
1081 756 1248 811 proprii,
1273 760 1311 797 et
1345 760 1443 797 ante
1472 759 1689 812 peractam
1711 767 1771 797 or-

140 828 402 872 dinationem
435 828 587 884 (usque
620 827 669 870 ad
706 826 813 869 lianc
846 828 955 869 enim
991 829 1111 882 urget
1145 827 1448 881 praescriptum
1481 831 1585 868 can⁸.
1623 830 1770 882 praec⁵.

141 899 339 942 afferendi
390 899 623 941 testimonia
667 896 821 940 ibidem
865 889 1138 951 enumerata),
1183 895 1222 951 a)
1263 894 1567 952 promovendus
1610 897 1773 952 saepius
1817 921 1819 923 ·

144 973 395 1012 memoratus
431 967 473 1024 b)
504 966 724 1025 praedicto
757 965 835 1011 sub
864 966 893 1024 ξ
926 964 966 1009 1⁰
1000 966 1200 1023 temporis
1232 966 1370 1023 spatio
1404 967 1599 1009 trimestri
1624 970 1695 1008 aut
1716 979 1776 1009 se-

143 1041 281 1082 mestri
315 1038 355 1096 c)
390 1038 434 1081 iit
466 1037 607 1081 eodem
642 1037 875 1091 territorio,
898 1050 948 1080 ex
984 1038 1102 1080 cuius
1125 1034 1350 1080 Ordinario
1384 1035 1681 1079 testimoniales
1713 1035 1774 1078 lit-

142 1120 254 1154 te1·ae
289 1112 368 1153 iam
403 1109 595 1153 obtentae
635 1109 811 1158 fuerant,
846 1108 889 1164 d)
920 1120 1085 1160 rursus,
1120 1107 1229 1164 quod
1268 1107 1442 1151 verbum
1488 1108 1620 1150 innuit
1653 1108 1774 1149 inter-

144 1184 375 1238 ruptionem
420 1181 773 1226 commorationis,
817 1183 857 1222 et
907 1180 958 1222 ita
1005 1180 1079 1221 erit
1134 1182 1177 1221 ut
1225 1177 1464 1234 plurimum,
1508 1177 1578 1221 sed
1627 1177 1779 1220 dicitur

149 1265 374 1295 «rursus»
414 1253 578 1308 proprie
613 1250 740 1294 relate
773 1251 823 1293 ad
860 1251 1140 1293 testimonium
1176 1249 1389 1292 obtentum
1426 1250 1548 1292 etiam
1583 1250 1775 1292 continua

142 1335 238 1365 cum
270 1323 599 1365 commoratione
631 1321 683 1363 de
716 1333 797 1377 qua
830 1323 926 1362 sunt
950 1319 1056 1372 illae,
1091 1324 1282 1361 moratus
1314 1318 1370 1360 sil
1403 1317 1778 1375 qualitercumque„

146 1398 186 1436 ut
219 1392 470 1449 explicatum
511 1396 572 1435 est
615 1403 755 1447 supra,
800 1390 863 1433 his
905 1391 1127 1446 suppositis
1170 1403 1300 1432 novae
1343 1393 1533 1445 respectu
1577 1389 1626 1432 ad
1672 1387 1776 1432 hanc

143 1465 512 1507 commorationem
549 1462 721 1505 litterae
744 1460 1048 1504 testimoniales
1077 1460 1304 1503 (lrtliiiarii
1327 1459 1409 1503 loci
1431 1460 1618 1504 eiusdem
1646 1474 1776 1502 neces-

143 1534 288 1577 sariae
320 1539 416 1576 sunt
453 1536 490 1576 vi
525 1535 696 1577 canonis
729 1532 827 1583 993,
862 1531 920 1574 4⁰.

266 1605 362 1647 373.
396 1605 781 1668 Testimoniales
805 1604 1155 1659 adiungendae
1178 1604 1472 1648 dimissoriis
1494 1603 1671 1648 litteris
1694 1602 1778 1647 Su-

144 1679 392 1733 perior-um
426 1677 784 1732 religiosorum.
806 1700 858 1705 —
886 1673 1111 1731 Hucusque
1135 1674 1186 1716 de
1209 1673 1489 1716 saecularium
1514 1675 1602 1716 iure
1625 1674 1778 1729 scripto

145 1749 255 1790 circa
290 1745 587 1789 testimoniales
622 1745 791 1790 litteras.
830 1748 1001 1800 Propter
1033 1743 1112 1787 hoc
1144 1746 1203 1787 sic
1235 1745 1380 1800 incipit
1413 1757 1503 1785 caiz.
1539 1745 1647 1787 995.
1679 1743 1708 1800 ς’
1742 1742 1778 1785 1.

146 1816 290 1861 Etiam
314 1816 523 1875 Superior
554 1815 782 1873 reliqiosas
816 1820 1035 1872 exemptae
1070 1814 1295 1871 religionis,
1329 1817 1418 1858 sive
1453 1814 1554 1858 baec
1577 1811 1694 1859 Ordo
1726 1815 1776 1857 sit

144 1891 233 1931 sive
257 1887 546 1944 Congregatio,
571 1887 659 1930 sais
694 1886 852 1929 litteris
885 1885 1143 1929 dimissoriis
1177 1885 1325 1929 dandis
1350 1887 1389 1928 vi
1413 1898 1504 1928 can.
1531 1885 1630 1937 964,
1654 1883 1699 1928 2⁰
1722 1883 1781 1935 3⁰,

149 1959 210 2002 vel
245 1958 352 2002 datis
375 1972 424 2002 ex
461 1958 682 2015 privilegio
717 1960 754 2000 in
781 1957 982 2013 religione
1016 1970 1095 1999 non
1121 1961 1328 2013 exempta,
1353 1969 1435 1999 iton
1467 1955 1603 1999 solam
1634 1955 1785 1998 testari

146 2030 275 2085 debet,
311 2044 410 2086 ergo
433 2033 494 2073 est
512 2028 719 2085 obligatus
747 2028 798 2071 ad
832 2027 910 2071 hoc
945 2030 983 2070 in
1009 2029 1068 2071 eis
1101 2027 1445 2083 exprimendum:
1479 2027 1517 2082 a)
1538 2039 1781 2084 promoven-

146 2101 244 2144 dam
277 2101 509 2144 seeundum
543 2100 800 2143 dimissorias
828 2098 1138 2156 professionem
1166 2096 1413 2154 reliqiosain
1445 2101 1686 2154 perpetuam
1714 2095 1776 2139 vel

147 2174 456 2228 temporariam,
489 2171 731 2214 alterutram
766 2183 861 2213 cum
896 2173 1087 2225 respectu
1122 2169 1171 2212 ad
1212 2168 1413 2211 «litteras
1460 2168 1717 2211 dimissorias
1739 2182 1779 2221 »,

147 2255 249 2299 quas
286 2242 557 2285 «concedere
592 2245 799 2297 possunt»
837 2253 886 2283 ex
922 2252 1011 2284 can.
1049 2239 1148 2288 964,
1183 2239 1227 2282 20
1263 2238 1320 2290 30,
1355 2240 1541 2282 emisisse
1566 2236 1608 2295 b)
1632 2243 1671 2280 et
1693 2251 1781 2280 esse

147 2312 198 2356 cte
230 2312 406 2370 familia
440 2312 586 2356 domas
618 2311 848 2368 reliyiosae
879 2313 981 2354 sitae
1016 2312 1054 2353 in
1090 2310 1267 2353 dioecesi
1302 2308 1510 2365 Episcopi,
1545 2309 1634 2352 «ad
1659 2320 1781 2365 quem

150 2384 306 2427 litteras
340 2384 596 2426 dimissorias
630 2384 795 2425 mittere
828 2380 992 2426 debet»
1033 2383 1071 2423 vi
1105 2393 1194 2424 can.
1230 2380 1328 2434 965,
1363 2378 1442 2422 sibi
1475 2379 1604 2424 idest:
1654 2379 1779 2435 Supe—

149 2456 269 2497 rioris
316 2454 591 2497 iurisdictioni
625 2466 694 2496 eas
742 2452 878 2495 dantis
926 2450 1131 2497 subditae,
1169 2450 1241 2493 sed
1283 2450 1412 2493 etiam
1455 2449 1495 2507 c)
1529 2448 1579 2492 de
1625 2448 1781 2492 stadiis

145 2525 346 2583 peractis,
381 2530 424 2568 ut
468 2527 505 2567 in
540 2537 630 2567 can.
667 2523 765 2580 993,
801 2523 845 2566 ⁶2⁰
881 2525 1196 2579 interpretatum
1232 2525 1306 2575 est,
1339 2526 1463 2577 atque
1497 2521 1547 2564 ad
1592 2532 1778 2563 normam

148 2608 238 2639 can.
274 2596 372 2649 976,
406 2595 451 2649 d)
485 2595 615 2652 (leque
648 2594 748 2637 aliis
781 2594 875 2637 iare
906 2593 1087 2637 scilicet:
1123 2593 1172 2636 ad
1209 2604 1396 2635 normam
1431 2604 1522 2635 ean.
1557 2591 1654 2643 968,
1688 2593 1712 2644 ἓ
1742 2590 1781 2645 1,

149 2665 384 2724 requisitis7
419 2678 525 2723 quae
573 2668 604 2708 si
655 2667 830 2721 positiva
864 2666 957 2718 sint,
991 2663 1068 2706 sub
1101 2675 1190 2706 can.
1226 2662 1324 2716 974,
1357 2661 1385 2720 ἓ
1419 2663 1461 2704 1⁰
1497 2664 1782 2713 inveniuntur,

149 2740 181 2780 si
216 2739 410 2793 negative
460 2738 737 2794 requirantur,
772 2739 1083 2791 cognoscuntur
1116 2747 1165 2777 ex
1215 2733 1366 2790 praec¹.
1401 2737 1477 2775 art.
1513 2732 1560 2786 ΙΙ,
1594 2731 1664 2775 sed
1711 2744 1783 2787 pro

151 2807 214 2850 his
245 2807 455 2850 sufficeret
497 2806 680 2862 generali
717 2805 893 2849 formula
928 2807 1066 2848 testari
1112 2803 1443 2860 promovendum
1478 2802 1590 2845 nulla
1624 2803 1780 2857 irregu-

152 2877 312 2920 laritate
346 2876 512 2934 alioque
546 2876 721 2919 detineri
756 2877 956 2919 canonico
991 2874 1301 2931 impedimento.

1910 1019 1912 1021 .
1953 1002 1969 1022 t.

1935 1135 1966 1175 's

1930 1258 1969 1277 «ψ

1913 1282 1916 1286 .
1941 1280 1965 1342 5ss

1944 1453 1958 1466 Γ

1951 934 1967 993 :m
1938 620 1968 914 :Jmssfflvm
1950 594 1962 603 μ
1950 529 1955 537 ·
1944 414 1967 430 g
1938 380 1966 402 121
1959 267 1965 339 ,,
1951 225 1955 230 >
