1971 3261
125 167 220 204 Can.
246 167 317 202 924
668 166 753 199 Tl'r.
784 165 848 199 IV.
871 185 882 191 ·
903 167 958 200 De
986 168 1229 200 I'oenitentz'a
1691 168 1762 201 319

126 299 269 332 cessae
301 291 410 342 sunt,
443 291 513 329 aut
545 285 696 342 quibus
734 285 786 329 ab
829 285 891 328 liis
940 289 1069 342 prinia
1109 289 1197 330 vice
1245 287 1574 336 distribuuntur;
1625 302 1758 346 neque

128 357 384 402 commodari
418 362 489 400 aut
523 358 710 413 precario
744 356 832 399 dari
869 362 1049 412 possunt.
1075 357 1254 415 alioquin
1290 363 1455 402 careant
1492 359 1761 415 indulgentiis

129 431 208 472 iam
244 430 508 472 concessis».
543 426 660 470 Nunc
693 429 801 470 enini
837 430 1006 470 cainonis
1041 432 1182 471 tenore
1208 429 1488 485 indulgentiae
1524 430 1758 473 huiusmodi

128 504 225 543 sunt
249 503 405 542 tantum
434 498 566 542 reales
590 510 636 541 ac
662 511 747 540 rein
772 499 1003 554 sequ‘nntur
1029 499 1354 554 indepemlenter
1377 499 1428 543 ab
1451 514 1592 543 earum
1621 505 1760 543 utente

129 574 199 614 aut
232 583 479 626 possessore.
518 568 621 613 Hinc
646 571 801 612 rosaria
831 582 865 610 v.
892 582 951 624 gr.
978 569 1128 625 quibus
1154 570 1285 613 tidelis
1311 584 1407 613 usus
1430 572 1565 624 fuerit,
1592 577 1757 627 possunt

129 641 220 684 aliis
251 640 340 684 dari
376 643 427 683 ita
463 640 572 697 quod
609 642 762 696 possint
798 639 948 683 lucrari
985 640 1274 695 indulgentias.

247 710 297 754 Et
330 710 405 755 boc
441 724 549 754 nunc
583 710 821 754 authentice
853 715 1010 753 constat
1038 711 1064 752 ¹.
1102 710 1162 753 Ad
1201 710 1376 754 Dnbinni
1403 715 1535 757 enini:
1575 730 1595 753 «
1617 713 1758 757 Utruni

130 793 260 825 canon
296 781 378 824 9⁶24
413 782 442 838 ξ
475 781 498 824 2
532 780 630 825 Cod.
666 783 767 824 iuris
799 781 1056 833 Canoniei...,
1089 781 1353 836 abrogaverit
1392 782 1608 826 Decretum
1645 799 1674 825 s.
1707 798 1759 826 ni.

131 851 356 895 Alexandri
394 850 477 905 Vll,
511 852 577 895 die
612 852 635 894 6
671 850 867 895 februarii
903 864 1009 894 anno
1045 851 1155 893 ‘16:37
1191 852 1363 906 editum,
1397 867 1416 895 a
1451 854 1624 910 singulis
1646 856 1760 896 Suni-

131 925 208 966 niis
242 922 510 967 Pontificibus
543 925 657 965 initio
694 922 956 979 pontificatus
991 927 1249 968 renovatum,
1275 928 1311 965 et
1338 926 1458 966 eliani
1494 924 1559 967 die
1595 926 1618 965 ἷὶ
1651 926 1759 980 Sept.

130 1006 237 1036 anno
272 993 383 1036 1914
419 1006 483 1038 a...
521 993 700 1036 Bened...
738 993 808 1035 ΡΙ).
845 991 915 1035 XV
951 993 1257 1036 confirmatum.
1283 1007 1363 1049 quo
1398 1008 1590 1049 expresse
1625 995 1759 1037 decla·

132 1069 244 1108 ratur
295 1065 567 1121 (contrarium
617 1064 771 1121 quoad)
823 1063 1104 1119 lndulgentias
1155 1064 1279 1119 iulg-o
1319 1064 1670 1119 «Apostolicas».
1709 1091 1759 1094 —

129 1135 167 1179 S.
206 1135 358 1180 Poenit.
395 1136 539 1192 Aplca,
573 1149 616 1179 re
652 1140 812 1179 mature
848 1147 1063 1191 perpensa,
1099 1135 1430 1190 respondendum
1472 1138 1653 1178 censuit:
1689 1138 1761 1193 ‚ls-

130 1205 338 1262 firmative
353 1222 393 1248 )).

249 1299 329 1336 260.
362 1303 608 1337 Facultates
648 1304 918 1336 vicariorum
959 1312 1008 1335 ac
1050 1301 1374 1335 Praefectorum
1417 1304 1760 1343 Apostolicorum

131 1363 393 1395 adnectendi
421 1363 734 1404 indulgentias.
764 1381 807 1384 —
834 1359 872 1394 111
900 1359 1056 1405 quinque
1096 1358 1266 1394 Formulis
1292 1360 1490 1394 extenditur
1515 1361 1556 1395 ad
1578 1360 1638 1394 bos
1667 1360 1763 1395 l’rae—

131 1419 216 1454 latos
243 1419 389 1455 facultas
419 1434 436 1453 «
456 1419 685 1455 benedicendi
715 1419 786 1454 solo
812 1418 926 1454 crucis
953 1419 1066 1463 signo,
1095 1419 1202 1462 (unde
1234 1418 1338 1453 verba
1372 1418 1556 1454 cuiuslibet
1598 1419 1764 1454 formulae

131 1489 204 1513 non
231 1484 315 1514 sunt
341 1480 563 1521 necessaria),
591 1490 669 1514 cum
698 1478 863 1513 omnibus
883 1478 1114 1523 indulgentiis
1140 1489 1160 1513 a
1187 1477 1221 1512 S.
1246 1477 1333 1513 Sede
1359 1478 1499 1513 concedi
1528 1478 1637 1513 solitis
1656 1478 1762 1522 (iuxta

130 1537 298 1584 rescripta
324 1549 385 1584 pro
411 1543 565 1584 tempore
592 1538 651 1573 illo
677 1537 823 1582 elargita
843 1548 902 1583 per
920 1536 956 1573 S.
980 1537 1302 1578 Poenitentiariam,
1323 1542 1355 1572 et
1377 1548 1435 1583 pro
1455 1548 1548 1572 more
1576 1532 1763 1572 inveniun-

128 1601 185 1631 tur
212 1597 246 1631 in
274 1596 393 1633 Indice
421 1597 596 1643 publicato
623 1597 763 1643 quaudo
790 1607 901 1631 novus
929 1596 1026 1632 Rom.
1051 1596 1206 1631 Pontifex
1225 1596 1269 1631 ad
1291 1595 1378 1631 Petri
1399 1596 1513 1631 sedem
1542 1602 1679 1631 evectus
1698 1602 1763 1631 est.

134 1667 163 1690 v.
188 1667 241 1701 gr.
274 1655 314 1691 17
343 1655 439 1692 Febr.
470 1655 558 1691 1922
587 1667 645 1703 per
671 1656 707 1692 S.
739 1655 1077 1691 Poenitentiariam2
1102 1660 1135 1691 et
1162 1653 1394 1701 In‹lalqe111,tiae
1413 1655 1622 1702 Apostolieae
1647 1656 1763 1701 appel-

132 1714 276 1758 lantur).
303 1726 440 1750 coronas
467 1715 677 1761 precatorias
703 1715 821 1759 (etiam
849 1715 932 1749 ssrhi
964 1714 1124 1759 Rosarii)‚
1153 1725 1273 1749 cruces
1309 1716 1402 1759 (curn
1430 1714 1610 1759 imagine),
1644 1726 1767 1760 parias

131 1777 263 1809 statuas
288 1772 530 1818 (Sanctorum)
556 1779 589 1809 et
616 1785 714 1809 sacra
740 1773 947 1809 numismata
975 1776 1109 1819 (utpote
1136 1784 1225 1819 quae
1250 1774 1406 1808 referunt
1429 1773 1601 1808 obiectum
1628 1773 1763 1817 religio-

131 1834 246 1877 sum);
275 1838 307 1868 et
332 1833 541 1869 adnectendi
570 1836 646 1879 (pro
672 1833 816 1868 arbitrio
855 1837 959 1879 atque
986 1833 1021 1867 in
1061 1833 1180 1868 eodem
1220 1834 1314 1875 actu)
1354 1833 1493 1867 coronis
1532 1832 1764 1877 indulgentias

132 1891 334 1933 (lucrandas
362 1904 421 1938 per
446 1893 686 1928 recitationem
719 1893 817 1928 Pater
842 1898 903 1927 aut
930 1893 1001 1928 Ave
1031 1903 1110 1927 cum
1137 1903 1255 1928 eorum
1285 1894 1377 1936 usu),
1408 1903 1495 1937 quae
1521 1903 1539 1926 a
1567 1904 1592 1925 S.
1622 1891 1763 1936 Birgitta

131 1955 163 1986 et
190 1962 278 1997 quae
304 1963 322 1988 a
353 1952 511 1987 Patribus
537 1952 761 1997 Crucifigeris
788 1952 861 1998 (qui
889 1963 947 1987 eas
963 1951 1154 1996 elargiendi
1176 1951 1397 1997 privilegium
1418 1951 1610 1986 habebant)
1631 1963 1765 1986 nuncu-

134 2015 308 2056 pantur».

252 2069 440 2106 Peculiaris
466 2076 517 2107 est
538 2071 717 2108 Formulae
735 2073 918 2118 utriusque
937 2072 1095 2113 minoris,
1115 2072 1174 2107 illa
1195 2072 1339 2107 facultas
1358 2082 1446 2117 quae
1467 2070 1642 2116 Episcopis
1660 2069 1763 2105 etiarn

132 2129 334 2165 titularibus
362 2134 397 2165 ut
426 2131 644 2176 privilegium
676 2142 736 2178 per
761 2143 838 2167 can.
870 2130 949 2173 349,
977 2136 996 2174 ξ
1028 2131 1070 2173 10,
1098 2131 1132 2165 10
1157 2142 1319 2166 concessa
1346 2135 1409 2165 est.
1442 2143 1459 2163 «
1481 2128 1639 2173 Erigendi
1670 2128 1763 2173 pinni

131 2189 336 2224 exercitium
366 2188 448 2225 Viae
475 2188 596 2225 Crucis
624 2191 675 2231 (in
703 2191 907 2227 memoriam
949 2191 1121 2236 passionis
1148 2189 1186 2224 D.
1219 2189 1257 2225 N.
1288 2189 1312 2225 1.
1343 2189 1420 2231 Cb.)
1448 2189 1516 2224 ritu
1543 2188 1587 2223 ab
1617 2187 1765 2222 Ecclesia

134 2248 346 2294 praescripto
373 2252 548 2292 (accurate
574 2250 758 2290 servando,
787 2241 887 2285 cuius
915 2266 933 2283 ς(
952 2249 1213 2285 benedictiones
1233 2249 1406 2284 invalidae
1432 2253 1526 2291 sunt,
1555 2247 1581 2281 si
1609 2246 1765 2282 adbibita

133 2318 203 2343 non
234 2307 336 2343 fuerit
363 2308 512 2344 formula
537 2309 581 2344 ab
609 2308 760 2345 Ecclesia
789 2309 1001 2355 praescripta
1022 2322 1038 2341 1>
1067 2319 1146 2343 can.
1172 2306 1273 2348 1148,
1303 2312 1322 2350 ξ
1350 2307 1395 2348 2),
1425 2318 1502 2341 eum
1530 2306 1766 2352 applicatione

133 2367 221 2413 (ipso
249 2367 349 2410 facto)
370 2366 688 2413 indulgentiarum,
709 2379 798 2415 quae
812 2368 1014 2404 huiusmodi
1033 2368 1235 2403 exercitium
1257 2366 1503 2413 peragentibus
1530 2365 1585 2410 (ad
1606 2375 1763 2399 normam

132 2426 169 2461 in
196 2426 357 2464 Raccolca
379 2427 606 2475 descriptam)
633 2439 654 2464 a
680 2427 836 2464 Summis
865 2427 1089 2464 Pontificibus
1125 2430 1294 2473 (tempore
1320 2437 1388 2472 quo
1416 2426 1612 2472 peragatur)
1641 2424 1765 2468 imper-

133 2486 217 2523 titae
242 2493 324 2523 sunt
353 2490 399 2532 (et
425 2499 465 2524 ex
492 2488 552 2524 illa
577 2486 737 2524 Raccolta
764 2488 1063 2533 cognoscendae);
1091 2492 1123 2522 et
1140 2486 1341 2533 applicandi
1361 2486 1498 2521 easdem
1528 2482 1766 2527 lndulgentias

132 2545 295 2582 crucibus
321 2551 354 2582 et
379 2547 555 2582 crucifixis
574 2546 666 2591 (sine
686 2547 839 2592 imagine
861 2547 967 2588 igitur
994 2545 1045 2581 vel
1065 2556 1143 2581 rum
1163 2556 1214 2587 ea,
1232 2550 1265 2580 et
1284 2545 1470 2580 lucrandas
1490 2554 1596 2578 manu
1617 2541 1768 2576 tenendo

133 2604 218 2640 haec
243 2605 379 2641 obiecta
404 2607 487 2641 dum
516 2606 709 2642 recitantur
734 2606 840 2641 vicies
868 2604 978 2640 Pater.
1002 2604 1072 2639 Ave
1097 2610 1130 2639 et
1160 2603 1279 2639 Gloria
1305 2615 1383 2638 cuni
1414 2602 1587 2638 Passionis
1614 2600 1765 2635 conside-

132 2663 280 2706 ratione,
308 2665 384 2710 sed)
411 2676 472 2711 pro
499 2665 650 2700 infirmis
676 2665 825 2710 aliisque
852 2664 1005 2709 legitime
1036 2663 1214 2709 impeditis
1258 2662 1561 2708 ,impossibilitate
1588 2672 1619 2694 v.
1647 2671 1698 2704 gr.
1729 2660 1763 2692 in

132 2723 342 2762 carceribus.
368 2723 402 2759 in
434 2724 535 2766 mari,
564 2724 597 2759 in
629 2724 787 2771 partibus
814 2723 1043 2767 infidelium),
1074 2733 1154 2768 prae
1179 2722 1289 2757 oculis
1317 2721 1433 2757 liabito
1462 2719 1600 2755 Decreto
1627 2731 1653 2752 s.
1688 2717 1766 2752 Poc—

132 2782 357 2819 nitentiariae
382 2783 450 2819 diei
481 2783 521 2818 14
551 2782 753 2819 Decembris
778 2793 873 2818 anno
904 2780 991 2816 1917
1012 2793 1030 2815 »
1053 2782 1081 2815 3.

253 2927 264 2948 1
296 2926 338 2960 18
354 2926 466 2961 Febr.
488 2926 592 2960 1921.
614 2926 691 2961 CO.
713 2925 826 2968 XIII,
852 2926 930 2959 164.
960 2945 1003 2950 ——
1031 2925 1044 2946 ²
1072 2923 1148 2967 CO,
1177 2923 1284 2963 XIV,
1316 2923 1395 2957 143.
1430 2943 1466 2947 —
1495 2922 1509 2942 ³³
1536 2920 1610 2955 CO.
1634 2921 1683 2957 X,
1704 2920 1763 2952 3⁴¹.
