1971 3261
237 172 330 208 Gan.
356 174 426 209 802
627 175 710 209 ΤιΤ.
738 175 808 209 ΙΙΙ.
836 195 846 200 -
876 174 933 210 De
957 178 1212 210 sanctissima
1242 176 1496 210 Eucharistia
1812 177 1880 211 105

236 291 318 336 Deo
351 295 541 350 spiritns
569 293 884 348 contribulatus,
929 298 969 337 et
1018 293 1154 350 (Rom.
1190 293 1278 349 Xll,
1318 293 1381 350 l):
1427 293 1668 338 Exhibeatis
1703 308 1876 351 corpora

237 369 371 407 vestra
407 364 581 408 hostiam
621 367 846 409 viventem.
882 363 999 409 Unde
1033 369 1072 408 et
1106 364 1137 421 (Ι
1175 364 1280 408 Petri
1317 365 1362 420 ll,
1390 364 1432 422 5)
1468 365 1644 409 dicitur:
1680 366 1879 409 Sacerdo-

235 437 336 478 tium
370 440 574 490 sanetum,
610 436 759 478 offerre
802 435 1038 492 spirituales
1072 435 1284 479 hostias».
1321 461 1373 466 ——
1400 436 1615 480 Rationem
1642 441 1779 480 autem
1809 450 1875 480 ne-

233 506 439 548 cessariae
475 507 688 561 potestatis
732 507 846 561 prius
890 506 1073 548 tirmavit
1111 505 1204 561 (loc.
1239 508 1307 549 cit.
1344 508 1381 548 in
1416 507 1550 562 corp.)
1600 505 1662 548 his
1710 505 1876 549 verbis:

238 573 359 618 «hoc
391 580 697 618 sacramentum
734 574 1021 618 Eucharistiae
1070 580 1131 619 est
1171 580 1306 619 tantae
1355 576 1582 632 dignitatis,
1631 577 1740 634 quod
1794 590 1871 619 non

232 646 452 688 coniicitur
486 647 560 688 nisi
598 647 635 688 in
673 658 846 701 persona
881 645 1045 690 Christi.
1082 644 1348 704 Quicumque
1381 651 1518 690 autem
1545 646 1700 704 aliquid
1727 649 1811 703 agit
1836 649 1874 689 in

233 728 406 772 persona
440 716 624 770 alterius,
657 721 820 773 oportet
844 716 920 760 hoc
956 719 1043 760 tieri
1082 730 1154 773 per
1180 722 1422 773 potestatem
1448 717 1499 761 ab
1525 717 1592 761 illo
1617 731 1873 761 concessam.

229 785 344 830 Sicut
376 792 514 830 autem
550 786 753 843 baptizato
787 788 1032 831 conceditur
1065 800 1086 831 a
1122 788 1285 832 Christo
1331 793 1510 845 potestas
1556 789 1747 832 sumendi
1797 788 1874 833 hoc

229 862 551 913 sacramentum,
587 861 640 902 ita
672 858 893 913 sacerdoti,
928 872 1021 902 cum
1058 859 1288 914 ordinatur,
1324 860 1539 902 confertur
1580 864 1761 916 potestas
1795 859 1874 903 hoc

227 934 533 972 sacramentum
570 929 842 973 consecrandi
879 931 917 972 in
956 942 1129 985 persona
1164 929 1328 974 Christi.
1358 930 1432 973 Per
1467 929 1544 974 hoc
1568 933 1677 973 enim
1704 933 1873 987 ponitur

228 1000 267 1041 in
303 999 435 1056 gradu
469 1013 614 1044 eorum
649 1000 801 1057 quibus
849 1001 1006 1044 dietum
1051 1006 1112 1045 est
1145 1014 1166 1044 a
1201 1001 1377 1044 Domino
1399 1002 1433 1043 1:
1485 1003 1508 1022 “
1530 1001 1616 1045 Hoc
1667 1003 1787 1045 l'aeite
1833 1004 1871 1045 in

230 1083 363 1113 meam
397 1074 839 1115 commemorationem
860 1105 899 1125 „.
936 1097 988 1102 —-
1025 1071 1073 1115 Et
1107 1072 1199 1115 ideo
1233 1072 1459 1116 dicendum
1511 1077 1572 1115 est
1621 1073 1729 1128 quod
1779 1086 1871 1128 pro-

230 1143 364 1197 prium
400 1151 460 1185 est
492 1142 756 1186 sacerdotum
792 1143 999 1186 conficere
1034 1142 1111 1186 hoc
1144 1147 1452 1186 sacramentum
1475 1158 1514 1185 ³).

350 1211 407 1255 Ex
431 1213 553 1256 dictis
587 1215 665 1255 iam
702 1218 814 1257 recte
838 1227 885 1256 ac
920 1213 1039 1269 plene
1075 1213 1322 1269 intelligitur
1355 1227 1447 1256 can.
1473 1216 1581 1257 802.
1621 1213 1871 1257 l'oleslatem

224 1283 429 1342 offerendi
462 1282 620 1327 Missae
651 1283 921 1340 sacrificium,
955 1297 1061 1341 quae
1097 1286 1273 1340 pertinet
1305 1285 1355 1327 ad
1397 1284 1685 1328 characterem
1730 1298 1862 1329 sacer-

224 1355 374 1399 dotalis
406 1355 575 1410 ordinis,
625 1353 776 1397 liabent
808 1354 890 1398 soli
932 1354 1185 1411 sacerdotes,
1235 1355 1416 1400 scilicet:
1466 1358 1556 1399 sive
1601 1356 1639 1399 hi
1691 1356 1870 1400 habeant

225 1426 524 1483 plenitudinem
558 1426 795 1480 sacerdotii,
841 1429 884 1469 ut
914 1431 1009 1469 sunt
1057 1425 1264 1482 Episcopi,
1315 1428 1405 1470 sive
1450 1440 1529 1470 non
1582 1426 1774 1478 habeant,
1827 1432 1869 1471 ut.

225 1497 471 1555 presbyteri,
505 1498 603 1555 quia
637 1496 750 1540 illam
782 1496 970 1541 obtinent
1016 1499 1053 1539 vi
1098 1497 1377 1541 ordinationis
1412 1500 1450 1541 in
1504 1499 1783 1555 presbyteros,
1826 1504 1870 1542 ut

227 1569 417 1612 vidimus.
456 1594 507 1599 ——
543 1567 830 1626 Eamdemque
865 1571 1044 1612 retinent
1077 1581 1245 1626 quoqne
1282 1569 1381 1612 mali
1415 1570 1667 1615 sacerdotes,
1707 1572 1867 1613 etiamsi

226 1653 300 1696 per
332 1639 554 1695 haeresim,
589 1639 769 1683 schisma
822 1639 883 1683 vel
919 1642 1403 1684 excommunicationem
1451 1642 1532 1684 sint
1579 1640 1631 1684 ab
1684 1640 1867 1684 Ecclesia

225 1713 414 1768 praecisi,
451 1713 532 1753 imo
579 1710 717 1754 adhuc
768 1724 840 1767 per
887 1710 1139 1767 Episcopum
1186 1711 1417 1768 degradati.
1469 1710 1590 1764 Quod
1625 1714 1684 1755 sic
1730 1716 1867 1768 patet:

228 1781 467 1824 «sacerdos
501 1783 539 1824 in
576 1783 711 1835 missa,
740 1783 777 1823 in
812 1780 1070 1825 orationibus
1103 1781 1274 1838 quidem
1301 1781 1487 1840 loquitur
1521 1784 1559 1825 in
1594 1795 1766 1839 persona
1792 1781 1867 1826 Ec-

222 1851 387 1905 clesiae,
423 1853 460 1894 in
486 1854 605 1895 cuius
639 1854 794 1895 unitate
827 1853 1037 1905 consistit,
1083 1852 1154 1895 sed
1192 1854 1231 1895 in
1268 1855 1583 1896 consecratione
1616 1855 1866 1896 sacramenti

223 1922 405 1980 loquitur
438 1925 477 1965 in
513 1935 687 1979 persona
720 1920 885 1978 Christi,
921 1924 1041 1966 cuius
1079 1925 1212 1966 vicem
1249 1925 1288 1966 in
1324 1923 1402 1967 hoc
1435 1925 1543 1980 gerit
1588 1937 1660 1980 per
1708 1924 1867 1967 ordinis

223 1998 466 2050 potestatem
488 2010 508 2034 »
534 1992 562 2035 2.

338 2064 456 2108 Nunc
493 2078 609 2108 vero:
653 2080 673 2106 «
696 2065 892 2109 sacerdos
924 2070 1141 2109 consecrat
1165 2064 1241 2109 hoc
1274 2071 1583 2109 sacramentum
1612 2071 1653 2109 ut
1680 2068 1866 2109 minister

219 2134 385 2180 Christi.
420 2135 506 2179 Non
542 2141 680 2180 autem
716 2150 765 2180 ex
800 2135 878 2180 hoc
904 2138 990 2193 ipso
1024 2136 1175 2179 desinit
1198 2136 1350 2194 aliquis
1376 2139 1566 2180 minister
1590 2150 1680 2180 esse
1714 2136 1863 2181 Christi

218 2205 313 2264 (nec
337 2212 395 2250 est
420 2206 472 2251 ab
497 2209 652 2250 unitate
676 2206 887 2251 Ecclesiae
910 2207 1161 2264 separatus),
1184 2208 1294 2265 quod
1320 2212 1381 2251 est
1408 2208 1539 2251 malus
1560 2225 1567 2251 :
1606 2208 1727 2252 habet
1754 2210 1861 2251 enini

221 2276 421 2321 Dominus
454 2277 583 2322 bonos
611 2283 650 2321 et
676 2278 805 2322 malos
831 2280 1052 2334 ministros,
1077 2292 1150 2322 seu
1184 2292 1330 2322 servos
1365 2279 1423 2336 (et
1456 2278 1639 2322 Ecclesia
1678 2279 1861 2322 membra

221 2348 385 2406 prava).
418 2348 536 2393 Unde
570 2347 771 2392 Dominus
805 2349 928 2393 dicit:
964 2350 988 2370 “
1013 2349 1115 2404 Quis
1140 2354 1259 2406 putas
1285 2354 1348 2393 est
1374 2349 1509 2393 tidelis
1541 2363 1691 2393 sertus
1711 2354 1747 2393 et
1774 2363 1866 2406 pru-

219 2419 401 2475 dens‘?„
434 2424 511 2463 etc.
536 2425 575 2463 et
600 2425 737 2476 postea
758 2420 920 2464 subdit:
957 2422 981 2440 “
1000 2420 1040 2463 Si
1065 2420 1217 2463 dixerit
1244 2420 1375 2463 malus
1400 2423 1474 2463 iste
1497 2434 1645 2464 servus
1671 2423 1708 2463 in
1734 2420 1859 2463 corde

217 2503 335 2545 suo„
369 2491 496 2534 etc.³.
531 2490 581 2534 Et
613 2490 834 2547 Apostolus
867 2491 1023 2534 dicit4:
1060 2491 1168 2534 “Sic
1194 2505 1266 2534 nos
1291 2493 1502 2535 existimet
1526 2491 1663 2542 hoino,
1700 2496 1740 2534 ut
1778 2493 1850 2533 ini-

219 2550 620 2617 nistros'Christiffi
671 2566 711 2605 et
744 2566 880 2605 tamen
919 2566 1057 2618 postea
1108 2561 1271 2606 subdit:
1323 2562 1476 2605 “Nihil
1524 2562 1623 2605 inihi
1670 2564 1862 2605 conscius

217 2645 324 2686 sum,
357 2633 427 2676 sed
474 2645 552 2675 non
588 2635 626 2676 in
661 2632 738 2676 hoe
772 2633 1019 2677 iustiticatus
1052 2647 1142 2676 sum
1165 2668 1203 2687 „.
1253 2632 1352 2676 Erat
1385 2647 1485 2690 ergo
1519 2638 1657 2676 certus
1691 2646 1734 2675 se
1770 2646 1860 2675 esse

220 2705 452 2746 ministrum
488 2702 663 2757 Christi,
698 2708 737 2747 et
772 2709 907 2747 tamen
944 2717 1022 2747 non
1058 2709 1147 2747 erat
1180 2708 1320 2748 certus
1346 2718 1389 2747 se
1413 2718 1502 2747 esse
1528 2706 1693 2747 iustum.
1727 2703 1858 2746 Potest

216 2786 316 2829 ergo
350 2772 500 2831 aliquis
533 2787 622 2817 esse
667 2776 854 2817 minister
887 2773 1053 2829 Christi,
1101 2776 1262 2818 etiamsi
1315 2776 1445 2818 iustus
1491 2788 1569 2817 non
1619 2777 1668 2817 sit
1698 2792 1712 2813 n
1740 2774 1766 2817 ⁵.
1806 2799 1857 2803 —

334 2879 346 2901 1
373 2879 501 2913 Lucae
528 2881 647 2920 XXII,
678 2880 734 2914 19.
778 2900 820 2905 —
858 2881 872 2902 2
910 2881 954 2914 D.
984 2880 1055 2914 Th.
1084 2880 1124 2913 3³
1157 2881 1211 2924 P.,
1242 2892 1278 2925 q.
1309 2879 1514 2920 LXXXH,
1542 2892 1573 2914 a.
1602 2880 1620 2914 ῑ
1649 2879 1694 2912 aa
1723 2880 1784 2911 2¹.
1815 2899 1858 2904 -

212 2925 226 2947 3
255 2926 397 2961 Matth.
425 2926 570 2968 XXIV,
597 2928 654 2962 45.
680 2946 721 2953 —
748 2928 762 2949 4
788 2927 806 2961 Ι
832 2927 880 2961 ad
907 2927 1089 2962 Corinth.
1117 2927 1184 2968 IV,
1216 2929 1247 2962 1.
1275 2947 1318 2953 —
1347 2928 1359 2949 5
1387 2927 1476 2961 Loc.
1507 2927 1573 2963 cit.
1598 2939 1630 2960 a.
1659 2928 1678 2960 5
1707 2938 1807 2970 corp.
