1971 3261
189 141 259 174 420
583 139 668 173 LIB.
694 139 766 172 III.
797 158 808 164 -
835 139 946 173 PARS
981 140 1008 174 Ι.
1035 159 1048 164 -
1074 140 1131 174 De
1160 131 1431 175 Sam-amentis
1631 139 1724 175 Can.
1751 140 1823 175 984

188 260 396 304 Pontifex:
426 275 445 299 ((
469 260 509 303 Si
535 271 635 302 vero
659 257 731 302 Dei
757 260 1044 304 misericordia
1067 260 1329 304 convaluerit
1362 260 1718 318 (quandoquidem
1741 274 1821 304 non

186 330 321 387 culpa,
355 330 424 373 sed
462 330 680 372 infirmitas
712 334 773 373 est
806 332 845 373 in
880 330 1025 388 causa)
1061 345 1157 375 eum
1190 332 1430 376 sacrificare
1463 334 1542 374 iam
1578 344 1657 374 non
1702 333 1823 375 inter·

186 401 419 444 dicimus».
457 399 538 443 DD.
573 403 850 444 communiter
882 401 1128 458 docuerunt,
1151 401 1419 458 epilepticum
1443 414 1491 445 ac
1516 406 1820 458 mentecaptum

184 486 272 516 esse
296 471 561 527 irregulares,
586 473 780 528 quamvis
803 471 1108 527 convaluerint,
1135 474 1231 530 quia
1261 474 1329 515 vix
1355 473 1538 529 perfecte
1560 471 1822 516 convaluisse

186 546 420 597 censentur,
454 554 530 585 nec
564 541 615 585 de
649 543 736 598 ipso
781 542 926 586 morbo
964 543 1124 586 caduco
1167 548 1257 600 post
1295 542 1555 599 pubertatem
1595 547 1820 587 contracto.

306 611 418 656 Haec
451 612 638 655 doctrina
674 614 834 655 etiamsi
870 612 982 656 nullo
1016 615 1106 657 iure
1139 616 1311 667 sancita,
1359 626 1458 657 vera
1503 618 1591 656 erat
1635 626 1683 657 ac
1727 615 1820 657 reti-

187 684 338 737 nenda,
371 688 512 739 utpote
545 684 771 726 conformis
805 686 922 739 praxi
956 683 994 727 S.
1031 683 1182 741 Congr.
1215 683 1339 729 Conc.
1363 684 1441 728 Sed
1469 698 1578 728 nunc
1603 684 1751 728 melius
1774 697 1821 728 ac

190 755 307 812 plene
341 757 553 811 provisum
588 758 649 797 est
681 756 720 797 in
755 767 925 807 canone,
960 757 1080 799 cuius
1114 757 1369 812 praescripto
1402 755 1595 798 standum
1638 760 1699 799 est
1743 754 1822 799 sub

188 827 245 869 n0.
282 826 338 871 30.
380 825 526 869 «Sunt
559 825 812 882 irregulares
845 839 893 869 ex
928 826 1091 870 defectu
1114 842 1135 868 )>
1174 829 1323 870 mentis
1355 825 1406 870 ob
1441 827 1696 883 frequentem
1722 826 1821 869 alie-

189 899 409 952 nationem,
449 895 544 951 Qui,
579 897 621 949 a)
655 895 882 954 epileptici,
916 911 987 941 seu
1025 897 1169 941 morbo
1203 897 1362 941 caduco
1397 899 1576 953 correpti
1602 900 1640 940 in
1666 902 1818 941 terram

187 968 350 1023 cadere,
375 980 570 1024 spumare
596 967 659 1010 vel
684 970 967 1011 contorsiones
986 970 1068 1025 pati
1088 968 1232 1023 solent,
1254 967 1297 1025 b)
1316 967 1379 1011 vel
1404 973 1604 1022 (inientes,
1627 970 1822 1025 quamvis

187 1053 235 1083 ex
262 1038 340 1082 alia
366 1039 605 1081 infirmitate
628 1040 809 1082 amentia
838 1051 934 1082 vera
959 1039 1197 1095 proflueret,
1220 1039 1260 1096 c)
1281 1038 1387 1082 vela
1406 1038 1608 1082 daemone
1622 1038 1820 1096 possessi,

189 1114 309 1166 prout
343 1111 545 1166 possessio
579 1111 746 1166 proprie
780 1108 831 1153 ab
865 1109 1102 1153 obsessione
1136 1110 1287 1165 differt,
1322 1112 1375 1153 ita
1403 1114 1446 1153 ut
1465 1111 1624 1166 patiens
1646 1122 1719 1152 sua
1745 1111 1822 1166 pri-

191 1186 310 1224 vetur
343 1182 492 1223 mentis
526 1179 716 1223 libertate
751 1182 788 1223 in
826 1183 1004 1236 propriis
1037 1180 1282 1233 actionibus,
1307 1183 1367 1224 eis
1389 1194 1502 1237 ergo,
1534 1182 1691 1237 «qui»
1719 1179 1822 1224 tales

187 1256 230 1303 a)
263 1257 360 1294 sunt
395 1254 432 1294 in
469 1253 691 1308 praesenti,
724 1250 767 1307 b)
802 1250 865 1293 vel
896 1251 1086 1308 ficerunt,
1120 1254 1216 1309 quia
1249 1265 1358 1295 nuuc
1391 1251 1442 1295 ab
1475 1251 1712 1294 huiusmodi
1747 1250 1820 1294 de-

188 1324 295 1367 fectu
331 1322 448 1366 liberi
483 1327 721 1377 evaserunt,
756 1327 895 1365 manet
930 1322 1215 1379 irregularitas
1247 1322 1434 1366 absolute
1467 1322 1635 1380 quidem
1670 1322 1720 1366 ad
1755 1336 1820 1365 01·-

189 1395 305 1437 dines
338 1393 638 1449 suscipiendos.
674 1393 853 1436 Additur
886 1398 1025 1436 autem
1062 1396 1100 1436 in
1135 1406 1317 1437 canone:
1352 1392 1461 1451 quod
1493 1393 1530 1436 si
1562 1393 1603 1450 a)
1634 1398 1732 1451 post
1754 1406 1820 1436 re-

188 1470 326 1523 ceptos
359 1463 529 1507 ordines
562 1477 702 1508 sacros
736 1469 856 1520 prout
885 1480 905 1505 ((
929 1478 978 1508 ex
1005 1469 1202 1508 contextu
1228 1464 1450 1508 verborum
1477 1467 1639 1508 eruitur
1660 1480 1680 1506 ))
1709 1463 1818 1521 (can.

189 1536 306 1593 950),
326 1547 419 1578 nam
440 1536 607 1578 ordines
627 1537 807 1579 minores
825 1548 1024 1579 exercere
1047 1535 1240 1579 omnibus
1265 1535 1361 1579 licet
1396 1538 1433 1578 in
1470 1537 1674 1592 praesenti
1699 1536 1820 1579 disci-

188 1607 312 1664 plina,
345 1617 519 1662 excepto
541 1609 793 1650 exorcistatu
819 1609 1000 1662 practice
1033 1611 1073 1650 et
1106 1620 1153 1650 ex
1190 1619 1279 1650 can.
1318 1607 1422 1649 1151
1468 1612 1507 1649 et
1543 1607 1656 1650 1153
1691 1620 1821 1650 reser-

188 1682 282 1721 vato
305 1677 591 1721 sacerdotibus
618 1677 680 1721 vel
705 1678 902 1734 diaconis,
928 1676 969 1734 b)
991 1677 1095 1720 tales
1120 1677 1278 1721 scilicet
1302 1677 1552 1734 irregulares
1576 1677 1653 1721 sub
1671 1677 1820 1721 litteris

187 1749 229 1799 a)
264 1747 300 1800 b)
337 1748 380 1805 c)
415 1750 557 1804 primis
590 1747 801 1790 evaserint
834 1754 873 1790 et
906 1747 946 1805 c)
982 1753 1122 1804 postea
1162 1748 1248 1790 iam
1291 1747 1443 1791 liberos
1487 1761 1575 1790 esse
1617 1747 1661 1805 d)
1708 1753 1820 1791 certo

186 1824 357 1872 constet,
392 1819 442 1862 de
476 1831 557 1876 qua
592 1818 830 1862 morborum
857 1821 1085 1863 cessatione
1109 1819 1159 1862 ad
1187 1821 1338 1875 peritos
1369 1818 1566 1873 medicos,
1590 1824 1629 1862 et
1652 1819 1703 1863 de
1728 1832 1820 1876 pos-

187 1891 369 1933 sessione
402 1889 451 1932 ad
490 1892 600 1933 viros
632 1902 797 1947 quoque
833 1891 919 1946 pios
952 1895 991 1933 et
1024 1891 1066 1932 in
1091 1889 1168 1934 hac
1192 1903 1235 1933 re
1258 1891 1485 1947 prudentes
1508 1890 1709 1934 iudicium
1734 1903 1822 1947 per-

189 1962 317 2016 tinet3
351 1959 498 2003 horum
534 1973 633 2017 ergo
667 1963 903 2003 testimonio
936 1960 1060 2004 debet
1092 1965 1296 2015 constare,
1329 1974 1376 2005 ac
1409 1961 1485 2005 sub
1527 1961 1682 2004 illamet
1726 1973 1822 2017 qua-

189 2030 367 2087 druplici
401 2031 651 2086 conditione,
691 2030 950 2074 Ordiiiariiis
984 2036 1072 2075 tum
1112 2047 1134 2072 «
1159 2031 1235 2075 loci
1258 2046 1281 2072 »
1309 2036 1395 2075 tum
1425 2047 1446 2073 ‹<
1469 2032 1667 2088 Superior
1691 2033 1821 2074 maior

191 2104 228 2144 in
264 2101 535 2158 religionibus
568 2101 832 2145 clericalibus
865 2105 1112 2158 exemptis»
1152 2102 1259 2159 (can.
1299 2103 1380 2145 198
1413 2103 1440 2161 ἓ
1474 2102 1515 2159 1)
1543 2107 1680 2160 potest
1699 2115 1820 2145 unus-

189 2174 363 2229 quisque
398 2172 437 2229 a)
471 2173 559 2215 sicis
592 2171 773 2215 sicbdilis
808 2172 851 2229 b)
883 2178 1146 2231 receptorum
1179 2172 1377 2216 ordinum
1407 2173 1669 2228 excercicium,
1695 2186 1716 2216 a
1736 2187 1820 2231 quo

189 2247 357 2299 propter
401 2246 576 2300 primam
621 2246 793 2286 numeri*
829 2249 986 2300 partem
1036 2243 1396 2300 «prohibentur»
1442 2245 1551 2301 (can.
1586 2244 1670 2287 968
1704 2246 1729 2298 ἓ
1761 2244 1818 2299 ⁶2),

188 2327 353 2370 rursus,
377 2317 473 2372 quia
499 2317 774 2371 interceptum
800 2319 889 2358 erat
905 2314 962 2373 ,ob
988 2317 1163 2358 vetitum
1187 2315 1353 2372 quando
1377 2330 1398 2356 ((
1418 2315 1519 2358 tales
1537 2320 1761 2358 evaserunt
1778 2330 1818 2365 »,

185 2385 445 2442 permittere.
489 2384 605 2429 Unde
639 2385 689 2428 ad
723 2385 797 2428 hos
830 2370 1068 2429 extenditur
1101 2388 1291 2442 exceptio
1326 2386 1537 2442 praedicta
1570 2385 1646 2429 sub
1679 2386 1736 2428 11⁰.
1774 2385 1818 2428 ⁶2⁰

188 2460 227 2499 et
260 2455 312 2499 ob
344 2456 535 2499 eamdem
570 2459 812 2499 canonicam
847 2459 1115 2513 aequitatem.
1646 2456 1647 2459 ’

309 2526 404 2569 341.
442 2529 510 2572 Ex
542 2528 737 2573 defectu
776 2529 1085 2573 sacramenti.
1122 2552 1174 2558 —
1210 2526 1499 2583 lrregularitas
1541 2541 1591 2570 ex
1637 2527 1819 2583 bigamia

189 2598 323 2653 ipsum
358 2597 600 2653 Apostolum
637 2596 759 2641 habet
792 2602 1019 2652 auctorem,
1053 2599 1123 2654 qui
1157 2597 1209 2641 de
1242 2597 1417 2641 diacono
1450 2602 1491 2640 et
1526 2597 1727 2654 Episcopo
1762 2596 1820 2640 lo-

189 2679 320 2724 quens
363 2680 411 2711 ac
457 2667 629 2724 proinde
671 2667 913 2724 presbytero
951 2667 1261 2724 applicandum,
1300 2670 1356 2711 ait
1381 2669 1418 2711 1:
1444 2672 1484 2709 “((
1507 2665 1683 2724 Oportet
1719 2680 1819 2724 ergo

189 2736 440 2794 Episcopum
474 2738 880 2795 irreprehensibilem
916 2751 1018 2793 esse,
1043 2741 1164 2782 unius
1184 2741 1328 2783 uxoris
1349 2741 1528 2782 virum...
1558 2737 1722 2781 Diaconi
1741 2740 1820 2781 sint

309 2891 319 2912 ¹
346 2890 365 2924 Ι
390 2890 437 2924 ad
465 2890 636 2924 Timoth.
664 2890 736 2934 ΙΙΙ,
763 2891 798 2931 2,
831 2891 885 2925 12.
