1971 3261
57 167 61 170 ·
125 148 218 185 Gan.
245 146 402 182 asa-990

698 146 782 179 Τιτ.
813 147 877 180 VI.
909 167 919 172 -
950 147 1004 181 Dc
1028 148 1172 182 Ordine
1688 149 1755 183 44?

128 267 397 310 Afferendum
430 271 490 309 est
525 278 633 308 nunc
668 268 774 321 priv.
808 278 1051 308 concessum
1086 265 1187 311 Ord.
1225 267 1366 312 l'racd.
1401 270 1507 324 quod
1543 282 1614 324 per
1647 282 1756 311 coin-

129 338 451 380 municationem
489 334 803 391 privilegiorum
840 336 1142 379 extendebatur
1166 338 1215 380 ad
1244 337 1451 381 l'raelatos
1483 339 1658 381 aliorum
1695 352 1757 381 or-

127 407 286 450 dinum.
320 405 454 450 Habet
497 411 708 449 auctorem
746 407 861 449 Pium
902 405 929 447 V
966 408 1002 448 in
1037 408 1077 450 (Ι.
1119 407 1335 451 «Romani
1374 409 1484 452 l'ont.
1508 425 1529 449 »
1560 411 1570 431 ¹
1607 414 1644 452 ct
1678 412 1758 453 ait:

132 479 271 534 «quia
306 476 343 519 S.
379 475 489 519 Trid.
530 474 653 520 Cone.
698 477 901 519 concessit
936 475 1162 533 Episcopis.
1204 482 1245 520 ut
1277 478 1496 522 absolvere
1532 482 1685 535 possint
1720 481 1758 522 in

127 548 215 591 foro
249 549 411 591 animae
444 561 515 590 seu
551 548 829 590 conscientiae
862 545 914 589 ab
946 546 1137 590 omnibus
1169 552 1361 603 pcccatis,
1385 555 1423 592 et
1446 550 1686 606 dispensare
1721 552 1758 592 in

129 617 518 674 irregularitatibus,
568 621 689 674 prout
735 630 834 661 sess.
872 617 921 659 24
958 630 993 660 c.
1030 619 1052 659 6
1099 618 1285 667 babetur,
1323 634 1371 662 ne
1415 623 1529 663 Prior
1571 620 1755 664 Conven—

128 688 261 742 tualis,
296 693 335 732 et
367 691 604 745 superiores
640 688 814 732 Praelati
844 688 941 730 dicti
973 691 1096 731 totius
1130 689 1311 733 (li-dinis.
1348 696 1427 733 tani
1464 693 1500 733 in
1535 692 1642 735 dicta
1670 694 1761 734 Pro-

132 761 266 803 vincia
299 772 422 816 quam
458 765 575 803 extra
610 772 700 803 eam
727 757 911 810 ubilibet,
937 760 974 801 in
1011 758 1086 802 bac
1113 766 1225 815 parte
1259 761 1477 804 deterioris
1500 763 1760 810 conditionis,

128 843 252 888 quam
286 829 433 874 Clerici
468 836 538 873 aut
568 829 804 874 saeculares
846 832 1038 880 existant,
1072 830 1207 873 eidem
1255 834 1381 874 Priori
1417 832 1688 876 Conventuali
1723 838 1758 875 et

127 901 420 958 Superioribus
445 901 654 954 Praelatis,
680 906 723 945 ut
746 903 820 958 ipsi
857 913 930 957 per
961 914 1005 944 se
1039 904 1148 957 ipsos
1183 903 1288 945 idem
1324 905 1489 945 omnino
1526 907 1679 959 possint
1723 906 1760 947 in

129 972 295 1015 Fratres
327 978 365 1015 et
401 971 598 1016 Moniales
630 972 728 1016 dicti
762 970 935 1017 Ordinis
977 971 1055 1015 sibi
1088 972 1288 1019 subditos.
1323 974 1430 1029 quod
1470 979 1635 1029 possunt
1668 973 1762 1031 Epi·

129 1046 240 1099 scopi
287 1046 326 1086 in
359 1041 541 1087 Clerieos
579 1048 619 1086 et
659 1042 800 1086 Laieos
832 1042 909 1086 sibi
943 1041 1163 1097 subiectos,
1191 1048 1271 1085 tam
1307 1058 1387 1100 quo
1422 1045 1470 1087 ad
1507 1045 1762 1089 absolvendi.

129 1118 168 1157 et
191 1114 458 1171 dispensandi
494 1113 746 1169 huiusmodi,
769 1126 895 1171 quam
919 1113 1020 1157 alias
1043 1126 1329 1171 quascumque
1361 1115 1587 1171 facultates,
1617 1116 1762 1158 eadem

131 1186 388 1239 auctoritate,
409 1189 446 1228 et
471 1189 627 1240 tenore,
652 1186 774 1228 etiam
800 1188 1003 1241 perpetuo
1026 1185 1309 1239 concedimus,
1333 1190 1372 1228 et
1401 1186 1677 1242 indulgemus.
1717 1200 1764 1230 ac

131 1258 253 1298 etiam
288 1255 614 1299 declaramus».

251 1325 348 1368 366.
384 1328 615 1373 Facultas
647 1330 713 1373 ab
742 1329 1194 1384 irregularitatibus
1216 1332 1404 1373 tantum
1428 1330 1765 1384 dispensandi.

136 1422 187 1427 —
212 1395 315 1440 lllud
352 1399 414 1440 ius
447 1399 570 1440 etiam
606 1410 655 1440 ex
692 1397 913 1454 privilegio
947 1400 986 1441 in
1010 1395 1174 1442 Codicis
1207 1411 1393 1441 normam
1429 1400 1762 1442 transformatum

133 1469 377 1524 opportunis
409 1481 504 1511 cum
539 1467 839 1512 mutationibus
871 1469 1120 1512 adnotandis
1153 1470 1278 1512 refert
1317 1474 1440 1526 atque
1472 1468 1610 1512 Conc.¹
1642 1468 1765 1513 Trid.¹

133 1543 258 1595 caput
300 1540 434 1581 innuit
467 1552 559 1581 can.
594 1541 690 1582 990
721 1539 749 1597 g
783 1539 802 1582 1
840 1542 899 1583 sic
945 1541 1177 1596 incipiens:
1212 1538 1329 1582 Licet
1361 1540 1400 1597 a)
1436 1539 1683 1583 ordinariis
1716 1541 1766 1584 ad

134 1621 322 1652 normam
367 1621 458 1652 can.
494 1609 592 1660 198,
624 1609 653 1667 ξ»
691 1609 726 1661 l,
762 1610 871 1653 unde
915 1623 994 1654 non
1043 1610 1141 1654 solis
1183 1609 1412 1668 Episcopis‚
1445 1612 1514 1654 sed
1567 1611 1769 1667 religiosis

133 1693 299 1737 quoque
335 1679 532 1724 Praelatis
565 1681 747 1737 idipsum
792 1683 907 1738 prius
949 1681 1232 1726 obtinentibus
1265 1696 1315 1726 ex
1352 1681 1585 1739 privilegio,
1620 1681 1661 1738 b)
1693 1695 1770 1739 per

134 1764 178 1793 se
208 1750 271 1794 vel
300 1764 379 1809 per
411 1750 558 1807 alium,
593 1753 701 1795 sicut
734 1754 862 1808 prius,
898 1752 1007 1796 unde
1051 1753 1224 1797 facultas
1271 1753 1373 1797 haec
1421 1755 1578 1810 regitur
1625 1765 1767 1796 norma

135 1834 224 1865 can.
245 1822 387 1877 199,{
412 1822 452 1878 1,
475 1821 515 1879 c)
539 1836 637 1866 suos
670 1822 859 1867 subditos
886 1840 908 1865 «
931 1837 981 1867 ex
1018 1827 1198 1881 receptis
1220 1824 1328 1881 apud
1356 1824 1548 1881 probatos
1580 1829 1770 1868 auctores

136 1893 592 1951 interpretationibus»
633 1894 742 1951 (can.
770 1895 808 1948 6,
834 1894 912 1952 2⁰),
944 1908 1051 1953 quae
1084 1909 1136 1939 ss.
1171 1895 1399 1940 canonibus
1430 1896 1481 1938 de
1513 1894 1770 1939 subiectione

136 1976 215 2006 non
249 1964 541 2020 adversentur,
562 1964 606 2021 d)
641 1963 890 2022 dispensare
922 1966 1115 2024 equidem
1154 1969 1191 2009 in
1227 1967 1313 2009 foro
1346 1965 1769 2010 extra-sacramentali

139 2034 200 2078 vel
226 2039 398 2078 externo
422 2033 471 2078 ab
495 2034 906 2093 irreqularilotibus,
931 2050 1010 2080 non
1036 2051 1137 2081 vero
1160 2037 1212 2081 ab
1235 2037 1325 2080 aliis
1350 2036 1671 2093 impedimentis,
1696 2049 1770 2080 nec

136 2105 216 2149 illis
248 2119 296 2149 ex
332 2106 496 2150 defectu
531 2109 645 2159 ortis,
679 2107 750 2150 sed
783 2107 825 2164 a)
859 2107 1048 2151 omnibus
1082 2123 1133 2151 ece
1165 2108 1318 2152 delicto
1349 2108 1426 2152 sub
1463 2121 1552 2151 can.
1588 2108 1671 2151 985
1707 2121 1768 2151 re-

136 2179 317 2232 censitis,
340 2182 522 2221 attamen
557 2177 600 2235 b)
625 2177 786 2221 occulto
808 2179 858 2222 ad
885 2186 1040 2236 praec.s
1063 2182 1164 2223 iuris
1197 2192 1384 2223 normam
1417 2177 1769 2237 provenientibus,

136 2260 184 2291 ac
217 2252 382 2292 notetur
414 2248 613 2292 delictum
649 2262 698 2292 ex
735 2252 951 2294 recensitis
975 2253 1014 2293 in
1040 2253 1107 2295 eit.
1133 2263 1292 2295 canone
1324 2250 1476 2294 debere
1510 2263 1598 2293 esse
1633 2249 1767 2293 occul-

137 2323 241 2372 tum,
263 2332 343 2362 non
376 2319 575 2363 delictum
611 2319 721 2363 aliud
758 2321 1012 2377 praecedens
1034 2338 1056 2363 «
1080 2334 1208 2379 poena
1243 2324 1441 2365 canonica
1466 2337 1487 2361 »
1511 2321 1769 2368 mulctatum,

138 2402 218 2446 qua
251 2389 430 2434 clericus
468 2406 488 2431 <t
512 2390 565 2435 ab
597 2391 755 2435 ordinis
787 2394 987 2436 exercitio
1023 2393 1336 2449 prohibeatur»
1376 2402 1482 2449 fcan.
1508 2393 1608 2446 985,
1628 2406 1664 2435 n.
1691 2391 1769 2448 7⁰),

138 2465 178 2503 et
210 2461 383 2517 proinde
417 2464 573 2505 corruit
596 2461 830 2506 Declaratio
854 2465 924 2508 cit.
947 2464 986 2508 S.
1006 2462 1048 2507 C.
1071 2463 1112 2508 C.
1138 2464 1189 2508 de
1212 2463 1453 2507 Tridentino
1478 2466 1580 2507 iure.
1606 2463 1771 2506 Praeter

138 2544 262 2588 supra
296 2532 532 2576 declaratas
558 2532 764 2577 facultatis
786 2534 1022 2579 ordinariae
1046 2535 1326 2585 limitationes
1349 2535 1455 2579 duae
1488 2535 1771 2590 adiunguntur

139 2606 405 2659 exceptiones
438 2606 480 2660 a)
513 2617 562 2646 ea
606 2604 914 2660 irregularitate
958 2612 1145 2664 exscepta,
1179 2608 1285 2650 sicut
1319 2608 1355 2649 in
1396 2619 1486 2662 cap.
1525 2605 1769 2648 «Liceat».

139 2672 190 2715 (le
223 2687 304 2731 qua
337 2673 380 2716 in
415 2688 505 2717 can.
531 2676 641 2729 895,
663 2690 702 2718 n.
728 2679 769 2731 4,
804 2689 910 2733 quae
944 2690 1038 2721 cum
1073 2677 1282 2734 duplicem
1317 2690 1485 2720 causam
1521 2677 1771 2719 disiunctire

142 2743 304 2800 babeat,
339 2757 414 2788 nee
464 2758 542 2788 una
593 2758 690 2802 prae
723 2746 849 2791 altera
901 2747 968 2791 bie
1003 2748 1223 2804 indicetur,
1257 2750 1376 2791 sicuti
1413 2748 1563 2790 factum
1614 2744 1769 2788 videbi-

260 2898 270 2918 1
298 2898 341 2930 21
370 2896 445 2931 Iul.
478 2897 580 2932 1571.
