1971 3261
700 124 783 158 Ti‘r.
809 123 841 157 I.
870 143 883 149 —
909 123 966 158 De
993 124 1198 168 Baptismo

1721 122 1767 156 33

232 247 264 280 l0
290 245 325 280 Si
369 249 531 292 parentes
574 243 626 279 vel
670 247 813 284 tutores,
854 246 914 278 aut

130 296 253 331 saltem
283 304 374 329 unus
399 302 532 333 eorum,
561 291 778 332 consentiat3

226 341 263 376 20
289 339 323 375 Si
354 344 525 386 parentes.
550 338 639 374 idest
658 342 766 384 pater,
787 341 910 377 mater,

129 401 229 430 avus,
256 388 346 427 avia.
378 386 427 422 vel
455 391 586 422 tutores
611 385 740 425 desint,
768 389 828 420 aut
859 384 912 420 ius

132 438 167 472 in
194 447 273 472 eum
311 434 508 477 amiserint,
538 433 589 469 vel
629 432 714 467 illud
753 442 912 467 exercere

133 484 228 520 nullo
257 487 354 529 pacto
381 485 524 527 queant.

178 531 260 567 Cn:
285 528 367 564 751.
390 550 406 554 -
427 527 529 564 Circa
554 527 768 573 baptismum
798 525 911 561 infan

129 579 217 613 tium
233 579 380 613 duorum
402 575 657 611 haeretieorum
671 579 731 609 aut
745 574 912 609 schisma-

130 627 290 665 ticorum,
311 629 373 660 aut
397 623 548 658 duorum
575 621 825 657 catholicorum
852 621 910 666 qui

133 674 166 708 in
193 672 404 719 apostasiam
425 670 476 706 vel
497 669 668 705 baeresim
688 669 739 704 vel
758 669 912 704 schisma

133 721 282 766 prolapsi
310 719 394 759 sint,
414 717 609 763 generatim
627 721 811 752 serventur
837 727 914 751 nor-

131 779 209 803 mae
235 769 270 802 in
298 765 475 812 superiore
500 775 634 801 canone
661 764 884 799 constitutae.

179 814 263 850 CAN.
286 812 365 848 752.
387 834 403 838 -
424 817 443 855 ξ
467 812 495 847 l.
518 812 681 854 Adultus,
702 811 768 846 nisi
797 811 912 847 sciens

127 868 163 898 et
190 862 310 898 volens
342 860 516 908 probeque
550 860 757 900 instructus,
787 869 831 894 ne
859 858 912 893 ba-

131 910 298 956 ptizetur:
339 910 484 954 insuper
521 907 765 942 admonendus
799 911 837 941 ut
869 906 912 942 de

132 958 282 1004 peccatis
308 956 380 991 suis
406 955 532 990 doleat.

178 1009 197 1047 ἓ
224 1004 256 1038 ·.).
288 1003 323 1037 ln
366 1002 486 1037 mortis
523 1006 640 1036 autem
682 1000 847 1046 periculo.
883 1000 910 1034 si

131 1055 281 1097 nequeat
314 1051 349 1084 in
383 1049 578 1096 praecipuis
618 1048 695 1084 fidei
736 1048 913 1095 mysteriis

129 1099 336 1143 diligentius
363 1097 504 1140 instrui,
532 1095 616 1131 satis
644 1101 709 1137 est,
729 1096 772 1131 ad
801 1095 912 1141 bapti·

130 1157 245 1181 smum
285 1144 551 1187 conferendum,
580 1148 617 1178 ut
655 1143 772 1188 aliquo
812 1143 913 1178 modo

127 1192 290 1228 ostendat
316 1202 352 1226 se
376 1191 507 1227 eisdem
546 1190 716 1226 assentire
754 1190 912 1235 serioque

132 1240 310 1286 promittat
328 1249 364 1273 se
381 1238 596 1273 christianae
614 1237 793 1281 religionis
814 1248 912 1272 man-

130 1289 211 1321 data
237 1290 472 1324 servaturum.

176 1337 195 1375 g
222 1331 254 1368 3.
282 1330 382 1376 Quod
410 1332 437 1366 si
471 1331 685 1377 baptismum
719 1341 764 1366 ne
797 1335 911 1376 petere

126 1380 270 1427 quidem
305 1383 422 1425 queat,
450 1379 508 1414 sed
551 1378 602 1413 vel
639 1382 743 1413 antea
782 1377 833 1412 vel
874 1377 910 1412 in

132 1428 301 1473 praesenti
342 1431 434 1462 statu
476 1425 755 1461 manifestaverit
792 1425 911 1471 aliquo

130 1474 299 1520 probabili
335 1474 435 1509 modo
470 1473 703 1509 intentionem
732 1472 830 1508 illum
858 1484 910 1508 su-

987 241 1172 288 scipiendi,
1203 240 1436 287 baptizandus
1473 245 1524 276 est
1561 241 1626 276 sub
1652 241 1768 276 condi-

987 290 1101 329 tione;
1131 288 1157 322 si
1186 288 1314 324 deinde
1331 289 1549 324 convaluerit
1566 293 1598 324 et
1619 288 1766 324 dubium

985 337 1028 372 de
1043 335 1160 371 valore
1175 335 1339 382 baptismi
1351 335 1465 371 collati
1481 336 1767 381 permaneat,sub

986 383 1187 419 conditione
1202 382 1397 429 baptismus
1415 395 1535 418 rursus
1553 383 1764 419 conferatur.

1034 430 1120 467 CAN.
1142 429 1224 465 753.
1247 451 1264 455 -
1285 434 1304 472 ξ
1327 430 1355 465 l.
1370 429 1454 466 Tam
1473 431 1685 466 sacerdotem
1707 430 1765 476 qui

985 479 1124 514 adultos
1163 477 1405 524 baptizaturus
1438 483 1502 519 est,
1537 489 1642 523 quam
1676 478 1768 524 ipsos

985 526 1123 561 adultos
1141 526 1199 571 qui
1220 525 1297 560 sani
1317 525 1400 567 sint,
1415 525 1511 561 decet
1525 536 1600 561 esse
1619 525 1767 561 ieiunos.

1034 577 1053 615 ξ
1079 572 1112 608 2.
1144 572 1213 607 Nisi
1235 583 1357 617 graves
1384 577 1617 619 urgentesque
1642 584 1768 609 causae

985 620 1115 663 obsint,
1144 620 1286 656 adultus
1312 620 1508 666 baptizatus
1544 621 1662 656 statim
1691 619 1768 655 Mis·

986 679 1043 703 sae
1069 668 1240 703 sacrificio
1279 668 1423 703 assistat
1447 672 1480 704 et
1506 678 1639 704 sacram
1679 678 1769 703 com-

988 716 1191 751 munionem
1222 715 1401 761 percipiat.

1035 763 1120 799 CAN.
1150 760 1230 797 754.
1251 783 1267 787 -
1288 766 1308 805 ξ
1338 763 1366 798 l.
1394 767 1561 798 amentes
1587 767 1620 798 et
1647 762 1765 798 furiosi

988 821 1031 846 ne
1057 811 1292 857 baptizentur,
1322 810 1388 845 nisi
1428 810 1514 846 tales
1540 821 1560 846 a
1586 810 1768 846 nativitate

988 857 1038 893 vel
1063 862 1145 893 ante
1181 857 1347 904 adeptum
1386 857 1532 893 rationis
1571 869 1671 893 usum
1701 858 1768 893 sue-

986 906 1078 946 rint3
1115 910 1147 941 et
1182 910 1267 940 tunc
1306 905 1505 951 baptizandi
1546 910 1628 940 sunt
1656 909 1693 940 ut
1719 905 1767 939 in-

989 953 1112 988 fantes.

1034 1004 1053 1042 ξ
1086 999 1119 1034 ’·.)..
1150 998 1184 1035 Si
1212 1004 1329 1035 autem
1357 999 1510 1034 dilucida
1536 999 1691 1035 habeant
1718 1001 1767 1034 in-

987 1047 1143 1083 tervalla.
1172 1047 1256 1082 dum
1293 1046 1422 1082 mentis
1459 1053 1636 1093 compotes
1669 1052 1765 1088 sunt,

987 1095 1222 1140 baptizentur.
1250 1094 1277 1128 si
1306 1093 1426 1129 velint.

1034 1146 1053 1184 ξ
1081 1141 1111 1176 3.
1139 1140 1364 1188 Baptizentur
1390 1152 1540 1187 quoque,
1559 1141 1767 1177 imminente

988 1189 1140 1235 periculo
1180 1189 1312 1229 mortis,
1342 1188 1384 1227 si,
1412 1194 1602 1234 antequam
1638 1189 1767 1224 insani-

987 1241 1076 1278 rent,
1105 1236 1318 1282 suscipiendi
1357 1236 1519 1282 baptismi
1555 1236 1766 1272 desiderium

987 1283 1215 1318 ostenderint.

1033 1334 1052 1372 ξ
1079 1328 1113 1365 4.
1143 1329 1210 1374 Qui
1240 1330 1394 1375 lethargo
1429 1335 1489 1366 aut
1527 1330 1686 1377 phrenesi
1724 1331 1768 1366 la-

987 1377 1098 1422 borat,
1129 1378 1279 1423 vigilans
1304 1383 1441 1413 tantum
1462 1383 1494 1414 et
1514 1378 1633 1414 volens
1659 1379 1768 1425 bapti·

986 1430 1102 1470 zetur3
1134 1430 1169 1460 at
1196 1425 1222 1460 si
1254 1425 1444 1471 periculum
1481 1426 1602 1461 mortis
1637 1426 1770 1472 impen-

985 1473 1077 1516 deat,
1104 1478 1261 1508 servetur
1289 1474 1541 1519 praescriptum
1568 1474 1587 1520 ξ
1613 1472 1646 1508 3.

426 1632 468 1638 -
495 1611 611 1657 capaci
641 1610 713 1646 sive
741 1610 885 1657 parvulo
915 1610 987 1646 sive
1012 1611 1132 1646 adulto
1582 1610 1669 1646 Can.
1699 1609 1767 1645 745

723 1728 764 1731 —
794 1706 952 1741 nondum
983 1706 1082 1752 plene
1108 1706 1200 1741 edito
1629 1720 1643 1738 »
1699 1704 1766 1741 746

716 1731 765 1876 .—
792 1801 949 1837 abortivo
975 1812 1197 1847 quocumque
1627 1815 1642 1833 υ
1699 1799 1764 1835 747

427 1870 470 1876 --
498 1849 632 1885 infante
664 1870 702 1873 ἡ

175 1895 289 1942 Caput
316 1895 353 1930 ll.
715 1880 765 1937 l—
794 1901 950 1932 monstro
977 1896 1027 1932 vel
1056 1901 1190 1933 ostento
1629 1911 1643 1928 »
1699 1894 1767 1931 748

153 1942 201 1978 De
233 1943 387 1995 subiecto
716 1944 718 2011 l
1153 1992 1158 1997 ι
1283 1991 1290 1997 .
1699 1990 1718 1999 -

177 1990 340 2036 baptismi
366 2012 408 2016 ——
725 2012 764 2016 -
781 1997 939 2038 respectu
978 2013 1013 2016 —
1042 1996 1198 2038 exposito
1223 1996 1255 2027 et
1283 1996 1427 2027 invento
1629 2006 1644 2023 »
1706 1989 1767 2026 149

744 2039 787 2074 ad
807 2039 894 2074 alios
914 2060 947 2064 -

975 2087 1165 2122 —soilicet
1182 2097 1236 2133 pa·
1275 2108 1313 2112 -
1343 2086 1501 2122 infideles
1699 2085 1765 2120 750

996 2139 1112 2170 rentes
1244 2107 1267 2207 f

1271 2203 1314 2207 —
1340 2181 1550 2216 acatholicos
1629 2196 1643 2213 n
1699 2179 1760 2215 751

726 2298 761 2302 —
792 2277 905 2322 quoad
933 2276 1100 2322 requisita
1127 2277 1161 2311 in
1189 2288 1228 2312 eo
1627 2290 1641 2308 »
1697 2274 1764 2310 75³2

426 2390 468 2394 —
504 2371 623 2406 adulto
662 2307 765 2482 ——l—
791 2372 906 2417 quoad
935 2371 1108 2407 servanda
1134 2372 1169 2406 in
1199 2372 1372 2418 baptismo
1698 2370 1764 2404 753

726 2487 763 2490 —
790 2470 930 2502 amente
964 2471 997 2502 et
1025 2466 1168 2507 furioso,
1188 2472 1293 2512 atque
1328 2467 1483 2511 lethargo
1517 2471 1575 2501 aut

745 2514 906 2560 phrenesi
936 2514 1115 2550 laborante
1634 2527 1642 2544 ›
1697 2510 1760 2546 754

249 2654 318 2698 28.
354 2658 611 2714 Inscriptio
645 2660 822 2715 capitis
856 2662 905 2704 et
938 2660 1061 2704 ordo
1095 2672 1352 2705 canonum.
1376 2683 1400 2689 -
1424 2657 1582 2701 Deinde
1605 2661 1763 2713 oportet

131 2728 383 2780 perscrutari
411 2725 546 2785 Caput
568 2727 621 2772 Il.
651 2727 709 2771 De
740 2728 923 2772 subiecto
959 2728 1158 2786 baptismi
1190 2732 1280 2772 sive
1313 2728 1536 2775 sollemnis.
1560 2730 1649 2772 sive
1684 2730 1764 2785 pri-

132 2796 229 2845 vati,
255 2794 443 2840 absolute
476 2802 547 2841 aut
579 2798 656 2842 sub
679 2799 916 2842 conditione
940 2799 1195 2854 conferendi,
1224 2801 1437 2855 perpensis
1459 2798 1765 2842 conditionibus

129 2863 302 2908 subiecti
337 2870 503 2923 capacis
535 2869 788 2925 suscipiendi
825 2868 1090 2925 baptismum,
1127 2869 1191 2912 vel
1228 2874 1269 2912 ut
1291 2869 1400 2913 licite
1430 2871 1503 2925 ipsi
1529 2870 1765 2912 conseratur

256 2954 351 2983 BLAT
374 2971 392 2978 -
419 2956 543 2986 Comm.
572 2958 657 2986 Text.
685 2958 760 2986 (lod.
789 2958 858 2986 Ῐιιν.
886 2958 954 2987 Can

1664 2958 1681 2985 3
