1971 3261
0 2757 12 2926 l

165 111 264 148 Can.
292 111 386 148 1092
687 113 770 148 ΤΙΤ.
798 113 884 148 VII.
910 134 922 139 -
949 114 1006 149 De
1033 115 1292 150 Matrimonio
1736 117 1803 151 621

161 230 376 278 expeditum.
406 230 611 276 Exemplum
630 231 810 266 adducunt
828 233 870 268 (le
890 232 1034 278 pupillo,
1056 233 1113 278 qui
1135 234 1255 279 utique
1280 233 1478 269 dominium
1499 244 1618 269 verum
1639 234 1801 280 acquirit,

163 289 253 325 illud
279 293 396 325 autem
424 300 494 324 non
520 289 654 325 obtinet
682 290 896 336 expeditum.

286 347 323 382 ‘20
350 347 489 383 Adsunt
514 348 674 394 exempla
702 349 838 395 piarum
867 360 1109 396 personarum,
1139 361 1226 397 quae
1254 351 1379 396 ligatae
1397 357 1498 387 erant
1519 357 1594 388 voto
1619 357 1804 399 perpetuae

163 406 378 452 virginitatis
403 406 609 445 servandae,
638 418 728 453 quae
756 409 901 454 proinde
929 409 979 444 vel
1008 414 1257 445 contraxerunt
1283 421 1362 445 cum
1390 411 1590 447 conditione
1612 412 1804 448 servandae

166 464 391 511 virginitatis,
422 465 473 501 vel
500 476 575 501 sese
600 471 835 512 exposuerunt
864 467 1017 513 periculo
1045 473 1161 503 votum
1190 468 1356 504 violandi.
1387 469 1475 504 Cum
1496 469 1559 505 hoc
1575 469 1723 505 alterum
1745 480 1804 506 ne-

161 529 269 571 queat
295 524 459 570 supponi,
490 524 643 570 primum
672 526 863 560 tenendum
889 531 953 563 est.
981 526 1066 572 Ergo
1094 527 1183 562 valet
1212 527 1280 563 tale
1308 528 1584 563 matrimonium.

283 582 439 618 Aliorum
467 583 642 618 sententia
670 583 811 618 fulcitur
829 585 1036 621 auctoritate
1058 584 1096 619 D.
1114 585 1267 621 Thomac
1285 585 1412 621 aientis
1433 588 1466 620 1:
1500 601 1513 618 «
1535 586 1625 632 quod
1647 586 1704 621 illa
1722 597 1803 622 con-

159 641 248 677 ditio
274 641 437 687 explicita
463 652 535 677 non
565 642 678 677 solum
704 643 810 678 actuI.
841 643 900 679 sed
927 643 1035 679 etiam
1066 644 1228 690 potestati
1255 645 1490 681 contrariatur
1520 645 1665 691 copulae
1694 656 1800 681 carna

167 700 222 740 lis.
250 705 283 736 et
311 700 386 736 ideo
411 706 462 736 est
488 702 664 736 contraria
692 702 969 738 matrimonio».

284 758 384 802 Quod
412 759 460 795 ita
486 759 623 795 videtur
648 760 901 797 demonstrari:
931 761 987 797 lus
1013 762 1244 798 subiectivum
1265 767 1315 798 est
1339 777 1353 795 α
1377 763 1523 799 facultas
1543 764 1684 799 moralis
1702 763 1801 810 quid-

159 829 270 865 quam
297 818 423 864 agendi
454 819 505 854 tel
532 819 692 864 exigendi
722 820 988 856 inviolabilis».
1018 819 1118 864 Quod
1147 832 1225 857 vero
1253 821 1336 858 haec
1364 822 1509 858 facultas
1537 822 1747 869 impediatur
1766 823 1801 857 in

164 888 226 913 suo
251 877 414 913 exercitio
442 889 501 924 per
526 878 779 914 accidentalem
807 891 947 915 causam
976 880 1027 916 vel
1056 880 1119 926 ipsi
1147 880 1391 922 extrinsecam,
1410 892 1499 927 quae
1519 886 1802 928 proptereatem—

165 935 294 982 poralis
319 936 395 977 erit,
422 941 513 972 recte
539 937 747 983 concipitur.
777 937 842 973 Sed
872 950 950 974 cum
980 939 1156 985 praedicta
1189 939 1336 976 facultas
1375 940 1409 974 in
1450 940 1523 976 iure
1552 940 1800 976 matrimoniali

160 995 206 1031 ad
232 1006 358 1041 corpus
381 996 513 1031 oriatur
538 1007 578 1032 ex
605 1007 777 1032 consensu
797 1008 958 1043 expresso
978 998 1243 1039 matrimoniali,
1261 998 1383 1045 nequit
1410 999 1546 1045 concipi
1569 1004 1605 1034 ut
1622 1010 1662 1034 ex
1680 999 1800 1035 eodem

162 1065 336 1090 consensu
364 1054 399 1089 in
429 1055 563 1101 praxim
589 1055 712 1091 deduci
742 1061 892 1102 nequeat
931 1057 965 1091 in
1009 1062 1228 1103 perpetuum.
1256 1057 1295 1093 Et
1322 1058 1387 1093 hoc
1414 1058 1555 1104 quidem
1587 1058 1801 1104 contingeret

165 1118 303 1160 propter
331 1114 543 1160 praedictam
570 1115 808 1151 conditionem
835 1126 1034 1162 expressam
1062 1116 1098 1151 in
1126 1127 1298 1152 consensu
1338 1117 1602 1152 matrimoniali.
1630 1116 1715 1152 Nam
1743 1128 1799 1152 re-

162 1183 244 1208 vera
268 1173 515 1209 contrahentes
542 1174 574 1208 vi
601 1185 794 1210 consensus
822 1174 932 1210 mutui
962 1186 1032 1210 non
1059 1175 1229 1211 haberent
1256 1176 1456 1211 facultatem
1493 1176 1660 1211 moralem
1687 1180 1720 1211 et
1746 1176 1802 1211 ho-

161 1236 299 1267 nestam
327 1232 447 1268 utendi
475 1243 617 1279 corpore
642 1233 800 1269 alterius.

280 1290 371 1326 Hinc
397 1291 618 1327 renunciatio
643 1303 806 1338 expressa
831 1297 864 1328 et
889 1292 1049 1329 absoluta
1076 1305 1159 1329 usus
1186 1293 1403 1329 matrimonii
1433 1298 1543 1340 potest
1576 1294 1696 1340 utique
1728 1293 1799 1330 fieri

162 1354 238 1395 post
263 1354 445 1396 acceptum
473 1351 536 1392 ius
564 1350 650 1396 quin
678 1355 880 1387 contractus
905 1352 1116 1394 destruatur,
1139 1352 1222 1398 quia
1248 1357 1448 1387 contractus
1476 1352 1545 1388 iam
1571 1357 1623 1388 est
1649 1352 1799 1388 celebra-

158 1412 235 1451 tus;
261 1408 289 1443 si
316 1413 434 1444 autem
462 1409 521 1444 fiat
548 1409 583 1444 in
613 1409 689 1455 ipsa
714 1414 914 1446 contractus
940 1410 1186 1453 celebratione,
1206 1415 1406 1446 contractus
1430 1422 1501 1447 non
1521 1410 1710 1457 perficitur.
1733 1411 1799 1447 Nec

158 1467 252 1503 valet
277 1467 476 1514 exemplum
505 1467 643 1514 pupilli,
673 1468 756 1514 quia
783 1469 981 1505 interdictio
1006 1469 1160 1505 exercitii
1189 1470 1274 1504 iuris
1301 1481 1372 1505 non
1400 1475 1451 1506 est
1481 1469 1641 1506 absoluta
1666 1474 1699 1505 et
1725 1482 1799 1517 per-

159 1531 273 1572 petua,
301 1527 359 1563 sed
385 1531 437 1563 est
463 1531 702 1574 temporanea,
733 1539 797 1564 nec-
823 1533 995 1575 repugnat
1021 1529 1175 1575 aliquem
1206 1524 1485 1576 posse'recipere
1508 1529 1575 1570 ius,
1597 1529 1688 1575 quod
1707 1529 1799 1566 illico

157 1595 230 1620 non
256 1591 424 1622 exerceat.

277 1643 400 1688 Quoad
428 1656 507 1681 vero
534 1645 760 1682 matrimonia
786 1646 959 1683 celebrata
985 1658 1006 1682 a
1032 1647 1099 1693 piis
1127 1647 1284 1693 personis
1309 1647 1486 1683 obstrictis
1515 1652 1590 1683 voto
1615 1652 1798 1694 perpetuae

154 1704 328 1739 castitatis
356 1707 442 1749 (non
470 1704 648 1751 loquimur
673 1705 715 1741 de
742 1711 820 1741 voto
846 1706 993 1742 solemni
1021 1706 1058 1741 in
1085 1717 1190 1742 sensu
1217 1707 1315 1748 iuris,
1334 1707 1425 1753 quod
1458 1706 1722 1742 matrimonium
1746 1707 1798 1742 di-

157 1763 269 1806 rimit)
295 1763 428 1799 adverti
457 1768 578 1810 potest,
607 1764 822 1810 propositum
854 1776 914 1801 seu
951 1765 1222 1812 promissionem
1249 1766 1411 1801 servandi
1439 1766 1633 1801 castitatem
1660 1770 1797 1802 antece-

153 1822 247 1857 dens
275 1822 555 1864 matrimonium,
585 1834 655 1858 non
682 1823 816 1859 officere
843 1824 949 1860 valori
970 1825 1386 1866 contractus‚dumm0d0
1407 1835 1567 1871 expresse
1593 1836 1663 1860 non
1690 1825 1797 1861 dedu-

128 1921 131 1924 ·
153 1885 255 1916 catur
281 1881 318 1916 in
348 1886 500 1927 pactum.
531 1881 618 1917 Nam
644 1887 844 1919 contractus
870 1883 1065 1919 celebratus
1091 1884 1225 1930 absque
1258 1884 1393 1920 adiecta
1423 1883 1623 1919 conditione
1649 1883 1797 1919 habetur

157 1940 206 1976 uti
233 1940 392 1976 absolute
417 1940 624 1983 celebratus,
650 1946 682 1977 et
709 1947 874 1978 constans
899 1942 1064 1978 omnibus
1100 1943 1172 1978 suis
1205 1942 1452 1979 essentialibus
1478 1943 1676 1979 elementis.
1706 1942 1797 1978 Hinc

155 2010 276 2035 revera
303 1999 417 2035 locum
445 1999 549 2036 habet
590 2000 694 2047 plena
731 2001 873 2037 traditio
912 2001 1009 2037 iuris.
1046 2000 1273 2038 Solummodo
1302 2013 1380 2048 pars
1407 2013 1495 2048 quae
1521 2002 1692 2038 castitatis
1720 2007 1796 2038 voto

155 2057 296 2103 ligatur,
326 2069 400 2095 sese
425 2059 568 2106 exponit
594 2064 654 2095 aut
681 2060 803 2096 saltem
831 2071 904 2096 sese
930 2068 1102 2107 exponere
1123 2065 1232 2107 potest
1252 2061 1404 2107 periculo
1433 2061 1585 2097 violandi
1614 2065 1746 2103 votum,
1763 2067 1795 2097 et

152 2128 195 2153 ex
221 2117 285 2153 hoc
310 2117 426 2164 capite
454 2118 720 2154 matrimonium
746 2124 797 2156 est
824 2119 999 2155 illicitum.

276 2175 343 2213 Sed
369 2177 396 2211 si
425 2178 552 2213 coniux
579 2177 637 2224 qui
667 2183 742 2214 voto
769 2178 897 2224 ligatur
922 2189 962 2214 ex
989 2178 1109 2215 divina
1136 2179 1346 2215 revelatione
1364 2179 1450 2215 sciat
1472 2179 1581 2215 alium
1608 2180 1794 2226 coniugem

154 2245 327 2285 nonffesse
354 2247 501 2271 usurum
530 2236 613 2278 iure,
641 2238 733 2283 quod
760 2237 896 2284 recipit,
925 2238 1050 2284 poterit
1088 2249 1158 2274 non
1199 2238 1312 2274 solum
1345 2238 1458 2274 valide
1484 2239 1543 2274 sed
1569 2239 1675 2275 etiam
1702 2239 1794 2275 licite

155 2295 422 2330 matrimonium
449 2296 668 2339 contrahere,
696 2301 800 2343 atque
827 2297 874 2332 ita
899 2297 1094 2343 explicatur
1119 2297 1293 2343 quomodo
1328 2297 1419 2334 inter
1455 2297 1696 2340 Beatissimam
1726 2297 1795 2334 vir-

152 2353 273 2398 ginem
299 2358 332 2389 et
359 2353 392 2390 S.
412 2355 535 2401 loseph
561 2355 674 2391 extitit
700 2366 820 2392 verum
847 2360 880 2392 et
907 2355 1041 2392 licitum
1069 2356 1336 2393 matrimonium
1364 2368 1434 2392 non
1454 2357 1615 2393 obstante
1633 2362 1712 2393 voto
1730 2357 1795 2392 vir-

151 2412 312 2457 ginitatis
340 2413 593 2459 praeexistente
621 2414 731 2461 ipsius
758 2414 1009 2451 Sanctissimae
1039 2414 1077 2451 V.
1106 2414 1249 2451 Mariae.
1277 2416 1324 2451 lta
1350 2414 1383 2451 S.
1404 2415 1556 2452 Thomas
1574 2417 1600 2451 2.

273 2471 400 2508 Bened.
430 2471 506 2507 xlv
535 2472 570 2507 in
598 2484 629 2509 c.
658 2473 703 2508 22
731 2474 791 2509 lib.
825 2473 864 2508 13
896 2488 911 2507 «
931 2474 973 2510 de
999 2473 1087 2521 Syn.
1116 2474 1358 2512 dioecesana»
1391 2476 1465 2511 fuse
1485 2480 1670 2522 pertractat
1689 2486 1793 2522 quae-

150 2530 302 2566 stionem
341 2531 434 2567 circa
472 2532 624 2568 valorem
664 2532 880 2569 matrimonii
915 2531 1188 2569 Calvinistarum
1222 2533 1352 2569 initum
1379 2545 1459 2569 cum
1486 2534 1546 2570 illa
1571 2535 1790 2571 conditione:

155 2602 172 2621 «
193 2589 335 2635 Accipio
360 2594 393 2625 et
419 2590 495 2626 iuro
521 2591 613 2637 quod
641 2603 711 2627 non
737 2592 908 2633 deseram,
938 2592 1048 2628 donec
1073 2592 1110 2627 in
1138 2593 1319 2629 honestate
1346 2593 1628 2640 permanseris»,
1649 2598 1680 2629 et
1695 2594 1793 2629 docet

151 2647 419 2684 matrimonium
458 2649 573 2685 valere
611 2650 637 2685 si
679 2650 833 2687 conditio
869 2651 953 2686 haec
992 2662 1156 2698 expressa
1196 2663 1267 2688 non
1302 2652 1468 2688 fueritin
1496 2657 1690 2694 contractu,
1720 2664 1790 2688 non

149 2706 264 2742 valere
288 2711 406 2743 autem
439 2707 467 2742 si
509 2708 613 2745 fuerit
651 2720 823 2756 expressa.
863 2710 962 2746 Ratio
1001 2710 1176 2746 secundae
1216 2711 1327 2757 partis
1364 2716 1508 2759 apparet
1542 2723 1581 2747 ex
1622 2722 1660 2747 eo
1699 2711 1789 2758 quod

147 2765 401 2802 dissolubilitas
432 2766 469 2801 in
507 2778 589 2803 casu
623 2768 786 2804 adulterii
822 2773 872 2805 est
906 2769 1081 2805 contraria
1109 2770 1312 2817 proprietati
1350 2771 1580 2807 matrimonii.
1614 2770 1703 2806 Hinc
1731 2771 1786 2806 de-

270 2862 280 2883 ¹
309 2860 446 2906 Suppl.
468 2873 504 2907 q.
525 2862 695 2898 XLVIII
714 2875 747 2898 a.
770 2865 789 2897 1
809 2863 857 2898 ad
874 2864 936 2900 3¹²¹.
963 2884 1008 2889 —
1034 2866 1044 2887 ¹
1073 2865 1095 2898 4
1114 2863 1225 2900 Sent.
1247 2864 1339 2900 dist.
1361 2866 1420 2907 30,
1441 2870 1593 2911 quaest..
1610 2867 1644 2907 2,
1659 2869 1733 2900 art.
1753 2867 1783 2900 1.
