1971 3261
214 153 284 187 450
618 150 707 185 Lm.
736 150 809 186 ΙΙΙ.
836 171 850 176 -
876 151 986 186 PARS
1012 150 1042 186 I.
1068 170 1081 177 —
1106 151 1164 186 De
1189 151 1455 186 Sacramentis
1657 151 1750 188 Can.
1768 152 1848 187 ,990

214 269 404 313 serendos
437 266 617 313 Ordines
661 271 944 326 requiruntur,
977 271 1067 312 sive
1100 268 1209 326 quod
1256 269 1304 312 ad
1351 269 1486 312 studia
1531 271 1708 324 pertinet
1740 282 1845 327 quae

212 342 340 384 sacris
374 338 706 383 ordinationibus
738 344 832 382 sunt
865 340 1182 396 praemittenda.
1216 366 1268 370 —
1304 338 1575 387 wemmam
1610 339 1854 397 Congrega-=

213 412 310 454 tioni
346 412 624 466 competentia
661 409 880 453 tribuenda
913 412 963 453 sit
995 410 1131 467 quoad
1172 410 1387 466 religiosos
1429 411 1742 467 dispensandos,
1775 409 1844 469 qui

213 485 380 538 propter
414 480 604 524 morbum
652 480 717 524 vel
750 480 828 524 alia
865 481 914 524 de
948 493 1072 524 causa
1105 493 1128 524 a
1161 480 1308 524 Missae
1351 480 1632 525 celebratione
1675 481 1860 538 physice

214 551 277 595 vel
313 551 525 594 moraliter
559 551 857 608 impediuntur,
882 551 1009 595 veluti
1034 554 1065 595 si
1092 551 1268 608 pedibus
1289 554 1517 595 consistere
1550 565 1630 595 non
1668 551 1844 596 valeant.

328 621 433 665 Emi.
469 622 610 666 Patres
643 621 885 666 Cardinales
930 622 1266 679 respondendum
1311 627 1586 666 censuerunt:
1624 649 1676 653 ——
1708 622 1771 666 Ad
1808 623 1845 666 3.

211 693 273 737 Ad
308 693 347 737 S.
380 692 423 737 C.
458 693 508 736 de
541 693 773 750 Religiosis.
810 719 863 724 -
897 693 961 737 Ad
996 694 1035 737 4.
1069 693 1131 737 Ad
1166 693 1205 737 S.
1240 692 1282 738 C.
1316 693 1367 737 de
1401 693 1620 749 Religiosis
1643 709 1682 738 2³.

388 764 427 821 h)
466 780 488 805 «
510 764 548 807 S.
583 763 733 820 Congr.
769 764 820 807 de
854 764 972 821 Prop.
1008 764 1151 808 Fide»
1191 764 1315 808 habet
1351 766 1388 806 in
1434 763 1510 807 hac
1554 778 1598 808 re
1636 780 1658 805 c<
1682 764 1844 808 iurisdi-

210 837 388 878 ctionem
423 836 783 890 circumscriptam
811 833 1051 890 regionibus
1072 850 1094 875 ›)
1122 834 1199 878 sibi
1227 833 1438 878 subiectis.
1467 850 1490 876 α
1513 834 1670 878 Pariter
1702 848 1846 891 oppor-

210 910 329 948 tunas
362 907 651 948 concessiones
675 920 695 946 »
726 905 826 948 dare
860 909 993 961 potest
1021 921 1043 946 «
1066 905 1114 949 ad
1140 917 1302 949 sacram
1327 905 1629 948 ordinationem
1664 907 1846 948 alumno-

210 989 300 1019 rum
327 978 546 1032 requisitas
569 991 589 1016 ))
614 978 652 1018 in
671 975 939 1019 societatibus
962 975 1340 1019 ecclesiasticorum
1365 988 1413 1019 ac
1431 976 1673 1019 Seminariis
1697 991 1716 1017 ((
1739 988 1845 1033 quae

209 1046 423 1090 exclusive
458 1046 626 1090 fundata
658 1051 753 1089 sunt
787 1060 835 1089 eo
869 1048 964 1102 line,
984 1051 1027 1089 ut
1051 1048 1089 1089 in
1115 1048 1175 1090 eis
1199 1049 1466 1090 instituantur
1498 1048 1746 1090 missionarii
1773 1059 1845 1102 pro

209 1119 364 1161 exteris
397 1117 707 1161 missionibus»
745 1116 860 1172 (Can.
898 1118 995 1173 252,
1028 1117 1056 1175 ξ
1087 1117 1147 1175 3).

387 1188 424 1243 e)
464 1203 484 1229 «
507 1188 545 1234 S.
571 1187 720 1245 Congr.
747 1201 819 1244 pro
842 1187 1029 1232 Ecclesia
1061 1185 1265 1233 Orientali
1293 1204 1315 1229 ))
1342 1193 1583 1244 competens
1615 1193 1674 1232 est
1708 1189 1845 1246 quoad

214 1271 452 1315 «personas
474 1258 755 1302 Ecclesiarum
782 1258 1087 1302 orientalium»
1111 1261 1235 1302 etiam
1263 1258 1475 1315 religiosas
1495 1258 1604 1316 (can.
1625 1259 1722 1314 257,
1739 1258 1767 1317 ἓ
1786 1257 1842 1315 1).

383 1329 428 1387 d)
462 1329 597 1374 Salvis
640 1329 957 1386 exceptionibus
999 1329 1216 1387 hucusque
1260 1332 1505 1382 enuncians,
1550 1332 1709 1373 ratione
1753 1330 1844 1386 fori,

208 1412 480 1456 personarum
515 1404 554 1443 et
588 1399 797 1455 locorum3
832 1400 969 1458 quoad
1005 1400 1259 1444 ordinandos
1291 1400 1330 1444 S.
1354 1399 1506 1457 Congr.
1542 1401 1593 1444 de
1625 1400 1842 1457 disciplina

206 1471 570 1514 Sacramentorum
606 1476 667 1514 est
699 1471 904 1514 adeunda.
930 1471 1049 1526 Quod
1076 1476 1236 1515 constat
1260 1485 1308 1515 ex
1335 1477 1463 1515 const.
1493 1487 1515 1512 α
1538 1471 1720 1528 Sapienti
1745 1484 1841 1514 con-

206 1541 299 1585 silio
324 1557 344 1583 ))
368 1542 587 1599 (implicite
610 1542 745 1600 quoad
767 1542 844 1585 hoc
862 1541 951 1585 sub.
973 1555 1062 1586 can.
1084 1542 1166 1586 249
1186 1543 1398 1599 contenta)
1419 1541 1680 1586 ubidicitur:
1701 1541 1759 1600 (1,
1780 1541 1842 1599 3⁰)

211 1628 230 1653 «
256 1613 294 1658 2.
319 1611 462 1670 Itaque
486 1613 623 1656 eidem
643 1612 808 1669 Cong1·.¹
834 1612 1114 1658 tribuuntur...
1135 1613 1463 1670 dispensationes
1486 1613 1729 1656 ordinandis
1751 1626 1843 1656 con-

204 1683 429 1736 cedendae,
463 1683 580 1727 salvo
625 1686 714 1727 iure
746 1683 891 1740 Cong.⁵
923 1683 1110 1740 Negotiis
1153 1685 1445 1741 religiosorum
1490 1683 1695 1728 sodalium
1730 1696 1844 1740 prae-

206 1756 360 1811 positae
394 1754 444 1798 ad
479 1755 778 1798 moderandam
815 1755 1057 1798 eorumdem
1094 1755 1400 1799 ordinationem
1425 1771 1464 1797 )).

322 1824 423 1868 Item
458 1827 496 1868 in
535 1841 558 1866 «
579 1824 746 1868 Not-mis
782 1824 1105 1881 peculiaribus»
1144 1824 1260 1882 (Cap.
1298 1825 1341 1868 10
1371 1825 1426 1882 c.)
1456 1841 1474 1865 ((
1499 1823 1672 1869 ...Circa
1705 1829 1842 1868 cetera

204 1895 471 1939 Sacramenta
492 1895 692 1948 (scilicetz
725 1900 891 1951 praeter
924 1908 987 1949 ea,
1020 1907 1126 1952 quae
1161 1898 1471 1939 matrimonium
1507 1898 1707 1952 spectant)
1731 1907 1842 1938 com·

203 1968 427 2022 petentiam
470 1965 595 2009 habet
638 1968 997 2022 circumscriptam
1038 1965 1279 2022 regionibus
1323 1968 1401 2009 iuri
1446 1968 1658 2010 communi
1703 1965 1840 2009 subie-

204 2038 280 2079 ctis
303 2052 342 2091 )),
377 2036 552 2092 proinde
598 2050 676 2079 non
722 2037 964 2080 extenditur
1006 2037 1056 2080 ad
1103 2036 1190 2080 loca
1225 2037 1264 2081 S.
1299 2035 1442 2093 Cong.i
1476 2036 1527 2080 de
1574 2036 1840 2093 l'ropaganda

202 2106 401 2151 subiecta.
428 2133 478 2137 —
510 2107 616 2150 «Ad
652 2120 742 2150 eam
778 2110 903 2150 etiam
938 2107 1207 2164 peculiariter
1241 2109 1419 2164 pertinet
1452 2107 1685 2151 concedere
1717 2106 1841 2150 facul-

201 2182 371 2221 tatem...
407 2191 532 2221 coeco
564 2182 634 2221 aut
667 2180 916 2222 coecutienti
953 2182 995 2221 ut
1030 2178 1147 2221 litare
1173 2180 1300 2234 possit
1321 2191 1415 2222 cum
1443 2177 1638 2221 facultate
1672 2176 1837 2234 legendi

203 2246 366 2291 Missam
405 2250 587 2291 votivam
624 2248 664 2291 Β.
700 2248 749 2291 M.
789 2247 969 2305 Virginis
1002 2253 1072 2291 aut
1106 2262 1180 2305 pro
1213 2248 1463 2292 defunctis»
1494 2248 1521 2289 1.

318 2318 368 2361 Et
401 2319 571 2362 demum
605 2318 643 2376 e)
678 2324 935 2376 congruente
968 2324 1076 2364 can.e
1101 2319 1199 2374 250,
1224 2321 1248 2372 ἓ
1275 2319 1289 2361 l
1322 2321 1398 2362 iuri
1435 2318 1700 2375 praecedenti
1729 2333 1751 2359 <‹
1773 2316 1835 2374 e):

199 2388 367 2444 Spectat
400 2389 448 2432 ad
484 2391 522 2433 S.
558 2388 932 2446 Congregationem
967 2388 1140 2434 Concilii
1174 2389 1347 2433 facultas
1380 2389 1634 2433 concedendi
1674 2388 1838 2432 clericis

196 2459 481 2503 sacerdotibus
516 2460 867 2516 dispensationem
903 2459 955 2504 ab
989 2459 1342 2516 irregularitate»
1371 2458 1399 2503 ².
1435 2459 1551 2503 Hanc
1590 2458 1835 2502 declaratio-

198 2543 291 2573 nem
324 2532 512 2586 sequenti
551 2531 673 2574 modo
709 2531 902 2573 limitavit
934 2530 1079 2574 eadem
1115 2531 1154 2574 S.
1188 2529 1338 2587 Congr.
1374 2529 1566 2575 Consist.⁸
1591 2530 1605 2551 ³
1638 2542 1687 2572 ex
1725 2541 1836 2573 man-

195 2600 291 2643 dato
324 2600 447 2643 Smi.:
488 2601 883 2656 «dispensationem
920 2614 968 2644 ex
1010 2601 1176 2644 defectu
1222 2602 1428 2644 reservari
1464 2600 1512 2643 ad
1548 2600 1586 2644 S.
1621 2599 1748 2655 Cong.
1783 2599 1835 2642 de

195 2671 489 2725 Sam-amentis,
523 2684 574 2714 ex
609 2671 761 2715 delicto
795 2676 933 2714 autem
969 2671 1019 2715 ad
1053 2671 1090 2714 S.
1126 2670 1275 2726 Congr.
1312 2670 1483 2715 Concilii
1506 2686 1546 2711 ».

315 2740 382 2784 lll.
416 2740 643 2798 Hucusque
682 2741 792 2785 dicta
830 2746 925 2784 sunt
948 2743 1115 2785 omnino
1139 2746 1265 2795 certa,
1290 2744 1347 2784 uti
1372 2753 1569 2797 expressa
1595 2743 1632 2783 in
1657 2739 1833 2784 authen-

321 2847 332 2868 1
358 2846 523 2880 Normae
558 2854 676 2890 spec.S
705 2846 796 2891 Cap.
835 2847 921 2888 VII,
955 2847 1042 2881 Art.
1072 2847 1142 2888 ΙΙΙ,
1171 2847 1273 2881 100...
1303 2848 1357 2891 ἕ).
1392 2867 1429 2872 —-
1456 2847 1470 2869 2
1496 2846 1534 2880 S.
1564 2846 1706 2891 Congr.
1735 2845 1833 2880 Con-

200 2893 303 2928 sist.s
329 2893 374 2928 27
401 2893 513 2927 Febr.
544 2893 650 2934 1909,
681 2893 757 2928 CO.
787 2894 818 2929 Ι.
848 2895 929 2927 251.
959 2914 1002 2920 -—
1029 2894 1043 2916 3
1068 2894 1114 2927 ’28
1139 2894 1237 2928 Nov.
1270 2894 1372 2934 1911,
1402 2893 1478 2928 CO.
1508 2894 1579 2934 111,
1608 2893 1689 2928 658.
1719 2894 1757 2913 s
