1971 3261
577 145 661 179 Trr.
689 144 763 178 ΙΙΙ.
791 163 804 169 -
832 143 889 178 De
913 145 1167 177 sanctissima
1198 143 1453 176 Eucharistta
1788 140 1833 174 99

202 279 288 310 mas
323 265 434 322 leges
457 265 576 308 tulit:
614 263 657 307 1⁰
690 268 734 307 ut
758 263 770 286 ¹
812 278 832 304 ((
855 266 1006 320 quanta
1045 264 1224 304 maxima
1261 262 1348 303 lieri
1384 264 1515 316 potest
1542 261 1724 303 interiori
1750 273 1833 302 cor-

200 337 263 381 dis
296 338 485 393 puritate,
520 340 644 392 atque
677 333 874 378 exteriori
912 333 1147 376 devotionis
1170 344 1218 375 ac
1243 333 1405 388 pietatis
1444 332 1583 387 sp'ecie
1614 335 1836 387 peragatur

201 409 419 451 missarum
454 405 707 459 celebrati03
742 409 782 448 et
805 416 911 461 quae
934 416 953 446 a
981 405 1079 446 tanti
1124 403 1318 446 sacrificii
1344 401 1545 458 dignitate
1573 401 1705 445 aliena
1729 405 1836 453 sunt,

200 481 492 530 arceantur»;
527 475 571 518 ⁶2⁰
590 480 633 519 ut
650 476 963 531 suscipientium
985 473 1062 517 hoc
1081 473 1398 517 Sacramentum
1429 471 1593 515 utilitati
1629 483 1676 515 ac
1711 473 1838 527 ipsius

200 547 516 592 administrandi
563 547 818 589 venerationi
863 544 1125 598 consuleret;
1164 544 1206 586 30
1240 547 1284 586 ut
1329 543 1558 585 honorilice
1596 555 1689 585 cum
1726 544 1836 584 omni

202 621 437 663 reverentia
461 623 501 661 et
534 619 682 660 timore
707 620 985 673 pertractetur
1012 614 1162 658 Christi
1182 614 1341 670 Corpus
1362 613 1438 656 sub
1458 612 1535 656 hoc
1554 612 1836 656 Sacramento.

320 689 421 733 Cum
459 702 557 732 vero
595 687 752 744 «leges
795 687 1014 743 liturgicae
1059 688 1141 728 vim
1175 698 1290 729 suam
1329 687 1546 739 retineant,
1584 686 1659 727 nisi
1693 696 1836 727 earum

202 760 339 817 aliqua
375 762 411 803 in
443 759 594 804 Codice
627 771 823 815 expresse
857 760 1134 814 corrigatur»
1174 756 1282 813 (can.
1318 756 1389 811 2);
1427 757 1639 812 praecipui
1678 759 1833 798 tantum

201 833 308 876 sacri
362 844 541 875 canones
595 834 763 887 propter
818 831 996 886 primum
1051 840 1223 884 scopum
1283 827 1455 880 conditi,
1510 827 1746 869 referuntur
1800 828 1836 868 in

209 917 229 943 «
253 900 350 959 Cap.
386 901 412 946 l.
450 901 507 945 De
546 905 811 945 sacrosancto
855 898 1002 943 Missae
1046 899 1314 952 sacrificio»,
1355 900 1423 955 qui
1477 910 1575 940 vero
1617 898 1842 952 respiciunt

204 973 605 1018 administrationem
659 984 706 1016 ac
759 972 1064 1027 susceptionem
1118 968 1404 1012 Eucharistiae
1460 968 1608 1024 digesti
1659 972 1754 1010 sunt
1802 969 1838 1009 in

210 1059 230 1086 (c
253 1042 350 1101 Cap.
386 1043 430 1087 ll.
467 1043 524 1086 De
557 1044 818 1087 sanctissimo
851 1040 1138 1084 Eucharistiae
1161 1043 1421 1083 sacramento
1450 1054 1488 1087 )),
1525 1039 1748 1081 reservatis
1781 1051 1841 1081 ce-

204 1118 304 1159 teris
338 1129 410 1172 pro
444 1114 632 1158 eiusdem
657 1114 915 1158 Sacramenti
940 1111 1053 1156 cultu
1079 1110 1295 1167 multiplici
1320 1110 1368 1153 ad
1398 1114 1556 1166 partem
1589 1108 1695 1152 Libri
1721 1108 1842 1152 huius

211 1203 233 1228 c<
257 1185 314 1230 De
347 1186 461 1230 cultu
495 1186 639 1229 divino
666 1200 704 1226 )).

922 1346 1068 1383 CAPUT
1094 1347 1118 1381 l.

658 1433 712 1467 De
739 1431 988 1466 sacrosancto
1014 1430 1154 1464 Missae
1184 1429 1392 1464 sacrificio.

344 1551 443 1596 ΛΒΤ.
478 1551 506 1594 l.
542 1577 594 1583 —-
632 1549 693 1594 De
725 1548 946 1593 sacerdote
980 1547 1137 1592 Missae
1169 1546 1427 1604 sacrificium
1458 1545 1708 1589 celebrante.

256 1669 340 1707 CAN.
362 1669 443 1706 802.
467 1691 484 1696 -
502 1670 708 1706 Potestatem
726 1669 892 1705 offerendi
914 1668 993 1704 Mis-

1066 1668 1114 1702 sia
1143 1667 1179 1702 in
1206 1678 1275 1713 qua
1293 1666 1380 1708 litat,
1395 1666 1517 1712 quovis
1536 1665 1648 1705 titulo,
1667 1664 1847 1711 percipiat,

206 1729 266 1755 sae
290 1718 501 1754 sacrificium
528 1718 659 1753 habent
692 1717 754 1751 soli
783 1716 991 1752 sacerdotes.
1804 1711 1809 1717 '

1065 1720 1099 1751 et
1125 1726 1269 1758 nomen,
1298 1713 1447 1749 officium
1476 1723 1646 1758 suamque
1664 1712 1848 1747 dioeces1m

257 1764 341 1802 CAN.
368 1765 448 1801 803.
477 1786 493 1792 -
522 1764 595 1801 Non
635 1765 715 1800 lieet
753 1764 915 1811 pluribus
942 1774 995 1798 sa-

209 1813 406 1850 cerdotibus
421 1813 675 1854 concelebrare,
694 1816 938 1858 praeterquam
958 1811 993 1845 in

209 1860 316 1897 Missa
345 1861 578 1896 ordinationis
598 1859 879 1906 presbyterorum
906 1863 939 1894 et
958 1859 993 1893 in

209 1908 315 1944 Missa
352 1908 625 1944 consecrationis
663 1906 911 1953 Episcoporum
943 1916 994 1941 se-

209 1956 366 1992 cundum
395 1955 596 1991 Pontificale
623 1954 832 1990 Romanum.

258 2002 341 2039 CAN.
368 2002 450 2038 804.
480 2024 498 2029 -
525 2007 545 2046 ᾖ
568 2003 597 2038 l.
618 2001 788 2038 Sacerdos
808 2005 995 2038 extraneus

210 2051 376 2087 ecclesiae
419 2051 455 2085 in
498 2061 567 2097 qua
608 2049 782 2086 celebrare
834 2048 993 2095 postulat,

210 2098 380 2135 exhibens
418 2097 638 2134 authenticas
663 2102 697 2132 et
721 2097 835 2132 adhuc
863 2096 995 2131 validas

211 2145 344 2182 litteras
380 2144 686 2181 commendatitias
716 2144 770 2180 sui
798 2142 992 2182 Ordinarii,

213 2193 240 2228 si
268 2193 312 2228 sit
338 2193 537 2235 saecularis,
572 2192 625 2228 vel
651 2192 702 2227 sui
736 2190 945 2238 Superioris,
967 2190 994 2224 si

212 2240 410 2286 religiosus,
452 2240 504 2276 vel
544 2239 671 2275 Sacrae
708 2237 998 2284 Congregationis

214 2299 275 2334 pro
293 2287 445 2323 Ecclesia
463 2287 648 2327 Orientali,
673 2287 699 2321 si
720 2287 765 2321 sit
783 2286 871 2322 ritus
889 2285 1000 2321 orien-

213 2335 303 2376 talis,
331 2335 373 2370 ad
402 2334 526 2370 Missae
544 2334 816 2370 celebrationem
835 2333 999 2368 admitta-

214 2387 283 2421 tur,
313 2382 381 2417 nisi
409 2382 551 2418 interim
587 2381 720 2427 aliquid
751 2392 830 2417 eum
858 2380 1002 2418 commi-

215 2430 300 2465 sisse
326 2433 470 2471 constct,
498 2440 559 2465 cur
585 2440 605 2465 a
623 2429 749 2465 Missae
768 2427 1000 2464 celebratione

215 2476 336 2523 repelli
361 2477 496 2513 debeat.

263 2529 282 2567 g
308 2524 341 2559 2.
373 2523 406 2560 Si
436 2525 478 2559 iis
506 2523 630 2559 litteris
655 2522 855 2564 careat,scd
876 2521 998 2557 rectori

215 2572 381 2608 ecclesiae
421 2571 464 2607 de
505 2571 579 2607 eius
623 2570 793 2615 probitate
842 2570 1001 2616 apprime

215 2623 362 2663 constet,
394 2619 518 2665 poterit
535 2618 672 2654 admitti
692 2630 699 2652 ε
733 2618 759 2652 si
782 2628 859 2652 vcro
879 2616 999 2652 rectori

216 2666 261 2701 sit
286 2666 438 2711 ignotus,
463 2665 599 2701 admitti
632 2665 746 2701 adhuc
766 2669 877 2711 potest
895 2664 1001 2699 semel

217 2713 269 2750 vel
299 2714 363 2758 biS‚
392 2713 594 2754 dummodo,
635 2712 871 2748 ecclesiastica
911 2715 1003 2747 veste

217 2761 377 2803 indutus,
407 2760 497 2795 nihil
515 2771 554 2796 ex
583 2760 816 2796 celebratione
834 2759 877 2794 ab
896 2759 1002 2794 eccle-

337 2857 348 2878 1
376 2855 491 2890 Cone.
523 2854 629 2888 Trid.
660 2866 753 2888 sess.
783 2853 917 2897 XXII,
948 2853 1041 2886 Dec.

220 2902 400 2937 bratione
426 2903 584 2936 Missae.

1068 1763 1103 1797 in
1134 1762 1298 1809 peculiari
1327 1761 1415 1796 libro
1441 1761 1566 1805 signet.

1115 1814 1134 1852 ξ
1161 1809 1194 1844 3.
1225 1809 1419 1845 Peculiares
1452 1808 1519 1843 hac
1550 1807 1592 1843 de
1626 1817 1662 1842 re
1692 1817 1848 1847 normae,

1067 1857 1173 1892 salvis
1210 1857 1315 1892 huius
1353 1856 1499 1892 canonis
1538 1854 1770 1901 praescriptis,
1809 1853 1852 1889 ab

1068 1903 1259 1940 Ordinario
1294 1903 1357 1939 loci
1396 1903 1508 1945 datae,
1545 1901 1737 1938 servandae
1771 1905 1853 1936 sunt

1068 1952 1112 1988 ab
1138 1951 1317 1993 omnibus,
1349 1951 1454 1987 etiam
1474 1949 1650 1995 religiosis
1672 1948 1850 1994 exemptis,

1068 1999 1136 2034 nisi
1163 2004 1287 2044 agatur
1312 1999 1354 2034 de
1367 1997 1598 2034 admittendis
1616 1996 1658 2032 ad
1678 1995 1854 2031 celebran-

1067 2047 1151 2082 dum
1167 2046 1340 2091 religiosis
1353 2046 1390 2080 in
1405 2044 1551 2081 ecclesia
1564 2055 1646 2079 suae
1660 2043 1851 2089 religionis.

1118 2093 1202 2130 CAN.
1233 2091 1314 2128 805.
1347 2114 1364 2119 -
1393 2092 1595 2128 Sacerdotes
1621 2102 1742 2126 omnes
1768 2090 1853 2126 obli-

1067 2142 1389 2187 gationetenentur
1407 2139 1553 2176 Sacrum
1581 2138 1703 2174 litandi
1726 2138 1855 2184 pluries

1071 2200 1130 2235 per
1147 2200 1283 2224 annum
1302 2202 1310 2230 ς
1336 2192 1432 2223 curet
1449 2192 1566 2223 autem
1594 2186 1784 2232 Episcopus
1804 2184 1854 2220 vel

1072 2236 1238 2282 Superior
1256 2235 1439 2280 religiosus
1458 2239 1494 2270 ut
1514 2234 1618 2269 iidem
1646 2235 1768 2269 saltem
1788 2233 1858 2267 sin-

1072 2285 1163 2330 gulis
1182 2283 1305 2319 diebus
1319 2282 1507 2318 dominicis
1532 2281 1680 2327 aliisque
1701 2280 1796 2316 festis
1815 2280 1856 2314 de

1075 2336 1255 2378 praecepto
1281 2330 1412 2366 divinis
1430 2333 1631 2376 operentur.

1121 2378 1206 2414 Cis.
1235 2376 1316 2414 806.
1345 2399 1361 2403 ·
1390 2381 1408 2420 ἓ
1439 2377 1469 2411 1.
1500 2375 1646 2422 Excepto
1677 2375 1732 2411 die
1763 2373 1855 2409 Nati-

1073 2426 1190 2461 vitatis
1218 2425 1355 2461 Domini
1376 2430 1408 2460 et
1426 2425 1481 2460 die
1507 2421 1858 2459 Commemorationis

1073 2473 1232 2509 omnium
1261 2473 1415 2508 fidelium
1443 2471 1702 2510 defunctorum,
1731 2469 1858 2515 quibus

1075 2521 1220 2556 facultas
1246 2525 1298 2555 est
1323 2525 1375 2555 ter
1392 2518 1558 2554 offerendi
1582 2517 1855 2553 Eucharisticurn

1074 2568 1307 2608 Sacrificium,
1335 2578 1407 2602 non
1434 2566 1513 2601 licet
1540 2565 1707 2601 sacerdoti
1744 2564 1858 2610 plures

1076 2616 1110 2650 in
1138 2615 1194 2650 die
1219 2615 1392 2650 celebrare
1419 2613 1552 2653 Missas,
1575 2613 1640 2647 nisi
1670 2615 1857 2657 exapesto

1075 2663 1140 2698 lico
1166 2662 1303 2697 indulto
1329 2666 1389 2697 aut
1425 2664 1591 2705 potestate
1632 2660 1721 2694 sacta
1747 2669 1766 2693 a
1794 2657 1855 2693 loci

1077 2708 1278 2746 Ordinario.

1124 2761 1142 2800 ξ
1169 2757 1202 2791 ΕΞ.
1233 2756 1332 2792 Hane
1357 2761 1475 2791 tamen
1506 2754 1704 2790 facultatem
1733 2753 1856 2797 imper-

1071 2851 1116 2885 de
1147 2849 1405 2885 observandis
1426 2854 1465 2883 et
1485 2848 1684 2883 evitandis
1704 2848 1743 2881 in
1764 2847 1860 2881 cele-
