1971 3261
157 150 248 186 Can.
276 150 431 185 859-861
530 151 612 185 TIT.
651 150 723 184 ΙΙΙ.
753 171 764 175 -
795 151 848 185 De
873 155 1123 187 scmctisse’ma
1153 155 1406 190 &acharis-tia
1719 158 1784 192 197

158 283 286 312 eausa
319 269 500 312 scilicet:
535 268 800 325 culpabiliter
836 270 897 312 vel
945 272 1262 328 inculpabiliter,
1311 274 1539 317 voluntaria
1578 276 1638 318 vel
1676 278 1787 318 invo-

158 339 349 391 luntaria,
396 341 486 382 sive
524 353 644 395 «per
676 339 921 396 sacrilegam
972 346 1306 387 connnunione‘m
1337 361 1358 384 »
1407 345 1516 402 (can.
1553 346 1668 402 861),
1705 361 1782 390 non

158 409 406 469 impleverit.

277 481 370 525 179.
398 484 446 526 ln
466 497 594 539 quos
618 486 792 529 recidit
815 499 1012 542 quoque
1035 489 1277 544 obligatio
1297 490 1550 544 paschalis
1575 503 1783 534 commu-

156 554 314 598 nionis
347 554 670 609 impuberum.
696 580 747 585 —
773 554 830 598 Ex
868 555 981 599 Dec0.
1016 556 1103 601 cit⁰‚
1143 574 1161 597 «
1182 559 1314 610 Quam
1350 559 1589 615 singulari»
1630 559 1685 616 (n.
1716 558 1782 615 lV)

155 628 214 666 est
246 622 510 680 desumptum
551 629 590 667 et
628 625 871 681 ampliatum
928 630 1225 684 praescriptum
1277 644 1366 673 ran.
1412 632 1520 672 80⁴0.
1573 628 1783 685 (thliyatio

151 694 369 752 praecepti
400 695 706 738 communionis
738 696 965 739 sumendae
1000 700 1035 740 in
1072 712 1229 742 canone
1264 712 1400 755 praec.
1434 701 1653 756 explicata,
1678 715 1784 757 quae

154 763 386 821 impuberes
421 767 530 821 ipsos
559 772 724 823 qraral,
763 772 930 824 propter
965 768 1108 812 horum
1146 770 1454 813 instabilitatem
1479 776 1517 813 et
1541 784 1590 814 ex
1616 773 1784 813 canonis

152 840 304 879 statuto
338 836 380 879 in
414 850 482 879 eos
514 850 674 894 quoqne
708 852 756 879 (w
786 839 1028 896 praecipue,
1052 843 1147 897 quia
1173 840 1408 884 observatio
1444 842 1615 885 multum
1652 842 1702 885 ab
1727 844 1784 885 eis

154 907 318 963 pendet,
352 907 518 959 recidit,
552 908 624 965 qui
659 909 843 966 ipsorum
879 924 1021 952 em‘am
1058 910 1208 953 habere
1252 911 1396 955 dehent
1432 915 1587 955 ratione
1628 915 1783 969 patriae

154 980 365 1035 potestatis
401 979 462 1022 vel
501 981 657 1023 ratione
693 983 890 1033 muneris,
934 980 1042 1023 idest
1078 982 1119 1024 in
1151 988 1362 1039 parentes,
1405 989 1576 1032 {mot-(w,
1610 986 1677 1041 qui
1714 996 1783 1027 eos

150 1049 356 1106 supplent,
390 1048 711 1107 confessarium,
744 1054 809 1094 cui
844 1055 1098 1096 conscientia
1135 1053 1362 1109 impuberis
1386 1060 1442 1097 est
1469 1056 1635 1099 conlisa.
1663 1055 1781 1097 insli-

153 1126 322 1170 (πίονες,
372 1123 441 1178 qui
476 1123 565 1164 eius
600 1135 736 1165 mores
770 1123 928 1177 tingere
971 1124 1138 1177 dehent,
1176 1130 1213 1166 el
1246 1124 1473 1182 porcellum
1509 1125 1558 1168 ad
1595 1139 1779 1169 normam

151 1204 240 1235 can.
289 1191 371 1235 464
406 1195 431 1246 ἓ
466 1193 538 1247 1¹,
586 1193 657 1236 sed
708 1196 746 1236 in
791 1194 969 1237 solidum
1022 1197 1073 1237 ita
1112 1201 1153 1238 ut
1186 1199 1217 1238 si
1261 1209 1365 1239 unus
1412 1197 1780 1253 adimplementum

151 1263 346 1318 obtineat,
380 1269 615 1307 ceterorum
650 1264 848 1321 obligatio
881 1271 1026 1319 cesset,
1064 1271 1106 1309 ut
1140 1266 1305 1322 planum
1342 1272 1414 1312 est.

274 1335 368 1378 180.
406 1336 480 1381 De
512 1338 762 1393 sacrilega
795 1339 1150 1383 communione.
1183 1336 1307 1381 Cone.
1343 1337 1614 1381 Latet-anense
1640 1341 1690 1381 ita
1717 1352 1783 1382 ex-

153 1408 300 1462 pressit
336 1411 632 1462 praeceptum:
674 1407 980 1463 «suscipiendo
1017 1413 1301 1452 reverenter...
1335 1408 1618 1452 Eucharistiae
1652 1422 1784 1452 sacra-

152 1482 394 1520 mentum».
439 1477 500 1520 Ast
537 1477 614 1521 hoc
650 1483 760 1521 recte
805 1480 1161 1534 interpretamlum
1208 1479 1393 1523 deservit
1437 1480 1645 1523 distinctio
1693 1494 1783 1523 san-

150 1551 261 1591 ctum
297 1547 374 1591 hoc
422 1554 728 1592 sacramentum
778 1550 1027 1606 accipiendi,
1065 1563 1188 1608 quam
1240 1550 1465 1607 explicavit
1500 1553 1622 1595 (jone.
1670 1550 1780 1593 Trid.

149 1618 242 1674 (loc.
278 1622 346 1662 cit.
381 1619 431 1662 ad
466 1632 555 1663 can.
592 1620 711 1677 856).
750 1620 973 1665 Vitlelicet:
1028 1622 1386 1665 sacramentaliter
1434 1622 1664 1676 dumtaxat,
1715 1636 1779 1666 so-

148 1689 231 1733 lum
266 1691 550 1747 spiritualiter,
600 1692 957 1737 sacramentaliter
1005 1693 1127 1736 simul
1163 1698 1200 1735 et
1233 1693 1517 1749 spiritualiter.
1563 1693 1685 1750 Atqui
1721 1698 1777 1736 est

148 1760 364 1805 indubium
399 1763 606 1806 secundos
640 1776 718 1806 non
754 1766 967 1820 suscipere
1011 1763 1295 1807 Eucharistiae
1334 1770 1655 1809 sacramentum.
1707 1764 1776 1807 sed

148 1845 233 1875 rem
268 1835 532 1887 sacramenti,
567 1838 606 1876 et
642 1836 800 1890 priores
850 1847 927 1877 non
962 1837 1174 1891 suscipere
1224 1835 1321 1878 illud
1376 1840 1626 1879 reverenter.
1672 1835 1777 1891 Ergo

146 1903 196 1946 de
231 1906 350 1946 tertio
387 1904 508 1947 modo
556 1906 810 1961 suscipiendi
864 1905 1044 1963 loquitur
1077 1919 1207 1949 canon
1260 1906 1547 1955 Laterauense,
1584 1906 1778 1963 illamque

147 1976 274 2030 ipsius
321 1974 493 2018 Concilii
547 1975 776 2020 clausulam
834 1979 1029 2033 exprimit
1083 1991 1171 2019 min.
1214 1979 1300 2020 ‹S'o'l
1354 1976 1490 2020 verbis
1543 1976 1769 2019 excludens

147 2048 471 2101 propositionem
524 2047 576 2089 ὃὸ
626 2048 864 2091 damnatam
916 2047 967 2091 ab
1017 2048 1253 2091 lnnocentio
1290 2047 1367 2092 xi:
1425 2047 1656 2105 Praecepto
1691 2049 1774 2090 cui-

147 2116 244 2160 libet
291 2117 594 2161 conmunionis
643 2118 912 2177 reripiendae
962 2134 1041 2162 non.
1075 2119 1244 2175 satisfit.
1280 2132 1327 2162 eo
1361 2119 1470 2176 quod
1509 2123 1771 2175 praeceptum

145 2191 282 2231 actum
320 2188 473 2231 bouum
509 2189 634 2247 iubet,
652 2204 729 2248 per
750 2190 1004 2247 saerileywu
1029 2190 1373 2233 communionem.
1402 2189 1576 2233 scilicet:
1612 2189 1774 2245 quando

152 2261 449 2315 «quicumque
498 2274 592 2311 cum
630 2266 798 2317 peccato
848 2261 1008 2304 mortali
1046 2261 1121 2304 hoc
1164 2266 1471 2304 sacramentum
1509 2263 1644 2305 sumit.
1680 2262 1772 2317 quia

146 2333 243 2373 tunc
277 2329 495 2373 falsitatem
531 2334 568 2374 in
603 2331 679 2376 hoc
713 2339 973 2376 sacramento
1025 2334 1258 2382 committit,
1294 2337 1330 2375 et
1368 2332 1458 2374 ideo
1508 2333 1679 2373 incurrit
1713 2342 1774 2372 sa-

145 2400 379 2457 crilegium,
415 2407 611 2460 tanquam
646 2406 895 2447 sacramenti
935 2403 1122 2449 violator,
1158 2408 1194 2445 et
1233 2408 1401 2459 propter
1439 2402 1514 2445 hnc
1551 2401 1775 2444 mortaliter

147 2477 348 2527 peccat».
383 2473 437 2516 lta
475 2473 517 2516 D.
553 2473 624 2517 Th.
647 2473 661 2496 2
707 2475 772 2518 ubi
827 2477 1024 2517 rationem
1060 2475 1179 2517 all'ert
1229 2476 1415 2516 falsitatis
1457 2475 1701 2516 commissae
1736 2474 1772 2513 in

145 2541 222 2586 hoc
254 2549 516 2587 sacramento
550 2546 721 2601 indigne
755 2550 961 2601 suscepto.

263 2637 394 2674 Tamen
421 2639 464 2674 de
488 2640 606 2685 aliquo
634 2651 703 2675 non
733 2640 882 2675 habente
916 2639 1167 2674 conscientiam
1203 2639 1254 2673 sui
1287 2638 1427 2684 peccati,
1457 2638 1601 2683 explicat
1634 2637 1670 2670 l).
1708 2636 1769 2671 Th.

148 2696 208 2741 (ib.
233 2697 276 2731 ad
304 2695 338 2739 ὅ)
371 2698 492 2743 «quod
523 2703 632 2744 potest
659 2699 861 2743 contingere
887 2698 1092 2744 dupliciter:
1129 2708 1198 2733 uno
1227 2698 1326 2732 modo
1348 2708 1405 2743 per
1422 2697 1558 2742 culpam
1588 2707 1697 2730 suam.
1724 2696 1770 2729 vel

195 2830 204 2839 ³
261 2815 271 2836 ¹
300 2814 394 2849 Can.
424 2816 504 2850 464.
535 2821 554 2858 ξ
585 2821 612 2850 l.
642 2816 840 2850 Parochus
867 2828 914 2850 ex
941 2815 1066 2850 officio
1093 2822 1253 2849 tenetur
1272 2827 1402 2849 curam
1422 2815 1640 2848 animarum
1667 2825 1771 2848 exer-

145 2872 230 2895 cere
256 2862 298 2896 iu
324 2874 460 2897 omnes
487 2875 578 2897 suos
607 2865 869 2908 paroecianos,
899 2864 966 2908 qui
993 2875 1070 2897 non
1099 2865 1180 2897 sint
1208 2863 1385 2907 legitime
1413 2862 1594 2905 exempti.

262 2909 276 2931 ‘2
301 2909 344 2943 ὃὸ
370 2910 412 2944 P.
443 2922 476 2955 q.
504 2911 657 2944 LXXX
683 2922 716 2944 a.
746 2912 767 2944 4
794 2922 895 2955 corp.
