1971 3261
101 109 192 146 Can.
218 106 290 142 940
559 105 643 140 Tm
670 94 718 139 VJ
743 127 751 131 -
779 107 835 142 De
860 111 1034 143 extrema
1062 113 1242 145 unctione
1654 110 1724 145 343

100 227 251 263 ctionem
277 236 347 260 non
374 224 531 260 conterre
557 224 717 268 gratiam,
745 235 807 259 nec
837 225 1010 260 remittere
1040 231 1189 270 peccata,
1221 238 1281 262 uer
1307 227 1471 262 alleviare
1507 227 1724 269 intirmos‚...

100 285 287 321 anathema
314 283 410 317 sit».
442 303 483 308 —
511 280 625 326 Quam
652 282 847 317 doctrinam
877 283 921 317 ita
949 284 1095 329 explieat
1125 284 1162 319 l).
1192 284 1255 319 Th.
1279 286 1308 319 ¹:
1346 291 1638 321 «sacramentum
1679 287 1727 322 es-

105 343 172 379 ficit
199 342 290 388 quod
319 342 454 386 tigurat.
483 340 676 375 Adhibetur
701 345 817 375 autem
848 341 911 375 boe
938 348 1195 377 sacramentum
1223 344 1415 378 secundum
1446 344 1585 379 modum
1613 345 1727 380 cuius·

100 402 179 437 dam
209 399 461 436 medicationis.
491 398 588 434 Sicut
624 403 739 434 autem
778 400 965 444 corporalis
1007 401 1188 435 medii-atio
1229 403 1475 448 praesupponit
1513 404 1726 449 corporalem

101 461 205 496 vitam
235 461 269 495 in
299 458 481 500 medicato,
510 459 557 493 ita
585 458 777 504 spiritualis
803 458 1034 504 spiritualem.
1071 459 1106 493 Et
1149 461 1223 495 ideo
1262 461 1323 495 boe
1361 467 1619 497 sacramentnm
1656 474 1725 498 non

99 521 202 556 datur
226 523 347 555 contra
372 517 571 563 spirituales
597 517 751 552 defectus
781 517 910 563 quibus
947 518 1138 563 spiritualis
1179 520 1245 554 xita
1285 520 1483 560 tollitur;...
1513 522 1570 556 sed
1607 526 1727 557 eontra

99 580 176 615 illos
201 579 356 614 defectus
381 577 509 623 quibus
537 577 638 611 homo
663 576 892 622 spiritualiter
920 577 1128 617 inlirmatur,
1159 583 1191 612 ut
1222 590 1288 613 non
1320 579 1442 615 babeat
1474 581 1660 626 perlectum
1683 582 1726 615 vi-

98 650 216 683 gorem
243 638 285 674 ad
313 642 410 672 actus
437 637 538 677 vitae,
564 636 708 681 gratiae,
738 636 788 671 vel
817 636 962 680 gloriae:
992 641 1022 671 et
1052 637 1104 671 hit·
1132 637 1286 673 deiectus
1316 639 1400 673 nibil
1429 639 1523 674 aliud
1551 645 1601 675 est
1621 652 1725 685 quam

98 698 270 745 quaedam
298 696 472 737 debilitas,
500 700 531 729 et
559 695 763 741 ineptitudo,
793 706 881 741 qnae
910 695 943 729 in
974 696 1073 730 nobis
1100 696 1310 741 relinquitur
1343 709 1382 731 ex
1423 703 1561 743 peceato
1598 699 1724 734 actuali

101 757 150 793 vel
178 755 361 801 originali:
391 759 423 789 et
449 759 570 790 contra
597 754 686 789 hanc
713 754 928 789 debilitatem
957 754 1059 789 homo
1086 754 1266 789 roboratur
1293 767 1351 801 per
1370 756 1431 791 hoc
1451 762 1724 793 sacramentum.

100 816 166 852 Sed
194 815 275 861 quia
302 815 363 850 hoc
391 813 496 849 robur
521 813 632 858 gratia
660 813 753 849 facit.
783 824 872 859 quae
898 824 1015 848 seeum
1043 825 1111 848 non
1140 815 1349 859 compatitur
1377 821 1566 860 peecatum,
1594 817 1669 851 ideo
1687 828 1726 852 ex

98 874 324 920 consequenti
360 874 386 908 si
425 872 559 908 invenit
587 878 763 918 peecatum
791 872 931 918 aliquod
962 872 1011 907 vel
1041 873 1196 907 mortale.
1220 874 1269 907 vel
1291 874 1436 915 veniale,
1455 876 1567 920 quoad
1588 876 1725 921 culpam

99 935 188 970 tollit
213 934 342 980 ipsum,
371 931 560 967 dummodo
588 943 657 966 non
688 936 837 977 ponatur
861 931 945 966 obex
974 942 1012 965 ex
1043 936 1137 977 parte
1177 932 1397 977 recipientis3
1440 934 1526 968 sicut
1554 935 1657 969 etiam
1686 935 1728 970 de

100 993 316 1029 Eucharistia
341 996 373 1028 et
399 990 666 1026 confirmatione
691 990 825 1026 dietum
851 997 914 1025 est.
947 1011 989 1016 —
1019 990 1054 1025 Et
1083 990 1159 1025 ideo
1177 991 1280 1026 etiam
1301 991 1444 1026 lacobus
1463 992 1505 1027 de
1524 992 1727 1028 remissione

99 1053 227 1099 peccati
247 1051 530 1087 conditionaliter
549 1050 713 1096 loquitur,
743 1050 883 1085 dicens:
914 1049 948 1085 Si
978 1050 1013 1084 in
1042 1050 1191 1096 peccatis
1217 1051 1272 1085 sit.
1303 1050 1524 1086 dimittentur
1541 1051 1727 1092 ei‚scilicet

99 1112 211 1159 quoad
239 1111 400 1157 culpam:
431 1121 500 1145 non
527 1110 623 1145 enim
650 1120 789 1155 semper
813 1110 903 1145 delet
932 1115 1122 1156 peceatum,
1141 1111 1223 1155 quia
1252 1122 1320 1145 non
1341 1122 1477 1157 semper
1497 1112 1650 1153 invenit3
1669 1114 1726 1148 sed

96 1182 233 1218 semper
260 1169 406 1206 remittit
432 1169 544 1216 quoad
572 1168 788 1204 debilitatem
818 1169 1045 1215 praedictam,
1075 1180 1178 1214 quam
1212 1170 1355 1215 quidam
1395 1171 1559 1216 reliquias
1599 1172 1726 1217 peccati

96 1232 221 1267 dicunt
238 1245 269 1267 n.

217 1326 273 1369 Ex
300 1326 420 1369 dictis
445 1329 555 1382 patet
579 1337 703 1382 quam
729 1330 925 1368 accurate
950 1324 1141 1382 loquatur
1165 1339 1254 1369 crin.
1280 1328 1386 1370 940.
1411 1325 1439 1383 ὲ
1468 1327 1499 1370 l.
1525 1325 1727 1369 E.1·trem(1

99 1398 254 1452 maccio,
288 1398 397 1441 (licta
431 1399 556 1439 etiam
590 1401 896 1439 sacramentum
932 1399 1173 1439 exeuntium
1209 1411 1257 1440 ex
1294 1397 1369 1440 hac
1407 1400 1503 1450 vita,
1534 1397 1730 1455 praeberi

98 1484 181 1513 non
212 1473 349 1527 potest
385 1467 520 1511 valide
554 1480 647 1510 cum
682 1467 830 1510 effectu
864 1467 1092 1510 secundum
1129 1472 1317 1511 naturam
1354 1469 1458 1521 eiuS,
1489 1468 1575 1511 ‘nisi
1606 1468 1647 1525 a)
1683 1468 1728 1524 fi-

98 1540 198 1595 deli,
235 1540 361 1583 idest:
398 1538 600 1595 baptizato
636 1537 801 1581 habenti
837 1538 974 1591 tidem,
1010 1541 1104 1596 quia
1140 1538 1369 1595 baptismus
1403 1544 1462 1582 est
1508 1541 1627 1582 ianua
1667 1552 1730 1582 sa-

99 1615 424 1664 cramentorum,
458 1615 495 1652 et
539 1612 627 1652 sine
672 1609 752 1652 tide
800 1609 1027 1666 spiritualis
1076 1612 1230 1653 corruit
1285 1612 1381 1663 vita,
1429 1610 1469 1667 b)
1520 1610 1591 1668 qm?
1634 1616 1729 1668 pos!

98 1681 297 1740 adeptum
321 1694 439 1723 usum
462 1680 660 1731 rationi&
685 1694 732 1723 eo
766 1680 874 1737 quod
911 1685 1097 1724 extrema
1134 1683 1270 1724 unctio
1299 1697 1317 1721 ((
1338 1694 1416 1724 non
1442 1682 1563 1724 datur
1586 1686 1727 1725 contra

99 1753 295 1811 reliquias
329 1751 544 1808 originalis
578 1754 751 1808 peccati,
786 1754 862 1794 nisi
895 1751 1126 1795 secundum
1161 1753 1268 1809 quod
1305 1757 1397 1795 sunt
1438 1766 1509 1807 per
1551 1752 1727 1795 actualia

100 1828 265 1880 peccata
302 1822 612 1881 quodammodo
645 1823 912 1884 confortatae.
948 1822 1085 1880 (Quod
1125 1828 1247 1879 patet,
1282 1826 1379 1879 quia
1415 1823 1506 1866 illae
1531 1823 1728 1880 reliquiae

96 1908 168 1938 seu
204 1895 334 1937 fomes
367 1894 585 1937 infantium
622 1895 659 1936 in
685 1893 848 1936 coelum
886 1896 1088 1951 ingressui
1125 1908 1203 1937 non
1238 1893 1386 1950 obest).
1424 1893 1536 1937 Unde
1582 1896 1730 1949 princi-

100 1965 247 2022 paliter
279 1969 421 2008 contra
446 1965 624 2008 actualia
651 1970 818 2021 peccata
844 1966 966 2008 datur
991 1965 1050 2023 (ut
1085 1979 1132 2008 ex
1171 1968 1254 2021 ipsa
1290 1967 1422 2008 forma
1456 1966 1593 2021 patetl,
1622 1977 1729 2022 quae

96 2050 176 2080 non
209 2040 304 2080 sunt
338 2038 375 2078 in
414 2038 591 2092 pueris»
631 2049 704 2079 nec
740 2038 777 2078 in
812 2036 1051 2080 carentibus
1083 2036 1135 2079 ab
1170 2038 1336 2079 int'antia
1373 2049 1446 2079 usu
1483 2037 1697 2079 rationis?

215 2106 351 2150 Tertia
387 2108 541 2149 infirmi
576 2109 808 2150 necessaria
843 2107 1025 2150 conditio
1059 2112 1133 2161 cst,
1156 2106 1232 2150 sub
1256 2107 1518 2150 distinctione
1542 2109 1728 2163 originis,

98 2179 207 2236 quod
241 2178 282 2236 a)
315 2178 362 2221 ob
395 2177 700 2234 infirmitatem,
736 2183 774 2221 et
807 2181 902 2236 quia
941 2178 1187 2236 «quaelibet
1223 2178 1441 2221 infirmitas
1463 2183 1727 2234 augmentata

100 2253 232 2306 potest
267 2253 440 2291 mortem
477 2248 691 2303 inducere,
726 2239 883 2292 ideo‘si
918 2262 1071 2306 genera
1107 2250 1392 2292 infirmitatum
1433 2254 1656 2303 pensentur
1689 2252 1726 2291 in

98 2319 284 2379 qualibet
315 2319 742 2377 aegritudine-potest
774 2321 864 2364 dari
898 2320 975 2364 hoc
999 2324 1329 2364 sacramentum:
1354 2324 1393 2363 et
1418 2319 1512 2364 ltine
1535 2325 1595 2363 est
1617 2320 1726 2377 quod

100 2390 321 2448 Apostolus
354 2403 432 2433 non
467 2390 715 2434 determinat
751 2393 1032 2434 infirmitatem
1067 2390 1248 2448 aliquam
1271 2407 1288 2431 >3
1319 2391 1349 2445 ³³,
1374 2404 1448 2434 nec
1470 2393 1581 2434 sanis
1603 2390 1727 2434 tribui

99 2467 230 2519 potest
264 2461 341 2505 hoc
374 2467 698 2519 sacramentum,
733 2465 828 2520 quia
868 2467 968 2505 «est
1001 2462 1204 2520 quaedam
1240 2462 1465 2518 spiritualis
1488 2465 1663 2509 curatio.
1688 2467 1728 2505 ut

95 2533 253 2576 dictum
288 2535 360 2581 est,
395 2543 500 2588 quae
534 2545 608 2588 per
643 2533 868 2590 quemdam
904 2531 1132 2588 corporalis
1164 2533 1390 2575 curationis
1414 2532 1583 2574 modum
1607 2534 1730 2587 signi-

99 2604 282 2646 ticatur»
323 2601 395 2660 (ib.
431 2614 467 2645 a.
503 2602 522 2644 1
560 2601 629 2659 c.)‚
667 2603 776 2646 unde
808 2603 889 2647 Rit.
915 2603 929 2624 ⁴
965 2608 1101 2646 monet
1138 2602 1383 2658 prohibens:
1433 2601 1564 2645 «Non
1610 2604 1727 2644 mini-

97 2678 252 2717 stretur
284 2672 485 2730 proelium
512 2675 688 2725 inituris,
709 2679 781 2717 *aut
807 2676 1130 2730 navigationem,
1150 2677 1219 2716 aut
1244 2675 1635 2729 peregrinationem,
1659 2678 1728 2715 aut

176 2836 179 2840 ν
216 2817 228 2838 1
255 2814 392 2860 Suppl.
422 2827 456 2860 q.
485 2815 604 2849 XXX
622 2828 654 2850 a.
677 2818 708 2855 1,
730 2827 762 2849 c.
787 2836 828 2840 --
849 2816 862 2837 '2
881 2816 926 2850 D.
945 2815 1016 2849 Th.
1040 2815 1160 2860 Supp.
1182 2827 1217 2860 q.
1236 2815 1408 2856 XXXII,
1429 2827 1462 2851 a.
1480 2816 1513 2855 4,
1532 2814 1580 2848 ad
1598 2816 1661 2847 2111.
1686 2834 1729 2838 —

96 2866 110 2885 ὁ
139 2864 182 2897 Ι).
212 2862 282 2897 Th.
309 2862 380 2897 loc.
409 2863 491 2902 cit„
522 2875 556 2907 q.
587 2862 758 2904 XXXII,
785 2874 818 2896 a.
847 2864 869 2896 ⁶2
895 2862 943 2896 ad
970 2864 1030 2896 1¹³².
1067 2883 1109 2887 —
1138 2865 1152 2885 4
1179 2862 1256 2896 Tit.
1287 2862 1333 2898 V.
1367 2863 1458 2907 Cap.
1499 2864 1531 2902 1,
1561 2873 1597 2895 n.
1626 2861 1660 2895 9.
