1971 3261
145 115 219 150 336
553 116 637 169 LiB.
664 116 734 150 III.
761 137 774 141 -
801 116 914 150 PARS
938 116 970 150 Ι.
999 137 1012 141 -
1039 117 1097 152 De
1121 117 1389 153 sacramentis
1595 119 1690 155 Gan.
1714 120 1786 155 934

148 233 186 279 3)
212 234 318 270 semel
345 239 482 269 tantum
513 234 640 279 pariter
665 233 802 268 dicatur
819 232 938 280 Aquas
956 232 1028 275 Dei,
1045 235 1183 279 (Agnus
1202 234 1274 280 Dei,
1296 236 1355 281 qui
1374 235 1467 271 tollis
1486 241 1627 283 peccata
1643 239 1780 283 mundi,

150 304 251 340 parce
277 293 390 334 nobis7
421 292 580 333 Domine,
609 292 732 328 exaudi
762 303 839 334 nos,
870 291 1030 335 Domine,
1059 294 1223 329 miserere
1248 293 1377 339 nobis).

271 353 412 386 Attento
438 362 516 386 can.
544 349 626 393 934,
655 350 720 397 ίδέ’-’2
749 350 833 386 Cod.
862 350 930 386 lur.
961 352 1097 387 Canon.
1126 352 1307 398 quaeritur
1336 358 1452 388 utrum
1489 354 1552 389 bac
1585 355 1719 391 ratione
1745 355 1782 390 fi-

142 411 240 447 deles
280 411 404 446 lucrari
446 410 585 446 valeant
624 410 865 455 indulgentias
899 410 1049 446 Litaniis
1077 411 1265 447 adnexas»
1312 433 1339 438 —
1367 411 1473 448 Sacra
1499 413 1780 456 Poenitentiaria,

148 475 285 505 mature
312 469 540 505 consideratis
566 469 746 516 expositis,
775 470 1060 515 respondendum
1086 470 1243 506 censuit:
1272 469 1436 518 Neyative
1455 473 1481 507 ¹.

265 528 365 564 Hanc
392 533 510 564 autem
539 528 795 564 sententiam...
823 527 999 564 Sanctitas
1024 540 1087 564 sua
1113 529 1334 565 confirmavit
1367 535 1399 566 et
1439 531 1584 578 insuper
1613 532 1779 569 declarari

147 588 268 623 iussit:
303 602 317 620 «
340 588 556 634 praedictam
582 588 871 623 consuetudinem
900 599 970 624 non
996 599 1071 624 esse
1097 589 1377 635 approbandam,
1406 590 1552 636 ideoque
1568 591 1613 626 ab
1631 591 1782 627 Ordina-

146 647 207 682 riis
235 647 423 693 prudenter
448 647 644 682 curandum
676 651 713 682 ut
753 647 788 681 in
828 647 912 682 locis
939 647 996 682 ubi
1026 647 1115 692 viget
1142 648 1440 684 submoveatur».
1475 650 1584 696 Atque
1612 650 1647 685 in
1673 651 1782 687 altero

148 706 246 742 Deest>
263 706 276 728 2
301 705 442 742 additur
467 707 509 741 de
535 706 605 741 alia
631 705 676 741 ibi
705 705 889 752 reprobata
917 707 1034 752 praxi:
1069 721 1082 738 (ι
1101 712 1133 742 et
1159 712 1316 743 servetur
1342 708 1476 753 integer
1502 707 1597 744 Ordo
1629 708 1780 746 Litania-

146 777 225 800 rum
251 777 330 800 cum
361 765 589 811 indulgentiis
615 765 761 800 adnexis
787 765 1013 811 approbatus,
1042 777 1187 812 nempe:
1218 765 1324 812 Kyrie
1349 766 1473 802 eleison
1501 789 1517 793 -
1549 767 1677 804 Christe
1702 769 1780 805 elei—

144 835 207 858 son
233 844 254 850 -
282 823 388 871 [syrie
414 824 550 868 eleison,
565 829 628 860 etc.
654 835 763 870 usque
781 824 825 859 ad
845 824 949 860 finem
972 839 1004 858 ».
1026 823 1088 859 His
1107 836 1176 860 non
1196 825 1417 861 obstantibus
1444 825 1547 862 Sacra
1567 826 1633 862 Rit.
1652 826 1780 873 Congr.

145 883 429 928 respondendum
456 883 590 918 censuit
610 884 643 917 3:
681 898 695 915 «
720 882 875 918 Litaniae
901 882 1119 919 Lauretanae
1145 885 1277 919 cantari
1307 889 1453 930 possunt
1472 896 1531 930 per
1548 886 1659 921 trinas
1685 886 1779 922 invo—

140 943 297 978 cationes
335 954 413 978 cum
453 943 603 988 singulis
641 942 847 989 respectivis
873 954 931 977 ora
956 954 1016 989 pro
1043 942 1147 987 nobis,
1179 943 1304 989 populo
1334 949 1495 989 quartam
1523 944 1776 981 invocationem

145 1013 223 1037 cum
251 1002 441 1048 respectivo
468 1013 526 1036 ora
551 1013 611 1048 pro
638 1001 730 1036 nobis
757 1002 1041 1047 respondente».
1607 1050 1612 1053 ἡ

264 1061 314 1095 Ad
343 1061 646 1096 confirmationem
676 1060 975 1106 interpretationis
1001 1061 1101 1096 datae
1127 1072 1165 1096 ac
1195 1066 1333 1107 propter
1360 1061 1545 1097 utilitatem
1575 1063 1775 1108 practicam,

140 1121 265 1156 afferre
293 1121 401 1166 placet
429 1119 619 1155 summarie
645 1119 919 1155 declarationem
945 1125 977 1155 et
1005 1120 1183 1155 indultum
1212 1118 1246 1155 S.
1279 1119 1412 1156 l’oenit.
1442 1121 1582 1167 Aplcae.
1600 1122 1614 1144 4
1639 1122 1682 1157 de
1699 1133 1779 1158 con-

142 1179 327 1214 suetudine
358 1193 370 1211 (ι
393 1179 545 1214 addendi
573 1179 715 1214 cuilibet
741 1178 943 1214 salutationi
971 1179 1150 1223 angelicae
1178 1179 1227 1224 (in
1256 1179 1459 1215 recitatione
1493 1179 1598 1215 Ssmi.
1629 1180 1775 1225 Rosarii)

144 1243 217 1284 post
246 1249 361 1273 vorem
394 1252 407 1269 «
426 1238 499 1273 lesu
521 1253 535 1270 »
561 1238 698 1273 brevem
721 1238 1007 1273 enunciationem
1028 1238 1184 1285 mysterii
1205 1238 1413 1281 meditandi,
1435 1239 1481 1273 ita
1501 1244 1537 1273 ut
1555 1240 1701 1282 dicatur,
1723 1251 1775 1276 ex.

141 1308 265 1332 causa:
300 1311 313 1329 «
336 1297 543 1333 Benedictus
564 1298 694 1332 fructus
716 1297 846 1332 ventris
872 1297 920 1332 tui
951 1296 1055 1338 lesus,
1077 1297 1133 1343 qui
1158 1308 1216 1343 pro
1235 1297 1337 1332 nobis
1355 1298 1564 1343 sanguinem
1584 1299 1722 1334 sudavit
1741 1313 1772 1333 ».

261 1356 466 1399 Quaesitum
494 1366 649 1401 namque
677 1355 759 1390 fuit:
795 1349 953 1391 «Utrum
985 1356 1158 1401 praedicta
1186 1356 1401 1391 consuetudo
1434 1357 1563 1391 servari
1599 1362 1632 1392 et
1655 1369 1775 1404 propa-

141 1414 217 1459 (Jari
237 1414 354 1459 possit,
377 1414 521 1459 integris
541 1414 767 1450 manentibus
786 1414 1018 1460 indulgentiis
1045 1413 1097 1451 Ss.
1126 1414 1266 1450 Rosario
1292 1415 1437 1450 adnexis
1457 1429 1488 1449 ».
1508 1415 1546 1450 Et
1565 1416 1620 1451 die
1638 1415 1681 1450 Τί
1699 1415 1773 1452 {ulii

142 1484 236 1507 anno
266 1471 354 1507 1920
383 1473 466 1508 haec
494 1471 528 1508 S.
554 1472 688 1508 Poenit.
719 1473 918 1519 respondit:
947 1472 1110 1520 Neqative
1131 1488 1161 1507 ».

260 1531 379 1577 ltaque
406 1536 481 1578 post
507 1532 758 1578 expositionem
788 1532 1038 1567 nonnullorum
1067 1530 1337 1568 Ordinariorum
1364 1532 1561 1569 Helveticae
1578 1539 1611 1569 et
1629 1534 1773 1570 Germa·

141 1589 241 1625 nicae
269 1589 416 1624 Ditionis
440 1604 454 1622 «
476 1589 510 1625 S.
535 1591 668 1626 l'oenit.
692 1601 729 1626 re
747 1596 882 1626 mature
904 1602 1075 1637 perpensa
1093 1591 1249 1626 censuit:
1276 1591 1305 1635 l)
1324 1591 1573 1627 declarandum
1592 1603 1677 1633 esse,
1694 1603 1772 1628 ean.

142 1646 207 1682 934
229 1652 247 1690 ξ
268 1648 287 1682 2
307 1648 345 1683 C.
363 1647 385 1683 l.
402 1647 440 1684 C.
457 1649 636 1684 continere
652 1649 762 1694 legem
777 1650 987 1694 generalem,
1003 1661 1091 1695 quae
1109 1650 1285 1685 indultum
1305 1649 1450 1685 Planum
1471 1653 1579 1692 (anno
1599 1649 1685 1686 1859
1714 1663 1773 1698 pro

141 1707 210 1741 illis
229 1707 311 1742 locis
330 1707 387 1742 ubi
408 1708 476 1743 iam
499 1719 572 1743 mos
591 1708 800 1751 invaluerat)
820 1709 1013 1744 nullimode
1038 1714 1195 1754 revocat3
1224 1708 1260 1753 ἓ)
1287 1709 1557 1755 supplicandum
1577 1709 1689 1745 Ssmo.
1713 1722 1773 1756 pro

140 1767 342 1801 extensione
360 1767 516 1802 eiusdem
540 1767 677 1808 indulti,
696 1768 809 1803 favore
823 1769 982 1803 omniurn
1008 1769 1066 1814 qui
1084 1769 1179 1803 iuxta
1194 1768 1410 1814 praedictum
1427 1779 1557 1804 morem
1578 1769 1613 1803 in
1629 1769 1772 1814 quibus-

140 1825 191 1859 vis
207 1826 290 1860 locis
304 1825 364 1862 SS.
378 1826 557 1862 Rosarium
573 1827 718 1863 recitare
731 1838 875 1863 consuet
885 1828 987 1862 erint.
1001 1848 1043 1852 —
1056 1826 1231 1863 Sanctitas
1246 1827 1315 1863 Sua
1330 1828 1553 1863 enunciatam
1570 1828 1770 1864 declaratio-

139 1896 220 1920 nem
247 1885 462 1931 approbavit,
490 1891 522 1921 et
550 1886 674 1922 indulti
691 1887 945 1929 extensionem,
960 1887 1008 1922 uti
1027 1898 1131 1933 supra
1147 1887 1298 1932 benigne
1312 1887 1498 1923 concedere
1512 1888 1655 1932 dignata
1669 1893 1719 1923 est
1738 1903 1768 1921 u.

258 1957 375 2000 Aliae
407 1960 605 2001 orationis
643 1961 981 2002 circumstantiae
1030 1972 1109 2001 non
1159 1958 1369 2003 obstantes
1414 1959 1767 2015 indulgentiarum

138 2030 417 2085 acquisitioni,
436 2031 631 2086 quamvis
654 2032 908 2072 contrarium
934 2043 982 2073 ex
1007 2029 1063 2087 §a
1087 2029 1434 2086 praecedentibus
1460 2033 1595 2073 timeri
1621 2035 1768 2087 posset,

139 2104 380 2142 recensetur
413 2102 450 2142 in
484 2100 512 2157 ξ
542 2101 584 2143 3.
632 2100 755 2143 Prout
800 2103 878 2143 iam
931 2100 1025 2143 Pius
1066 2099 1131 2143 Vll
1176 2100 1466 2144 declaraverat
1488 2101 1503 2122 ⁵
1539 2114 1610 2157 per
1641 2100 1768 2146 Dec.m

138 2169 260 2213 Urbis
303 2176 341 2213 et
384 2168 510 2214 Orbis
552 2173 657 2215 cit.ae
690 2170 857 2228 Congr.⁸
888 2172 938 2214 ad
973 2171 1050 2215 4¹¹²:
1090 2170 1154 2214 Ad
1188 2170 1549 2228 i‘ndulyemiarmn
1584 2172 1766 2229 acquisi-

140 2240 292 2283 tionem
331 2241 438 2283 salis
481 2247 542 2284 es!
585 2255 673 2297 rseu
711 2255 873 2298 «posse
919 2242 1070 2285 lucrari
1121 2241 1470 2299 indulgentias»)
1503 2241 1543 2300 a)
1581 2242 1764 2286 vocalem

136 2311 369 2354 orationem
404 2315 597 2369 quamvis
632 2312 884 2369 peculiarem
919 2312 1098 2356 alteruis
1132 2327 1219 2356 eum
1245 2313 1356 2356 socio
1381 2314 1579 2367 recitare,
1601 2313 1767 2371 quando

135 2383 188 2424 sit
221 2381 472 2435 huiusmodi,
506 2388 549 2426 ut
582 2383 658 2427 boc
691 2386 883 2440 patiatur,
920 2398 958 2425 v.
992 2397 1054 2441 gr.
1088 2396 1284 2428 coronam
1318 2396 1643 2442 quamcumque,
1666 2384 1767 2428 alias

135 2456 257 2508 prout
289 2455 476 2510 sequitur
511 2453 552 2509 b)
577 2459 650 2496 aut
684 2460 819 2496 triente
851 2468 942 2497 eam
971 2454 1184 2512 prosequi,
1209 2454 1305 2514 dam
1340 2454 1390 2497 ab
1423 2453 1510 2497 alio
1542 2454 1764 2505 recitatur,

134 2524 233 2579 quin
269 2536 436 2566 necesse
468 2526 517 2566 sit
556 2524 681 2568 verba
716 2528 914 2568 orationis
946 2526 1067 2568 simul
1107 2525 1159 2569 ab
1202 2525 1395 2568 omnibus
1429 2527 1607 2579 recitari,
1644 2526 1764 2568 modo

135 2595 271 2636 forsan
307 2597 442 2637 miuus
475 2598 755 2640 convenienti.
776 2622 829 2626 —
850 2596 911 2639 Ad
936 2596 1286 2649 complementum
1313 2597 1457 2639 referri
1483 2600 1614 2652 potest
1638 2595 1763 2639 Dec.m

132 2664 171 2706 S.
190 2661 357 2719 Congi·.³
380 2665 565 2708 eiusdem
586 2666 600 2687 ὅ
625 2671 865 2709 contentum
891 2666 1092 2723 implicite
1117 2669 1154 2709 in
1174 2679 1264 2711 can.
1286 2667 1370 2709 925
1391 2666 1420 2724 ξ
1439 2667 1486 2709 2:
1512 2667 1596 2708 ((1Ο
1615 2665 1759 2710 Utrum

250 2770 262 2791 1
289 2770 327 2803 21
360 2770 435 2804 Iul.
467 2771 570 2805 1919.
601 2771 676 2806 CO.
706 2771 799 2815 XII,
835 2772 885 2806 [8.
915 2792 958 2798 —
984 2773 998 2794 2
1027 2774 1069 2805 lt)
1095 2773 1193 2806 Nov.
1225 2773 1327 2806 1921.
1358 2772 1434 2807 CO.
1464 2772 1575 2813 XIII,
1604 2772 1687 2806 566.
1717 2793 1759 2796 -

131 2816 146 2838 3
174 2818 215 2849 15
244 2816 327 2851 Oct.
358 2818 458 2851 1920.
487 2817 563 2852 CO.
593 2818 682 2858 XII,
709 2819 790 2853 549.
820 2840 863 2843 —
895 2820 908 2841 4
934 2820 979 2852 22
1005 2819 1087 2853 Ian.
1120 2819 1221 2853 1921.
1249 2819 1325 2854 CO.
1354 2819 1465 2860 XIII,
1494 2819 1571 2854 163.
1600 2839 1641 2844 —
1676 2820 1690 2841 5
1715 2819 1761 2853 29

128 2862 243 2898 Febr.
276 2864 379 2905 1820,
411 2866 502 2900 Dec.
532 2865 642 2899 auth.
672 2878 710 2899 n.
740 2866 821 2900 249.
860 2886 902 2892 —
941 2866 955 2888 6
982 2867 1026 2900 18
1053 2866 1160 2911 Sept.
1192 2867 1303 2901 1862:
1346 2867 1439 2900 Dee.
1468 2866 1579 2902 auth.
1608 2877 1648 2900 n.
1675 2866 1757 2900 398.
