1971 3261
192 137 262 172 680
594 134 678 167 Lm.
705 132 775 166 ΙΙΙ.
802 151 813 157 -
841 131 951 164 PARS
979 131 1006 164 Ι.
1031 149 1044 154 -
1070 129 1127 164 De
1151 128 1418 164 Sacramentz‘s
1477 126 1587 162 'Cam
1616 123 1820 160 1122-1123

193 259 230 299 in
265 269 346 314 quo
381 254 617 297 iudicantur
652 253 757 295 facta
791 254 934 294 extare
965 249 1065 301 sola,
1099 261 1205 306 quae
1238 253 1454 305 apparent,
1478 252 1672 291 constare
1706 246 1821 290 debet

192 327 232 384 a)
267 324 424 369 duobus
467 323 616 366 saltem
661 320 847 374 testibus,
881 322 951 378 qui
985 320 1036 363 de
1080 319 1159 363 illis
1203 321 1379 375 peractis
1423 317 1823 376 interpellationibus

194 397 318 440 tidem
352 396 501 439 saciant
535 393 808 436 sufficientem
838 393 925 434 viro
960 391 1166 448 prudenti,
1192 389 1234 447 b)
1258 389 1321 433 vel
1354 389 1440 433 alio
1474 389 1661 447 leqitimo
1690 389 1823 447 (iuxta

195 480 374 512 canones
422 465 517 508 «de
560 461 940 520 probationibus»)
986 461 1252 520 probationis
1285 460 1405 504 modo
1439 460 1573 518 quoad
1609 462 1698 504 eius
1729 460 1824 504 sub-

194 540 400 587 stantiam,
436 538 510 579 etsi
544 534 701 592 absque
735 532 1067 576 formalitatibus.

317 607 414 651 534.
451 608 777 659 Quandonam
810 606 885 650 ius
907 606 972 650 ad
1004 619 1164 650 novas
1197 607 1395 661 nuptias
1428 619 1547 661 pars
1569 607 1829 662 baptizata

199 682 437 727 obtineat.
472 703 526 710 —
560 677 666 731 Quia
718 680 759 718 ut
795 676 975 719 vidimus
1008 688 1056 718 ex
1107 680 1221 718 textu
1270 675 1315 718 D.
1351 675 1478 729 Pauli,
1510 675 1558 719 ad
1595 676 1824 719 fruendum

198 753 285 794 eius
335 748 553 806 privilegio
601 749 652 790 sit
685 746 867 790 conditio
920 748 1151 790 necessaria
1186 750 1228 789 ut
1276 751 1422 790 renuat
1455 748 1605 790 coniux
1650 746 1830 790 intidelis

201 821 415 877 pacificam
440 819 680 875 licitamque
713 816 1076 869 cohabitationem,
1106 817 1371 874 quandonam
1405 819 1553 860 existat
1575 817 1830 861 sufficienter

200 890 437 935 huiusmodi
473 889 668 943 conditio,
703 887 941 931 authentice
984 887 1221 932 declaratur
1256 890 1294 931 in
1329 902 1421 932 can.
1457 889 1582 931 1123.
1618 887 1664 931 Si
1697 887 1828 930 inter-

196 961 452 1020 pellationes
486 960 592 1003 duae
642 960 892 1016 praedictae,
931 958 994 1002 vel
1042 961 1175 1002 solum
1225 959 1407 1003 secunda
1442 961 1555 1003 iuxta
1599 973 1685 1016 reg.
1730 962 1833 1003 iuris
1889 974 1894 983 ·

202 1035 240 1076 in
277 1032 319 1075 6⁰
355 1047 376 1073 (‹
401 1032 468 1074 35.
505 1030 598 1074 Plus
630 1043 795 1087 semper
829 1032 867 1073 iu
901 1043 944 1074 se
977 1033 1159 1074 continet
1191 1031 1300 1088 quod
1336 1036 1397 1074 est
1438 1033 1574 1074 minus
1596 1048 1634 1085 ³),
1669 1045 1721 1073 ex
1762 1029 1831 1074 de-

201 1103 437 1147 claratione
470 1103 635 1159 proprie
668 1101 794 1156 dicta,
827 1114 905 1144 non
941 1101 1260 1158 dispensatione,
1294 1115 1387 1145 cum
1433 1101 1499 1145 illa
1533 1104 1585 1145 sit
1615 1104 1726 1146 circa
1770 1103 1833 1145 ius

202 1176 407 1228 divinum,
456 1173 584 1216 solius
633 1171 753 1215 Sedis
795 1171 1075 1230 Apostolicae,
1126 1173 1344 1216 videlicet:
1400 1189 1417 1213 (ι
1443 1186 1495 1216 ex
1534 1175 1591 1217 rei
1636 1177 1829 1216 natura»

205 1245 313 1302 (can.
348 1245 392 1301 7)
427 1243 599 1287 Romani
637 1243 858 1297 Pontiticis,
892 1245 923 1286 si
959 1243 1185 1286 declaratio
1217 1245 1269 1287 sit
1310 1243 1531 1300 generalis,
1564 1245 1758 1301 quamvis
1790 1246 1836 1285 ut

203 1328 359 1373 organo
392 1320 531 1358 utatur
559 1314 697 1372 aliqua
732 1313 849 1358 Rom.
872 1312 1203 1371 Congregatione
1240 1314 1303 1358 vel
1338 1312 1501 1372 Officio,
1530 1315 1638 1358 «sed
1665 1315 1788 1358 etiam
1813 1331 1829 1355 ι)

204 1386 366 1443 Congr⁸.
401 1390 440 1430 S.
475 1383 611 1429 Officii
656 1387 689 1428 si
732 1384 959 1429 declaratio
992 1387 1044 1429 sit
1091 1387 1130 1428 iu
1165 1398 1262 1429 casu
1314 1385 1568 1442 particulari,
1603 1385 1668 1429 vel
1714 1390 1838 1442 prout

204 1457 430 1502 includitur
462 1459 499 1499 in
532 1455 794 1500 facultatibus
838 1456 1189 1512 interpellationes
1221 1457 1502 1514 dispensandi,
1534 1470 1641 1514 quae
1673 1456 1725 1500 ab
1769 1455 1834 1500 illa

206 1529 464 1586 elargiuntur
490 1527 821 1584 Congregatione
853 1527 1079 1584 Suprema:
1113 1530 1144 1571 si
1179 1541 1278 1585 ergo
1317 1544 1336 1569 ((
1358 1528 1768 1584 interpellationes»,
1793 1533 1839 1572 ut

205 1600 361 1644 dictum
396 1604 456 1642 est
488 1600 527 1655 a)
559 1598 740 1642 omissae
771 1597 947 1655 fuerim,
984 1598 1024 1656 b)
1046 1604 1119 1642 aut
1152 1598 1190 1642 si
1221 1598 1407 1655 infidelis
1440 1602 1591 1643 coniux
1641 1599 1835 1656 interpel-

206 1671 311 1714 latus
343 1669 510 1725 eiso'em,
549 1669 610 1712 vel
648 1671 805 1726 primae
840 1674 1012 1724 tantum,
1046 1672 1079 1714 si
1113 1671 1296 1713 secunda
1329 1670 1591 1714 solummodo
1624 1672 1747 1714 fuerit
1780 1670 1835 1714 le-

207 1743 349 1798 gitime
383 1743 549 1795 omissa,
584 1740 777 1797 neyative
808 1739 1076 1798 responderit
1108 1755 1320 1798 eoepresse,
1346 1746 1553 1797 oretenus,
1578 1743 1744 1798 scripto,
1773 1741 1836 1785 vel

205 1814 333 1868 signis
365 1811 758 1868 aequipollentibus,
792 1811 855 1854 vel
890 1811 1017 1854 tacite
1050 1813 1168 1856 factis
1194 1826 1231 1854 v.
1265 1826 1327 1869 gr.
1354 1812 1523 1856 vitando
1556 1813 1664 1869 fuga,
1705 1812 1842 1856 occul·

210 1885 360 1926 tatione
393 1884 468 1934 sui,
503 1895 554 1926 ne
588 1882 638 1925 ad
690 1885 822 1938 ipsum
868 1885 1147 1939 pervenirent,
1182 1883 1402 1927 dilationes
1450 1883 1727 1940 respondendi
1773 1897 1839 1927 ne-

210 1953 372 2003 ctendO,
406 1955 459 1995 ita
504 1957 545 1996 ut
578 1957 691 1996 certo
727 1953 938 1997 moraliter
986 1953 1052 1998 illa
1097 1956 1291 2011 negativa
1334 1957 1547 2011 responsio
1580 1960 1763 2010 eruatur,
1798 1957 1838 1998 in

210 2023 347 2081 aliquo
393 2023 610 2080 multiplici
644 2037 741 2067 casu
787 2019 999 2081 praedicto
1037 2039 1143 2083 pars
1185 2024 1400 2084 baptizata
1433 2026 1499 2069 ius
1533 2025 1654 2069 habet
1696 2039 1838 2069 conse·

211 2108 341 2152 quens
374 2108 422 2137 ex
459 2094 678 2151 privilegio
723 2095 893 2139 Paulino
926 2095 1002 2140 sibi
1039 2098 1205 2140 favente
1238 2097 1455 2152 absdubio,
1486 2111 1614 2141 novas
1650 2097 1840 2156 nuptias,

211 2166 308 2222 quin
342 2164 474 2208 obstet
515 2165 857 2222 impedimentum
894 2166 1113 2223 ligaminis,
1146 2167 1217 2211 sed
1251 2181 1299 2211 ex
1336 2170 1452 2225 praxi
1497 2167 1706 2212 Ecclesiae
1740 2167 1840 2212 illud

213 2238 533 2291 interpretantis,
571 2250 661 2279 cum
688 2250 872 2295 persona
907 2236 1130 2294 catholica,
1164 2238 1343 2283 scilicet:
1379 2243 1423 2282 ut
1465 2241 1563 2296 ipsis
1596 2252 1675 2282 non
1709 2240 1845 2284 obstet

213 2306 555 2362 impedimentum
585 2309 737 2351 mixtae
762 2308 975 2365 religionis
1001 2309 1063 2352 vel
1100 2310 1352 2366 disparitatis
1377 2309 1526 2362 cultus,
1550 2309 1841 2355 contrahendi.

213 2382 252 2420 et
285 2376 362 2420 hoc
395 2377 588 2434 equidem
625 2378 937 2437 rationabiliter,
972 2393 1019 2424 eo
1053 2381 1163 2438 quod
1213 2381 1480 2438 privilegium
1527 2381 1723 2424 utendum
1769 2394 1844 2438 pro

215 2448 481 2491 fundamento
532 2448 656 2492 habet
692 2450 905 2493 vitandum
955 2450 1055 2495 illud
1090 2451 1336 2508 periculum,
1375 2454 1442 2495 cui
1489 2465 1533 2495 se
1565 2453 1846 2496 committeret

216 2523 333 2561 utens
367 2518 434 2561 illo
471 2533 542 2575 per
577 2522 726 2564 mixtas
759 2524 935 2578 nuptias.

333 2588 539 2632 Limitatio
587 2604 685 2634 vero
727 2591 993 2649 subiungitur
1035 2595 1074 2636 in
1118 2603 1277 2638 canone
1309 2594 1527 2651 desumpta
1567 2608 1616 2639 ex
1651 2608 1740 2653 cap.
1774 2598 1844 2640 cit.

217 2661 240 2702 8
284 2659 335 2702 de
380 2659 579 2704 Divortiis
623 2661 707 2719 (lV,
756 2662 843 2719 19),
887 2663 997 2720 quod
1042 2666 1096 2708 ita
1135 2665 1328 2722 explicit:
1383 2665 1632 2720 «Quamvis
1679 2680 1846 2724 quoque

214 2730 443 2773 secundum
481 2730 775 2788 Evangelicam
815 2737 1046 2790 veritatem,
1089 2738 1159 2793 qui
1202 2737 1369 2779 duxerit
1406 2737 1618 2780 dimissam
1655 2737 1845 2781 moecha-

217 2805 294 2856 tur,
330 2814 408 2843 non
456 2806 591 2845 tamen
636 2803 830 2847 dimissor
872 2807 1019 2861 poterit
1064 2805 1245 2850 obiicere
1289 2808 1602 2851 fornicationem
1636 2808 1845 2857 dimissae,

219 2884 291 2928 pro
325 2884 387 2926 eo,
420 2871 528 2929 quod
556 2875 692 2929 nupsit
725 2873 792 2916 alii
829 2880 917 2931 post
951 2876 1184 2932 repudium,
1210 2879 1286 2920 nisi
1310 2877 1411 2921 alias
1433 2878 1555 2921 fuerit
1588 2879 1845 2923 tornicata».
