1971 3261
216 181 259 214 24
606 178 689 212 Lm.
720 177 791 210 III.
821 197 833 201 -
861 177 969 210 PARS
995 176 1026 209 Ι.
1055 195 1067 202 -
1093 175 1150 209 De
1175 174 1440 209 Sacramentis
1642 173 1735 208 Can.
1765 174 1834 209 737

212 301 299 342 eius
320 296 614 341 substantialia.
641 295 756 338 Alex.
783 294 833 336 lll
859 296 912 337 ait
932 295 967 333 1;
993 293 1070 335 «Si
1095 293 1188 349 quis
1207 304 1380 347 puerum
1403 295 1463 334 ter
1483 293 1520 332 in
1540 302 1645 348 aqua
1668 293 1834 335 immer-

211 371 306 412 serit
332 370 368 410 in
393 367 560 409 nomine
580 366 709 408 Patris
732 369 770 408 et
791 364 877 406 Filii
902 369 941 406 et
963 364 1138 418 Spiritus
1161 362 1313 411 Sancti,
1332 373 1477 404 amen:
1497 365 1537 404 et
1559 374 1637 404 non
1658 361 1832 405 dixerit:

211 438 295 494 Ego
328 443 366 481 te
400 437 556 493 baptizo
590 438 628 478 in
663 438 828 478 nomine
863 434 992 476 Patris
1025 437 1063 475 et
1097 431 1184 474 Filii
1220 436 1260 474 et
1292 432 1468 488 Spiritus
1501 432 1652 485 Sancti,
1686 445 1828 476 amen:

210 522 287 551 non
322 513 379 551 est
415 520 514 563 puer
547 506 833 562 baptizatus».
870 504 909 546 ln
945 505 1063 546 ouius
1096 502 1455 546 contii-mationem
1484 501 1599 545 adest
1635 516 1748 559 prop.
1776 504 1830 546 27

210 580 400 622 damnata
424 577 474 621 ab
499 576 614 621 Alex.
643 575 726 618 Vlll
746 577 773 619 ².
799 592 820 615 «
844 573 975 617 Valuit
998 574 1221 631 aliquando
1247 572 1474 630 baptismus
1496 572 1572 617 sub
1596 573 1672 617 hae
1697 575 1827 617 forma

208 649 379 692 collatus
403 651 439 690 in
464 650 629 690 nomine
656 647 782 689 Patris
805 650 896 698 eto.7
924 646 1226 699 praetermissis
1248 644 1328 687 illis
1351 643 1552 701 (verbis):
1586 643 1672 700 Ego
1696 649 1734 687 te
1760 644 1832 688 ba-

209 721 309 774 ptizo
329 733 366 758 )).
392 719 591 769 Quamvis
617 718 654 758 in
674 715 742 757 illo
766 716 899 770 capite
923 714 1053 756 forma
1075 712 1264 770 baptismi
1289 715 1535 757 terminetur
1559 727 1632 770 per
1654 714 1827 758 verbum

211 788 435 832 «Amen»,
473 785 570 828 illud
607 798 684 827 non
718 784 850 827 solum
885 782 1156 826 substantiam
1194 783 1302 826 illius
1336 796 1414 826 non
1441 786 1632 840 integrat,
1657 784 1727 827 sed
1754 797 1830 828 nee

206 860 328 902 etiam
362 858 586 914 requiritur
618 868 691 912 pro
716 854 894 898 lieeitate
929 854 1112 897 formae:
1138 867 1234 897 nam
1271 856 1382 897 iuxta
1417 853 1496 898 Rit.
1523 854 1639 898 Rom.
1665 868 1742 897 non
1768 855 1829 898 di—

206 931 311 971 citur
334 930 371 969 in
393 926 594 983 baptismo
625 925 812 979 solemni,
833 929 872 967 et
896 923 1047 968 ibidem
1071 924 1085 946 ³
1120 923 1318 968 babetur:
1348 940 1367 965 «
1388 923 1592 981 Quoniam
1631 925 1828 981 Baptismi

205 1000 332 1041 t‘orma
377 997 438 1040 bis
488 996 624 1039 verbis
671 1007 891 1051 expressa:
927 994 1013 1051 Ego
1058 999 1097 1037 te
1142 994 1303 1051 baptizo
1353 997 1391 1038 in
1426 997 1591 1038 nomine
1628 995 1755 1039 l'atris
1788 1001 1826 1039 et

205 1068 290 1111 Filii
325 1072 363 1111 et
385 1068 560 1123 Spiritus
592 1068 743 1114 Sancti,
768 1067 935 1108 omnino
960 1068 1193 1109 necessaria
1226 1070 1300 1120 est7
1327 1065 1418 1109 ideo
1442 1077 1531 1108 eam
1567 1065 1678 1109 nullo
1706 1067 1831 1109 modo

205 1139 297 1182 lieet
342 1143 557 1191 mutare»,
591 1142 630 1180 et
662 1137 699 1181 S.
736 1136 812 1180 Rit.
847 1136 995 1193 Congr.
1017 1137 1031 1158 ⁴²
1067 1139 1345 1193 interrogata:
1386 1135 1535 1179 «Num
1583 1150 1661 1179 vox
1706 1149 1826 1180 amen

205 1212 242 1252 in
277 1210 356 1252 tine
391 1210 545 1251 formae
582 1208 771 1263 Baptismi
806 1210 857 1251 sit
889 1207 1123 1251 adhibenda
1160 1207 1222 1251 vel
1257 1207 1516 1251 omittenda?
1542 1208 1751 1264 respondit
1775 1220 1826 1251 ex

203 1279 369 1323 oraoulo
405 1280 459 1322 Pii
494 1278 579 1322 IX:
605 1280 665 1321 Ad
696 1278 717 1321 2
743 1280 917 1322 strictim
944 1280 981 1321 in
1007 1291 1104 1322 casu
1129 1283 1321 1322 servetur
1350 1277 1512 1322 Rituale
1536 1277 1828 1322 Romanum».

206 1377 257 1380 -
276 1350 379 1404 Quia
419 1363 514 1393 vero
540 1349 773 1392 huiusmodi
805 1348 930 1393 verba
962 1350 1119 1393 tormae
1143 1362 1237 1392 oum
1266 1351 1439 1392 veritate
1465 1349 1636 1405 proferri
1662 1348 1828 1399 debent,

205 1427 246 1464 ut
280 1425 402 1477 patet,
435 1420 697 1475 subiungitur
730 1422 769 1462 in
806 1419 883 1463 Rit.
917 1419 1036 1464 Rom.
1057 1420 1070 1441 ⁵
1102 1420 1209 1463 «sed
1245 1420 1390 1463 eadem
1425 1419 1550 1463 verba
1586 1433 1666 1462 uno
1701 1424 1739 1463 et
1763 1433 1829 1463 eo-

202 1492 295 1534 dem
330 1496 514 1547 tempore
548 1490 749 1548 (intellige
775 1490 986 1534 moraliter
1018 1490 1240 1548 loquendo)
1263 1503 1344 1548 quo
1379 1492 1421 1533 tit
1448 1490 1616 1540 ablutio,
1645 1504 1825 1546 pronun-

203 1563 337 1605 tianda
372 1567 522 1605 sunt».
548 1587 598 1592 —-
623 1562 700 1605 Sed
726 1564 920 1619 quamvis
954 1575 1031 1604 non
1058 1561 1179 1605 liceat
1211 1564 1402 1605 omittere
1440 1561 1612 1614 verbum
1655 1561 1822 1618 «Ego»

203 1633 399 1690 numquid
436 1635 608 1688 pertinet
642 1634 690 1676 ad
716 1635 934 1676 essentiam
965 1633 1088 1676 validi
1127 1632 1350 1689 baptismi?
1373 1632 1609 1676 Cei-tissime
1634 1645 1711 1674 non
1738 1646 1827 1688 per-

203 1706 299 1747 tinet
336 1707 372 1746 in
408 1703 544 1760 lingua
581 1703 716 1746 latina.
751 1703 806 1746 lta
841 1717 986 1747 omnes
1009 1717 1102 1747 cum
1138 1703 1184 1746 D.
1216 1703 1370 1746 Tlioma
1409 1706 1446 1746 in
1481 1708 1556 1746 art.
1584 1704 1607 1746 ὃ
1638 1715 1674 1760 q.
1703 1701 1823 1745 vat

202 1774 262 1816 3³⁸
295 1776 434 1831 partis,
468 1774 534 1817 ubi
571 1774 684 1830 plura
724 1774 843 1817 valde
879 1774 992 1817 utilia
1027 1774 1078 1817 de
1111 1774 1188 1817 bae
1223 1775 1353 1817 forma
1391 1776 1673 1825 inveniuntur,
1707 1778 1827 1816 testa-

200 1849 348 1901 turque
395 1843 574 1887 Graecos
620 1843 818 1888 adbibere
867 1845 1040 1887 formam
1093 1844 1298 1888 validam:
1353 1844 1629 1900 «Baptizetur
1677 1857 1827 1887 servus

200 1914 347 1958 Cliristi
383 1915 510 1972 (talis)
545 1918 582 1957 in
618 1918 824 1958 nomine»
862 1920 938 1959 etc.
964 1915 1184 1972 redditque
1218 1905 1435 1958 rationem.
1460 1914 1518 1958 De
1552 1914 1614 1957 liis
1637 1914 1826 1958 formulis

201 1985 402 2028 habentur
434 1988 647 2042 sequentia
693 1988 731 2028 in
779 1985 894 2029 Deof'
927 1985 1100 2042 Eugenii
1135 1984 1186 2029 tv
1229 1986 1279 2029 ad
1314 1985 1540 2028 Armenos:
1581 1986 1822 2042 «quoniam

199 2068 292 2098 cum
329 2055 564 2111 principalis
596 2068 734 2109 eausa,
757 2069 806 2099 ex
841 2069 921 2114 qua
948 2056 1175 2112 baptismus
1201 2059 1395 2099 virtutem
1434 2055 1571 2104 habet,
1595 2058 1646 2098 sit
1673 2056 1821 2099 Sancta

200 2125 386 2180 Trinitas,
422 2126 746 2170 instrumentalis
779 2133 915 2170 autem
951 2130 1002 2170 sit
1045 2129 1245 2181 minister,
1278 2129 1347 2184 qui
1388 2126 1511 2169 tradit
1544 2128 1728 2169 exterius
1758 2139 1823 2169 sa—

200 2200 478 2244 cramentum;
503 2199 534 2239 si
559 2199 806 2253 exprimitur
829 2202 958 2251 aetus,
983 2200 1052 2255 qui
1079 2212 1150 2254 per
1169 2201 1300 2254 ipsum
1327 2204 1548 2241 exercetur
1573 2199 1822 2251 ministrum⁷

199 2280 290 2309 cum
326 2272 490 2310 sanetae
533 2267 740 2310 Trinitatis
785 2270 1060 2321 invocatione,
1097 2270 1309 2325 perficitur
1352 2270 1730 2312 Sacramentum».
1768 2293 1822 2297 —

200 2336 342 2379 Forma
378 2338 620 2393 proferenda
654 2343 714 2381 est
750 2339 869 2382 modo
903 2352 950 2383 ae
984 2340 1122 2396 lingua
1159 2342 1410 2396 praescripta
1457 2352 1529 2396 pro
1563 2338 1741 2381 diversis
1776 2337 1822 2380 li-

199 2409 356 2462 turgiis,
389 2410 420 2449 si
455 2410 590 2463 agitur
622 2409 673 2451 de
707 2408 912 2464 Baptismo
945 2409 1148 2452 sollemni.
1184 2409 1224 2452 ln
1261 2409 1337 2454 Rit.
1357 2409 1474 2452 Rom.
1515 2409 1644 2451 vero6
1672 2408 1823 2463 legitur

198 2478 277 2518 sio:
317 2477 521 2521 «Latinus
556 2479 771 2535 presbyter
821 2480 943 2522 latina
977 2480 1108 2522 forma
1157 2492 1322 2535 semper
1370 2484 1509 2522 utatur
1532 2494 1571 2530 »‚
1607 2478 1675 2520 sed
1711 2478 1818 2520 dicta

197 2546 483 2602 intelliguntur
518 2562 593 2591 non
643 2549 915 2592 substantiam
959 2552 1178 2605 attingere,
1213 2562 1306 2593 nam
1351 2551 1388 2591 in
1439 2562 1475 2591 n.
1514 2548 1566 2590 ta
1599 2548 1821 2590 srribitur:

203 2632 221 2654 «
241 2617 309 2659 sed
345 2620 504 2674 quoties
538 2620 682 2671 intanS,
706 2625 775 2662 aut
808 2619 973 2662 adultus
1000 2624 1188 2662 versatur
1223 2622 1260 2662 in
1289 2621 1396 2661 vitae
1421 2618 1617 2675 periculo,
1645 2622 1820 2674 potest...

199 2685 391 2741 baptizari
428 2690 464 2730 in
500 2689 683 2745 qualibet
719 2689 916 2746 lingua».

313 2758 339 2813 ξ
373 2758 409 2802 2.
447 2758 545 2800 Fiam
579 2759 851 2802 niinistralm·
883 2760 1028 2817 supple
1069 2760 1381 2816 «baptismus»
1419 2759 1599 2801 serratis
1631 2757 1821 2802 omnibus

315 2864 324 2884 ¹
353 2864 442 2907 Cap.
474 2866 490 2897 t
519 2865 584 2898 tit.
613 2865 733 2899 huius
753 2865 947 2900 Decretal.
968 2866 1054 2909 (ΠΙ,
1079 2867 1152 2909 42).
1184 2887 1224 2891 —
1254 2866 1266 2888 ²
1293 2867 1313 2901 7
1339 2866 1431 2900 Dec.
1464 2865 1565 2899 1690.
1597 2885 1640 2889 —
1670 2865 1684 2886 ³
1711 2864 1750 2897 C.
1786 2864 1817 2904 Ι,

197 2908 268 2942 sub
295 2920 332 2942 n.
360 2910 395 2944 8.
414 2931 455 2935 —
473 2913 486 2933 4
513 2912 770 2946 Coehinehin.
791 2913 895 2954 3014,
915 2914 936 2945 9
954 2913 1041 2946 Iun.
1066 2914 1167 2948 1853.
1198 2933 1241 2938 —
1268 2914 1281 2935 ὓ
1300 2913 1388 2947 Loc.
1411 2913 1479 2946 cit.
1509 2931 1547 2938 -
1578 2911 1592 2933 ὅ
1611 2911 1651 2945 C.
1674 2911 1702 2948 Ι.
1722 2922 1759 2944 n.
1782 2914 1815 2944 Η.
