1971 3261
160 128 257 165 Can.
284 127 354 162 852
515 127 599 162 ΤῙΤ.
625 127 694 162 111.
726 148 733 153 -
761 127 817 162 De
842 131 1093 163 sanctissima
1121 130 1371 164 [cachat-istim

1726 132 1792 165 183

163 246 373 283 sacramenti
401 245 469 280 duo
499 249 642 291 possunt
668 244 898 280 considerari:
928 256 1036 279 unum
1067 257 1105 281 ex
1134 250 1230 292 parte
1257 246 1366 292 ipsius
1393 247 1612 287 sacramenti,
1632 247 1725 282 aliud
1753 259 1790 283 ex

167 309 262 352 parte
287 305 516 339 sumentium.
547 303 591 338 Ex
621 307 715 349 parte
744 303 884 348 quidem
914 303 1022 348 ipsius
1049 305 1258 339 sacramenti
1298 305 1460 340 convenit
1488 306 1577 351 quod
1605 311 1792 352 utrumque

159 368 336 403 «sumatur,
366 362 497 397 scilieet
522 366 555 397 et
581 372 705 407 eorpus
732 365 764 396 et
791 361 950 405 sanguis,
977 363 1058 407 quia
1087 363 1119 397 in
1149 368 1294 409 utroque
1321 363 1477 399 consistit
1494 364 1655 410 perfectio
1681 376 1793 400 sacra-

165 422 285 462 menti,
313 426 347 458 et
372 421 448 456 ideo
475 421 557 466 quia
581 421 624 455 ad
652 421 864 456 sacerdotem
895 421 1042 466 pertinet
1070 422 1131 457 hoc
1158 427 1416 458 sacramentum
1444 433 1645 458 consecrare
1670 428 1702 459 et
1723 434 1791 469 per-

164 482 277 524 ficere,
303 480 399 516 nullo
428 480 528 515 modo
553 479 655 514 debet
681 490 806 524 corpus
833 479 960 514 Christi
989 491 1125 516 sumere
1152 481 1228 516 sine
1255 482 1438 526 sanguine.
1478 481 1521 516 lix
1553 487 1645 525 parte
1674 487 1789 517 autem

163 541 378 578 sumentium
406 538 597 584 requiritur
615 549 753 573 summa
773 538 965 573 reverentia
984 544 1014 574 et
1035 540 1179 580 cautela,
1203 551 1246 576 ne
1263 540 1395 586 aliquid
1414 541 1546 576 accidat
1565 541 1658 586 quod
1674 546 1791 583 vergat

156 601 205 637 ad
232 599 400 635 iniuriam
428 597 514 633 tanti
544 597 713 643 mysterii.
744 596 842 640 Quod
873 597 1055 643 praecipue
1096 604 1205 644 posset
1235 600 1391 635 accidere
1418 599 1451 633 in
1480 600 1663 644 sanguinis
1697 611 1790 634 snm-

164 659 291 706 ptione‚
317 658 376 704 qui
405 657 545 703 quidem
573 656 599 691 si
629 656 768 691 incaute
795 661 990 692 sumeretur
1016 657 1056 692 dc
1086 657 1174 692 sacili
1204 663 1315 703 posset
1341 658 1485 693 etl'undi.
1522 658 1559 693 Et
1585 659 1665 704 quia
1684 659 1789 694 crevit

160 717 350 754 multitudo
379 716 495 763 populi
523 715 722 752 christiani,
760 715 794 749 in
834 727 902 761 qua
939 716 1164 751 continentur
1202 728 1301 753 senes
1339 722 1370 752 et
1398 717 1551 758 menes,
1580 723 1612 752 et
1640 717 1787 763 patruli,

157 787 311 824 quorum
338 777 480 822 quidam
509 786 580 810 non
608 779 688 809 sunt
717 778 835 809 tantae
861 774 1094 816 discretionis,
1124 780 1161 810 ut
1186 776 1355 811 cautelam
1393 776 1544 812 debitam
1572 777 1661 811 circa
1688 787 1787 811 usum

161 836 266 872 huius
292 835 502 871 sacramenti
530 834 736 875 adhibeant,
765 834 841 869 ideo
868 834 1008 879 provide
1035 833 1070 868 in
1098 835 1306 880 quibusdam
1346 835 1500 870 ecclesiis
1525 835 1728 870 observatur
1755 840 1788 870 ut

160 895 287 942 populo
310 895 455 940 sanguis
480 894 674 930 sumendus
701 904 771 928 non
799 893 908 933 detur,
938 894 995 929 sed
1024 894 1135 929 solum
1161 905 1181 929 a
1207 895 1381 929 sacerdote
1407 899 1615 929 sumatur».

283 994 305 1020 α
327 977 444 1022 Hanc
469 980 595 1034 igitur
617 979 961 1020 cousuetudinem
996 982 1135 1020 sancta
1164 982 1294 1020 mater
1318 976 1502 1020 Ecclesia
1528 976 1787 1033 approbavit,

153 1055 197 1093 -ct
232 1063 304 1107 pro
339 1049 428 1106 lege
462 1048 695 1092 habendam
745 1048 946 1092 decrevit.
996 1061 1117 1105 quam
1170 1047 1392 1104 reprobare
1440 1052 1507 1091 aut
1541 1051 1628 1090 siue
1663 1050 1788 1103 ipsius

157 1120 341 1166 Ecclesia
376 1122 623 1164 auctoritate
659 1132 730 1175 pro
767 1118 884 1162 libito
919 1124 1079 1162 mutare
1115 1132 1192 1161 non
1229 1119 1385 1162 licet».
1433 1118 1486 1161 lta
1520 1118 1642 1162 Conc.
1677 1117 1787 1162 Trid.

153 1192 252 1242 (loc.
289 1191 394 1249 cit),
428 1204 552 1249 quam
588 1190 722 1247 legem
765 1192 931 1233 retinuit
952 1204 1042 1234 caii.
1069 1192 1175 1232 859.
1211 1189 1488 1232 Samias-ima
1512 1188 1786 1232 Eucharistia

154 1266 196 1306 jn
229 1262 352 1306 Tituli
387 1264 654 1318 inscriptione
703 1261 913 1317 descripta
956 1259 1029 1303 sub
1077 1260 1168 1303 sola
1217 1259 1352 1318 specie
1377 1260 1502 1318 lutm's
1539 1259 1788 1317 praebetur:

158 1334 224 1378 hic
257 1347 388 1378 canon
429 1337 609 1376 «tamen
645 1345 768 1376 unam
804 1334 970 1388 respicit
1004 1331 1188 1374 Latinam
1215 1330 1457 1383 Ecclesiam,
1483 1344 1615 1388 neque
1638 1328 1784 1374 Orien-

155 1405 279 1450 talem
314 1404 509 1461 obligat»
546 1408 657 1457 (can.
693 1403 750 1460 1).

423 1569 521 1613 Aa'r.
559 1569 605 1613 ΙΙ.
640 1595 692 1599 -
732 1568 790 1612 De
819 1568 1000 1611 suln'eeto
1024 1581 1173 1610 sacrae
1202 1565 1517 1609 eonemmn'om‘s.

202 1699 287 1736 Cis.
317 1698 398 1735 853.
419 1719 434 1725 -
464 1697 619 1742 Quilibet
650 1697 845 1744 baptizatus
873 1697 931 1743 qui

150 1748 228 1784 iure
254 1758 325 1783 non
354 1747 572 1793 prohibetur,
596 1745 733 1781 admitti
762 1750 871 1791 potest
903 1749 935 1780 et

148 1795 255 1831 debet
281 1796 324 1830 ad
351 1805 485 1830 sacram
513 1793 812 1829 communionem.

202 1842 285 1878 CAN.
315 1840 396 1877 854.
429 1862 445 1867 -
473 1845 491 1887 ᾖ
523 1842 550 1876 l.
570 1841 701 1884 Pueris,
722 1841 779 1886 qui
799 1845 936 1886 propter

153 1890 277 1926 aetatis
314 1889 589 1925 imbecillitatem
631 1889 787 1924 nondum
833 1888 935 1923 huius

153 1937 364 1974 sacramenti
393 1937 628 1981 cognitionem
655 1941 687 1971 et
714 1941 853 1980 gustum
875 1936 933 1970 ha-

154 1985 250 2028 bent,
279 1983 497 2020 Eucharistia
523 1995 566 2019 ne
593 1983 824 2018 ministretur.

201 2036 220 2075 ξ
246 2032 279 2067 ’2.
310 2032 346 2066 ln
378 2032 530 2078 periculo
556 2031 690 2069 mortis,
724 2036 760 2065 ut
787 2030 933 2065 sanctis-

152 2080 242 2115 sima
270 2078 486 2122 Eucharistia
515 2078 629 2124 pueris
648 2078 839 2113 ministrari
863 2089 934 2124 pos-

153 2127 197 2162 sit
222 2138 261 2162 ac
287 2127 424 2170 debeat,
442 2126 526 2161 satis
545 2131 595 2161 est
615 2131 651 2161 ut
670 2126 782 2161 sciant
801 2125 933 2171 Corpus

153 2174 282 2210 Christi
309 2186 328 2210 a
354 2174 531 2209 communi
559 2173 636 2208 cibo
670 2173 867 2217 discernere
894 2173 932 2206 il-

150 2222 281 2268 ludque
307 2227 505 2258 reverenter
530 2221 687 2256 adorare.

199 2273 218 2312 ς
246 2270 278 2303 3.
308 2269 411 2304 Extra
438 2269 560 2304 mortis
586 2268 778 2314 periculum
801 2267 934 2313 plenior

153 2316 304 2361 cognitio
329 2316 509 2352 doctrinae
535 2315 749 2351 christianae
775 2320 807 2350 et
834 2326 932 2349 accu-

152 2365 259 2399 ratior
298 2364 494 2410 preparatio
532 2364 656 2398 merito
695 2363 855 2407 exigitur,
894 2373 930 2396 ca

151 2411 295 2454 scilicet,
324 2422 392 2457 qua
419 2411 482 2457 ipsi
513 2410 590 2446 fidei
617 2410 739 2445 saltem
769 2409 931 2456 mysteria

152 2459 348 2494 necessaria
376 2458 580 2494 necessitate
606 2458 709 2493 medii
726 2457 768 2492 ad
784 2457 930 2491 salutem

154 2517 212 2551 pro
251 2516 312 2541 suo
350 2511 453 2552 captu
495 2506 701 2552 percipiant,
743 2509 774 2539 et
813 2505 932 2539 devote

154 2564 213 2599 pro
239 2563 322 2588 suae
359 2553 483 2589 aetatis
518 2553 658 2588 modulo
684 2551 726 2587 ad
754 2551 931 2586 sanctissi-

153 2612 244 2636 mam
272 2600 525 2636 Eucharistiam
552 2600 729 2635 accedant.

199 2652 218 2690 ξ
245 2645 277 2682 4.
310 2647 357 2684 De
379 2648 562 2683 sufficienti
605 2657 788 2694 puerorum
817 2645 930 2691 dispc-

152 2694 277 2731 sitione
311 2695 355 2730 ad
397 2696 545 2740 primam
572 2693 856 2730 communionem
885 2695 933 2727 iu-

143 2743 280 2778 dicium
308 2748 381 2778 esto
407 2742 574 2778 sacerdoti
603 2754 623 2776 a
653 2739 931 2776 confessionibus

149 2800 340 2836 eorumque
379 2790 583 2836 parentibus
617 2795 675 2824 ant
703 2788 745 2821 iis
771 2787 829 2832 qni
860 2788 930 2821 loco

148 2841 335 2882 parentum
363 2842 457 2873 sunt.

1058 1701 1076 1739 ἓ
1104 1695 1136 1731 5.
1168 1695 1319 1730 Parocho
1345 1699 1460 1729 autem
1486 1699 1535 1727 est
1563 1693 1710 1728 otlicium
1730 1693 1786 1728 ad-

1010 1743 1192 1789 vigilandi,
1220 1743 1324 1778 etiam
1354 1753 1412 1788 per
1437 1752 1596 1783 examen,
1616 1740 1642 1774 si
1662 1751 1785 1786 oppor-

1010 1797 1134 1827 tunum
1164 1791 1351 1837 prudenter
1382 1788 1595 1831 iudicaverit,
1624 1798 1667 1822 ne
1688 1787 1781 1833 pueri

1009 1840 1051 1874 ad
1092 1837 1258 1882 Synaxim
1302 1836 1467 1872 accedant
1501 1840 1582 1870 ante
1618 1836 1780 1879 adeptum

1009 1898 1108 1922 usum
1130 1885 1273 1920 rationis
1293 1884 1345 1919 vel
1365 1885 1440 1918 sine
1466 1882 1648 1917 sullicienti
1668 1882 1782 1927 dispo-

1007 1934 1153 1975 sitione3
1183 1933 1333 1977 itemque
1367 1930 1510 1965 curandi
1541 1935 1572 1964 ut
1603 1940 1701 1964 usum
1730 1940 1782 1964 ra-

1009 1982 1112 2016 tionis
1136 1985 1282 2015 assecuti
1322 1984 1353 2013 et
1392 1977 1601 2012 sullicienter
1626 1976 1780 2022 dispositi

1007 2028 1267 2075 quamprimum
1314 2027 1375 2060 hoc
1421 2025 1540 2059 divino
1587 2023 1662 2059 cibo
1706 2023 1781 2058 resi-

1007 2077 1156 2111 ciantur.

1055 2124 1140 2158 em.
1170 2120 1249 2155 855.
1282 2141 1298 2145 -
1327 2124 1345 2162 ξ
1376 2119 1403 2155 l.
1431 2118 1578 2153 Arceudi
1619 2122 1699 2152 sunt
1737 2117 1781 2152 ab

1011 2169 1222 2205 Eucharistia
1242 2167 1377 2214 publice
1397 2165 1545 2210 indigni.
1563 2165 1682 2210 quales
1700 2170 1780 2199 sunt

1006 2217 1310 2253 excommunicati,
1341 2213 1513 2249 interdicti
1531 2212 1781 2257 manifestoque

1008 2266 1168 2305 infames,
1200 2263 1264 2297 nisi
1293 2264 1334 2296 ‹le
1360 2272 1477 2296 eorum
1508 2259 1718 2306 poenitentia
1749 2264 1780 2294 et

1006 2311 1249 2347 emendatione
1288 2314 1419 2344 constet
1446 2313 1479 2343 et
1508 2307 1644 2353 publico
1681 2318 1780 2341 scan-

1006 2360 1084 2395 dalo
1114 2360 1207 2405 prius
1233 2356 1477 2392 satisfecerint.

1054 2411 1072 2449 ξ
1100 2408 1131 2440 2.
1162 2404 1325 2440 Occultos
1344 2414 1422 2438 vero
1443 2406 1646 2448 peccatores.
1677 2401 1704 2434 si
1725 2411 1778 2435 oc-

1005 2456 1095 2489 culte
1125 2457 1241 2499 petant
1267 2457 1297 2486 et
1325 2462 1381 2486 eos
1420 2460 1488 2484 non
1517 2449 1719 2483 emendatos
1745 2458 1778 2481 a·

1004 2502 1175 2544 gnoxcrit,
1206 2499 1364 2533 minister
1391 2497 1551 2542 repellat:
1579 2501 1777 2530 nouantem

1006 2546 1030 2583 si
1062 2548 1196 2595 publice
1226 2551 1342 2592 petant
1381 2550 1411 2579 et
1439 2545 1514 2579 sine
1541 2543 1706 2578 scandalo
1734 2543 1778 2587 ip-

1006 2609 1059 2631 sos
1088 2596 1271 2641 praeterire
1299 2597 1459 2638 nequeat.

1053 2644 1136 2678 tm.
1167 2641 1244 2676 85⁴5.
1274 2661 1289 2665 -
1320 2639 1425 2675 Nemo
1446 2649 1547 2684 quem
1567 2636 1777 2672 conscicntia

1007 2692 1132 2737 pcccati
1164 2687 1318 2723 mortalis
1344 2691 1475 2730 gravat,
1509 2689 1778 2730 quantumcum-

1005 2750 1070 2784 que
1096 2737 1199 2773 etiam
1228 2747 1263 2770 se
1282 2735 1469 2769 contritum
1497 2732 1682 2770 existimet,
1703 2731 1778 2764 siue

1006 2785 1195 2831 praemissa
1221 2780 1462 2817 sacramentali
1493 2779 1709 2814 consessione
1735 2777 1775 2811 ad

1004 2843 1135 2868 sacram
1175 2829 1457 2865 communionem
1500 2827 1658 2863 accedat:
1688 2824 1777 2869 quod
