<?xml version="1.0" encoding="UTF-8"?>
<!DOCTYPE html PUBLIC "-//W3C//DTD XHTML 1.0 Transitional//EN"
    "http://www.w3.org/TR/xhtml1/DTD/xhtml1-transitional.dtd">
<html xmlns="http://www.w3.org/1999/xhtml" xml:lang="en" lang="en">
 <head>
  <title>
</title>
<meta http-equiv="Content-Type" content="text/html;charset=utf-8" />
  <meta name='ocr-system' content='tesseract 3.04.00' />
  <meta name='ocr-capabilities' content='ocr_page ocr_carea ocr_par ocr_line ocrx_word'/>
</head>
<body>
  <div class='ocr_page' id='page_1' title='image "./p1commentariumte03blatuoft_0730.png"; bbox 0 0 1971 3261; ppageno 0'>
   <div class='ocr_carea' id='block_1_1' title="bbox 706 544 1268 609">
    <p class='ocr_par' dir='ltr' id='par_1_1' title="bbox 706 544 1268 609">
     <span class='ocr_line' id='line_1_1' title="bbox 706 544 1268 609; baseline 0 -1"><span class='ocrx_word' id='word_1_1' title='bbox 706 544 1268 609; x_wconf 84' lang='lat' dir='ltr'><strong>APPENDIX.</strong></span> 
     </span>
    </p>
   </div>
   <div class='ocr_carea' id='block_1_2' title="bbox 172 766 1824 2950">
    <p class='ocr_par' dir='ltr' id='par_1_2' title="bbox 173 766 1824 1808">
     <span class='ocr_line' id='line_1_2' title="bbox 293 766 1798 823; baseline -0.007 -5"><span class='ocrx_word' id='word_1_2' title='bbox 293 773 596 818; x_wconf 85' lang='lat' dir='ltr'>Brevissima</span> <span class='ocrx_word' id='word_1_3' title='bbox 627 771 835 816; x_wconf 84' lang='lat' dir='ltr'>historia</span> <span class='ocrx_word' id='word_1_4' title='bbox 868 768 1203 814; x_wconf 75' lang='lat' dir='ltr'>Fon-mularum</span> <span class='ocrx_word' id='word_1_5' title='bbox 1242 767 1290 812; x_wconf 92' lang='lat' dir='ltr'>S.</span> <span class='ocrx_word' id='word_1_6' title='bbox 1324 766 1520 822; x_wconf 74' lang='lat' dir='ltr'>Congu-‚⁸</span> <span class='ocrx_word' id='word_1_7' title='bbox 1551 767 1614 811; x_wconf 88' lang='lat' dir='ltr'>de</span> <span class='ocrx_word' id='word_1_8' title='bbox 1647 767 1798 823; x_wconf 85' lang='lat' dir='ltr'>Prop.</span> 
     </span>
     <span class='ocr_line' id='line_1_3' title="bbox 175 835 1802 894; baseline -0.007 -4"><span class='ocrx_word' id='word_1_9' title='bbox 175 846 292 890; x_wconf 86' lang='lat' dir='ltr'><strong>Fide</strong></span> <span class='ocrx_word' id='word_1_10' title='bbox 325 842 418 887; x_wconf 89' lang='lat' dir='ltr'>talis</span> <span class='ocrx_word' id='word_1_11' title='bbox 451 847 523 885; x_wconf 88' lang='lat' dir='ltr'>est.</span> <span class='ocrx_word' id='word_1_12' title='bbox 559 842 665 884; x_wconf 89' lang='lat' dir='ltr'>Ante</span> <span class='ocrx_word' id='word_1_13' title='bbox 699 844 828 883; x_wconf 92' lang='lat' dir='ltr'>coust.</span> <span class='ocrx_word' id='word_1_14' title='bbox 868 854 890 880; x_wconf 71' lang='lat' dir='ltr'>&lt;t</span> <span class='ocrx_word' id='word_1_15' title='bbox 912 839 1095 894; x_wconf 85' lang='lat' dir='ltr'>Sapienti</span> <span class='ocrx_word' id='word_1_16' title='bbox 1129 837 1301 881; x_wconf 91' lang='lat' dir='ltr'>consilio</span> <span class='ocrx_word' id='word_1_17' title='bbox 1326 852 1345 878; x_wconf 61' lang='grc' dir='ltr'>ι)</span> <span class='ocrx_word' id='word_1_18' title='bbox 1387 839 1444 879; x_wconf 73' lang='lat' dir='ltr'>Pii</span> <span class='ocrx_word' id='word_1_19' title='bbox 1469 836 1541 879; x_wconf 88' lang='grc' dir='ltr'>ΡΡ.</span> <span class='ocrx_word' id='word_1_20' title='bbox 1567 835 1602 879; x_wconf 85' lang='grc' dir='ltr'>Χ</span> <span class='ocrx_word' id='word_1_21' title='bbox 1637 837 1802 880; x_wconf 91' lang='lat' dir='ltr'>fuerunt</span> 
     </span>
     <span class='ocr_line' id='line_1_4' title="bbox 175 906 1804 965; baseline -0.004 -7"><span class='ocrx_word' id='word_1_22' title='bbox 175 915 282 959; x_wconf 83' lang='lat' dir='ltr'>duae</span> <span class='ocrx_word' id='word_1_23' title='bbox 317 913 589 957; x_wconf 89' lang='lat' dir='ltr'>formularum</span> <span class='ocrx_word' id='word_1_24' title='bbox 623 913 763 963; x_wconf 83' lang='lat' dir='ltr'>series,</span> <span class='ocrx_word' id='word_1_25' title='bbox 788 922 868 953; x_wconf 88' lang='lat' dir='ltr'>una</span> <span class='ocrx_word' id='word_1_26' title='bbox 903 910 1086 952; x_wconf 91' lang='lat' dir='ltr'>numeris</span> <span class='ocrx_word' id='word_1_27' title='bbox 1119 908 1326 962; x_wconf 86' lang='lat' dir='ltr'>distincta,</span> <span class='ocrx_word' id='word_1_28' title='bbox 1349 907 1477 951; x_wconf 88' lang='lat' dir='ltr'>altera</span> <span class='ocrx_word' id='word_1_29' title='bbox 1513 906 1672 960; x_wconf 80' lang='lat' dir='ltr'>litteris,</span> <span class='ocrx_word' id='word_1_30' title='bbox 1695 920 1804 965; x_wconf 89' lang='lat' dir='ltr'>quae</span> 
     </span>
     <span class='ocr_line' id='line_1_5' title="bbox 175 977 1805 1038; baseline -0.006 -9"><span class='ocrx_word' id='word_1_31' title='bbox 175 984 425 1029; x_wconf 77' lang='lat' dir='ltr'>decurrebat</span> <span class='ocrx_word' id='word_1_32' title='bbox 457 997 477 1027; x_wconf 94' lang='lat' dir='ltr'>a</span> <span class='ocrx_word' id='word_1_33' title='bbox 513 983 647 1026; x_wconf 89' lang='lat' dir='ltr'>littera</span> <span class='ocrx_word' id='word_1_34' title='bbox 683 982 717 1025; x_wconf 85' lang='lat' dir='ltr'><strong>A</strong></span> <span class='ocrx_word' id='word_1_35' title='bbox 750 994 881 1038; x_wconf 87' lang='lat' dir='ltr'>usque</span> <span class='ocrx_word' id='word_1_36' title='bbox 915 980 964 1024; x_wconf 92' lang='lat' dir='ltr'>ad</span> <span class='ocrx_word' id='word_1_37' title='bbox 999 979 1037 1034; x_wconf 94' lang='lat' dir='ltr'>Z,</span> <span class='ocrx_word' id='word_1_38' title='bbox 1062 981 1256 1037; x_wconf 87' lang='lat' dir='ltr'>quamvis</span> <span class='ocrx_word' id='word_1_39' title='bbox 1279 977 1501 1021; x_wconf 76' lang='lat' dir='ltr'>nonnullae</span> <span class='ocrx_word' id='word_1_40' title='bbox 1523 977 1715 1021; x_wconf 80' lang='lat' dir='ltr'>deessent</span> <span class='ocrx_word' id='word_1_41' title='bbox 1748 980 1805 1021; x_wconf 88' lang='lat' dir='ltr'>in—</span> 
     </span>
     <span class='ocr_line' id='line_1_6' title="bbox 175 1048 1803 1111; baseline -0.005 -11"><span class='ocrx_word' id='word_1_42' title='bbox 175 1055 401 1100; x_wconf 86' lang='lat' dir='ltr'>termediae</span> <span class='ocrx_word' id='word_1_43' title='bbox 428 1069 464 1100; x_wconf 92' lang='lat' dir='ltr'>v.</span> <span class='ocrx_word' id='word_1_44' title='bbox 484 1068 547 1111; x_wconf 85' lang='lat' dir='ltr'>gr.</span> <span class='ocrx_word' id='word_1_45' title='bbox 571 1053 621 1109; x_wconf 85' lang='lat' dir='ltr'>X,</span> <span class='ocrx_word' id='word_1_46' title='bbox 641 1054 825 1096; x_wconf 78' lang='lat' dir='ltr'>fortassis</span> <span class='ocrx_word' id='word_1_47' title='bbox 842 1053 939 1109; x_wconf 86' lang='lat' dir='ltr'>quia</span> <span class='ocrx_word' id='word_1_48' title='bbox 971 1061 1218 1107; x_wconf 76' lang='lat' dir='ltr'>suppressae</span> <span class='ocrx_word' id='word_1_49' title='bbox 1254 1050 1430 1094; x_wconf 84' lang='lat' dir='ltr'>fuerant.</span> <span class='ocrx_word' id='word_1_50' title='bbox 1454 1048 1563 1092; x_wconf 90' lang='lat' dir='ltr'>lnter</span> <span class='ocrx_word' id='word_1_51' title='bbox 1585 1061 1655 1092; x_wconf 91' lang='lat' dir='ltr'>eas</span> <span class='ocrx_word' id='word_1_52' title='bbox 1677 1061 1803 1106; x_wconf 89' lang='lat' dir='ltr'>quae-</span> 
     </span>
     <span class='ocr_line' id='line_1_7' title="bbox 175 1119 1803 1180; baseline -0.006 -9"><span class='ocrx_word' id='word_1_53' title='bbox 175 1127 269 1171; x_wconf 89' lang='lat' dir='ltr'>dam</span> <span class='ocrx_word' id='word_1_54' title='bbox 304 1130 422 1170; x_wconf 89' lang='lat' dir='ltr'>erant</span> <span class='ocrx_word' id='word_1_55' title='bbox 453 1124 714 1169; x_wconf 85' lang='lat' dir='ltr'>solummodo</span> <span class='ocrx_word' id='word_1_56' title='bbox 748 1136 822 1180; x_wconf 90' lang='lat' dir='ltr'>pro</span> <span class='ocrx_word' id='word_1_57' title='bbox 855 1120 1134 1179; x_wconf 73' lang='lat' dir='ltr'>poenitentiali</span> <span class='ocrx_word' id='word_1_58' title='bbox 1178 1121 1277 1175; x_wconf 90' lang='lat' dir='ltr'>foro,</span> <span class='ocrx_word' id='word_1_59' title='bbox 1311 1119 1516 1178; x_wconf 83' lang='lat' dir='ltr'>quaedam</span> <span class='ocrx_word' id='word_1_60' title='bbox 1550 1121 1803 1163; x_wconf 87' lang='lat' dir='ltr'>coniunctim</span> 
     </span>
     <span class='ocr_line' id='line_1_8' title="bbox 175 1190 1804 1249; baseline -0.005 -8"><span class='ocrx_word' id='word_1_61' title='bbox 175 1197 441 1242; x_wconf 84' lang='lat' dir='ltr'>continebant</span> <span class='ocrx_word' id='word_1_62' title='bbox 464 1196 554 1239; x_wconf 92' lang='lat' dir='ltr'>illas</span> <span class='ocrx_word' id='word_1_63' title='bbox 578 1195 794 1239; x_wconf 80' lang='lat' dir='ltr'>facultates</span> <span class='ocrx_word' id='word_1_64' title='bbox 816 1198 856 1237; x_wconf 92' lang='lat' dir='ltr'>et</span> <span class='ocrx_word' id='word_1_65' title='bbox 878 1192 980 1236; x_wconf 89' lang='lat' dir='ltr'>alias</span> <span class='ocrx_word' id='word_1_66' title='bbox 1005 1205 1077 1249; x_wconf 81' lang='lat' dir='ltr'>pro</span> <span class='ocrx_word' id='word_1_67' title='bbox 1101 1192 1187 1234; x_wconf 87' lang='lat' dir='ltr'>toro</span> <span class='ocrx_word' id='word_1_68' title='bbox 1210 1196 1397 1234; x_wconf 83' lang='lat' dir='ltr'>externo.</span> <span class='ocrx_word' id='word_1_69' title='bbox 1422 1190 1507 1234; x_wconf 92' lang='lat' dir='ltr'>lmo</span> <span class='ocrx_word' id='word_1_70' title='bbox 1531 1195 1572 1234; x_wconf 93' lang='lat' dir='ltr'>et</span> <span class='ocrx_word' id='word_1_71' title='bbox 1596 1190 1634 1234; x_wconf 88' lang='lat' dir='ltr'>S.</span> <span class='ocrx_word' id='word_1_72' title='bbox 1653 1190 1804 1247; x_wconf 86' lang='lat' dir='ltr'>Congr.</span> 
     </span>
     <span class='ocr_line' id='line_1_9' title="bbox 175 1259 1802 1325; baseline -0.005 -14"><span class='ocrx_word' id='word_1_73' title='bbox 175 1268 442 1325; x_wconf 83' lang='lat' dir='ltr'>privilegium</span> <span class='ocrx_word' id='word_1_74' title='bbox 477 1266 725 1315; x_wconf 76' lang='lat' dir='ltr'>obtinuerat,</span> <span class='ocrx_word' id='word_1_75' title='bbox 760 1269 803 1308; x_wconf 90' lang='lat' dir='ltr'>ut</span> <span class='ocrx_word' id='word_1_76' title='bbox 845 1276 940 1307; x_wconf 90' lang='lat' dir='ltr'>suas</span> <span class='ocrx_word' id='word_1_77' title='bbox 973 1262 1189 1306; x_wconf 85' lang='lat' dir='ltr'>facultates</span> <span class='ocrx_word' id='word_1_78' title='bbox 1229 1261 1477 1305; x_wconf 80' lang='lat' dir='ltr'>concederet</span> <span class='ocrx_word' id='word_1_79' title='bbox 1509 1273 1675 1318; x_wconf 86' lang='lat' dir='ltr'>quoque</span> <span class='ocrx_word' id='word_1_80' title='bbox 1708 1259 1802 1317; x_wconf 90' lang='lat' dir='ltr'>Epi-</span> 
     </span>
     <span class='ocr_line' id='line_1_10' title="bbox 174 1329 1824 1396; baseline -0.006 -13"><span class='ocrx_word' id='word_1_81' title='bbox 174 1341 324 1395; x_wconf 84' lang='lat' dir='ltr'>scopis‚</span> <span class='ocrx_word' id='word_1_82' title='bbox 347 1341 416 1396; x_wconf 87' lang='lat' dir='ltr'>qui</span> <span class='ocrx_word' id='word_1_83' title='bbox 450 1337 584 1381; x_wconf 90' lang='lat' dir='ltr'>eidem</span> <span class='ocrx_word' id='word_1_84' title='bbox 620 1349 699 1380; x_wconf 89' lang='lat' dir='ltr'>non</span> <span class='ocrx_word' id='word_1_85' title='bbox 734 1333 1074 1386; x_wconf 85' lang='lat' dir='ltr'>subiiciebantur,</span> <span class='ocrx_word' id='word_1_86' title='bbox 1110 1347 1149 1375; x_wconf 93' lang='lat' dir='ltr'>v.</span> <span class='ocrx_word' id='word_1_87' title='bbox 1173 1346 1235 1389; x_wconf 86' lang='lat' dir='ltr'>gr.</span> <span class='ocrx_word' id='word_1_88' title='bbox 1260 1332 1479 1375; x_wconf 87' lang='lat' dir='ltr'>Americae</span> <span class='ocrx_word' id='word_1_89' title='bbox 1501 1331 1685 1381; x_wconf 77' lang='lat' dir='ltr'>Latinae,</span> <span class='ocrx_word' id='word_1_90' title='bbox 1709 1329 1824 1385; x_wconf 62' lang='lat' dir='ltr'>Ger-,</span> 
     </span>
     <span class='ocr_line' id='line_1_11' title="bbox 176 1401 1805 1460; baseline -0.004 -8"><span class='ocrx_word' id='word_1_91' title='bbox 176 1412 351 1453; x_wconf 91' lang='lat' dir='ltr'>maniae.</span> <span class='ocrx_word' id='word_1_92' title='bbox 386 1408 604 1452; x_wconf 88' lang='lat' dir='ltr'>Formulae</span> <span class='ocrx_word' id='word_1_93' title='bbox 627 1407 783 1451; x_wconf 87' lang='lat' dir='ltr'>diversi</span> <span class='ocrx_word' id='word_1_94' title='bbox 818 1407 979 1448; x_wconf 91' lang='lat' dir='ltr'>numeri</span> <span class='ocrx_word' id='word_1_95' title='bbox 1004 1404 1210 1448; x_wconf 87' lang='lat' dir='ltr'>dabantur</span> <span class='ocrx_word' id='word_1_96' title='bbox 1244 1416 1316 1460; x_wconf 93' lang='lat' dir='ltr'>pro</span> <span class='ocrx_word' id='word_1_97' title='bbox 1339 1403 1519 1446; x_wconf 90' lang='lat' dir='ltr'>diversis</span> <span class='ocrx_word' id='word_1_98' title='bbox 1551 1401 1805 1458; x_wconf 85' lang='lat' dir='ltr'>regionibuS,</span> 
     </span>
     <span class='ocr_line' id='line_1_12' title="bbox 173 1471 1806 1531; baseline -0.006 -7"><span class='ocrx_word' id='word_1_99' title='bbox 173 1483 281 1524; x_wconf 89' lang='lat' dir='ltr'>sicut</span> <span class='ocrx_word' id='word_1_100' title='bbox 312 1484 351 1524; x_wconf 93' lang='lat' dir='ltr'>et</span> <span class='ocrx_word' id='word_1_101' title='bbox 385 1479 604 1523; x_wconf 91' lang='lat' dir='ltr'>Formulae</span> <span class='ocrx_word' id='word_1_102' title='bbox 637 1478 899 1521; x_wconf 86' lang='lat' dir='ltr'>diversarum</span> <span class='ocrx_word' id='word_1_103' title='bbox 936 1475 1183 1529; x_wconf 83' lang='lat' dir='ltr'>litterarum,</span> <span class='ocrx_word' id='word_1_104' title='bbox 1205 1473 1414 1531; x_wconf 85' lang='lat' dir='ltr'>simulque</span> <span class='ocrx_word' id='word_1_105' title='bbox 1448 1473 1554 1516; x_wconf 87' lang='lat' dir='ltr'>aliae</span> <span class='ocrx_word' id='word_1_106' title='bbox 1586 1486 1660 1530; x_wconf 91' lang='lat' dir='ltr'>pro</span> <span class='ocrx_word' id='word_1_107' title='bbox 1684 1471 1806 1516; x_wconf 90' lang='lat' dir='ltr'>Dioe-</span> 
     </span>
     <span class='ocr_line' id='line_1_13' title="bbox 174 1538 1804 1606; baseline -0.006 -10"><span class='ocrx_word' id='word_1_108' title='bbox 174 1551 352 1603; x_wconf 84' lang='lat' dir='ltr'>cesibuS‚</span> <span class='ocrx_word' id='word_1_109' title='bbox 385 1550 491 1595; x_wconf 89' lang='lat' dir='ltr'>aliae</span> <span class='ocrx_word' id='word_1_110' title='bbox 526 1563 598 1606; x_wconf 91' lang='lat' dir='ltr'>pro</span> <span class='ocrx_word' id='word_1_111' title='bbox 632 1547 912 1592; x_wconf 76' lang='lat' dir='ltr'>vicariatibus</span> <span class='ocrx_word' id='word_1_112' title='bbox 956 1551 995 1590; x_wconf 93' lang='lat' dir='ltr'>et</span> <span class='ocrx_word' id='word_1_113' title='bbox 1038 1538 1317 1589; x_wconf 89' lang='lat' dir='ltr'>Praefecturis</span> <span class='ocrx_word' id='word_1_114' title='bbox 1349 1543 1609 1601; x_wconf 90' lang='lat' dir='ltr'>Apostolicis.</span> <span class='ocrx_word' id='word_1_115' title='bbox 1644 1538 1731 1590; x_wconf 84' lang='lat' dir='ltr'>Imo</span> <span class='ocrx_word' id='word_1_116' title='bbox 1762 1544 1804 1588; x_wconf 88' lang='lat' dir='ltr'>S.</span> 
     </span>
     <span class='ocr_line' id='line_1_14' title="bbox 173 1615 1808 1679; baseline -0.006 -12"><span class='ocrx_word' id='word_1_117' title='bbox 173 1622 322 1679; x_wconf 82' lang='lat' dir='ltr'>Congr.</span> <span class='ocrx_word' id='word_1_118' title='bbox 357 1621 613 1666; x_wconf 89' lang='lat' dir='ltr'>concedebat</span> <span class='ocrx_word' id='word_1_119' title='bbox 645 1622 768 1663; x_wconf 89' lang='lat' dir='ltr'>etiam</span> <span class='ocrx_word' id='word_1_120' title='bbox 796 1618 960 1662; x_wconf 87' lang='lat' dir='ltr'>titulum</span> <span class='ocrx_word' id='word_1_121' title='bbox 996 1618 1244 1660; x_wconf 89' lang='lat' dir='ltr'>missionarii</span> <span class='ocrx_word' id='word_1_122' title='bbox 1278 1615 1329 1659; x_wconf 91' lang='lat' dir='ltr'>ad</span> <span class='ocrx_word' id='word_1_123' title='bbox 1355 1615 1555 1658; x_wconf 89' lang='lat' dir='ltr'>honorem</span> <span class='ocrx_word' id='word_1_124' title='bbox 1590 1627 1684 1658; x_wconf 89' lang='lat' dir='ltr'>cum</span> <span class='ocrx_word' id='word_1_125' title='bbox 1710 1627 1808 1658; x_wconf 93' lang='lat' dir='ltr'>non-</span> 
     </span>
     <span class='ocr_line' id='line_1_15' title="bbox 174 1685 1805 1749; baseline -0.006 -12"><span class='ocrx_word' id='word_1_126' title='bbox 174 1694 298 1737; x_wconf 86' lang='lat' dir='ltr'>nullis</span> <span class='ocrx_word' id='word_1_127' title='bbox 330 1692 609 1749; x_wconf 82' lang='lat' dir='ltr'>indulgentias</span> <span class='ocrx_word' id='word_1_128' title='bbox 651 1688 915 1747; x_wconf 89' lang='lat' dir='ltr'>impertiendi</span> <span class='ocrx_word' id='word_1_129' title='bbox 952 1687 1180 1745; x_wconf 83' lang='lat' dir='ltr'>privilegiis</span> <span class='ocrx_word' id='word_1_130' title='bbox 1212 1691 1291 1730; x_wconf 89' lang='lat' dir='ltr'>etc.</span> <span class='ocrx_word' id='word_1_131' title='bbox 1324 1685 1402 1729; x_wconf 92' lang='lat' dir='ltr'>sub</span> <span class='ocrx_word' id='word_1_132' title='bbox 1443 1687 1568 1729; x_wconf 88' lang='lat' dir='ltr'>certis</span> <span class='ocrx_word' id='word_1_133' title='bbox 1604 1685 1805 1729; x_wconf 88' lang='lat' dir='ltr'>conditio-</span> 
     </span>
     <span class='ocr_line' id='line_1_16' title="bbox 175 1764 309 1808; baseline -0.015 -1"><span class='ocrx_word' id='word_1_134' title='bbox 175 1764 309 1808; x_wconf 89' lang='lat' dir='ltr'>nibus.</span> 
     </span>
    </p>

    <p class='ocr_par' dir='ltr' id='par_1_3' title="bbox 172 1828 1811 2950">
     <span class='ocr_line' id='line_1_17' title="bbox 293 1828 1807 1886; baseline -0.005 -8"><span class='ocrx_word' id='word_1_135' title='bbox 293 1834 450 1879; x_wconf 91' lang='lat' dir='ltr'>Publici</span> <span class='ocrx_word' id='word_1_136' title='bbox 493 1836 594 1877; x_wconf 91' lang='lat' dir='ltr'>iuris</span> <span class='ocrx_word' id='word_1_137' title='bbox 635 1834 741 1877; x_wconf 89' lang='lat' dir='ltr'>facta</span> <span class='ocrx_word' id='word_1_138' title='bbox 785 1831 1086 1876; x_wconf 88' lang='lat' dir='ltr'>Constitutione</span> <span class='ocrx_word' id='word_1_139' title='bbox 1119 1842 1243 1886; x_wconf 90' lang='lat' dir='ltr'>supra</span> <span class='ocrx_word' id='word_1_140' title='bbox 1289 1828 1469 1873; x_wconf 89' lang='lat' dir='ltr'>indicata</span> <span class='ocrx_word' id='word_1_141' title='bbox 1510 1832 1807 1885; x_wconf 89' lang='lat' dir='ltr'>reservatoque</span> 
     </span>
     <span class='ocr_line' id='line_1_18' title="bbox 174 1896 1803 1958; baseline -0.006 -8"><span class='ocrx_word' id='word_1_142' title='bbox 174 1907 324 1951; x_wconf 89' lang='lat' dir='ltr'>Sacrae</span> <span class='ocrx_word' id='word_1_143' title='bbox 346 1906 687 1949; x_wconf 87' lang='lat' dir='ltr'>Poenitentiariae</span> <span class='ocrx_word' id='word_1_144' title='bbox 711 1905 799 1947; x_wconf 93' lang='lat' dir='ltr'>foro</span> <span class='ocrx_word' id='word_1_145' title='bbox 822 1905 996 1957; x_wconf 81' lang='lat' dir='ltr'>interno,</span> <span class='ocrx_word' id='word_1_146' title='bbox 1021 1896 1399 1958; x_wconf 75' lang='lat' dir='ltr'>dispensationibus</span> <span class='ocrx_word' id='word_1_147' title='bbox 1426 1897 1803 1942; x_wconf 89' lang='lat' dir='ltr'>matrimonialibus</span> 
     </span>
     <span class='ocr_line' id='line_1_19' title="bbox 172 1966 1806 2032; baseline -0.006 -12"><span class='ocrx_word' id='word_1_148' title='bbox 172 1977 334 2020; x_wconf 88' lang='lat' dir='ltr'>traditis</span> <span class='ocrx_word' id='word_1_149' title='bbox 366 1976 404 2020; x_wconf 89' lang='lat' dir='ltr'>S.</span> <span class='ocrx_word' id='word_1_150' title='bbox 439 1974 603 2032; x_wconf 82' lang='lat' dir='ltr'>Congr.i</span> <span class='ocrx_word' id='word_1_151' title='bbox 635 1975 686 2018; x_wconf 88' lang='lat' dir='ltr'>de</span> <span class='ocrx_word' id='word_1_152' title='bbox 719 1973 997 2018; x_wconf 89' lang='lat' dir='ltr'>Sacramentis</span> <span class='ocrx_word' id='word_1_153' title='bbox 1035 1977 1075 2015; x_wconf 91' lang='lat' dir='ltr'>et</span> <span class='ocrx_word' id='word_1_154' title='bbox 1120 1970 1285 2027; x_wconf 81' lang='lat' dir='ltr'>Congr.¹</span> <span class='ocrx_word' id='word_1_155' title='bbox 1317 1970 1356 2014; x_wconf 91' lang='lat' dir='ltr'>S.</span> <span class='ocrx_word' id='word_1_156' title='bbox 1391 1966 1542 2024; x_wconf 86' lang='lat' dir='ltr'>Officii,</span> <span class='ocrx_word' id='word_1_157' title='bbox 1577 1968 1674 2012; x_wconf 90' lang='lat' dir='ltr'>buic</span> <span class='ocrx_word' id='word_1_158' title='bbox 1709 1973 1806 2012; x_wconf 91' lang='lat' dir='ltr'>tunc</span> 
     </span>
     <span class='ocr_line' id='line_1_20' title="bbox 174 2040 1808 2104; baseline -0.006 -13"><span class='ocrx_word' id='word_1_159' title='bbox 174 2047 370 2091; x_wconf 89' lang='lat' dir='ltr'>attributa</span> <span class='ocrx_word' id='word_1_160' title='bbox 404 2059 569 2104; x_wconf 88' lang='lat' dir='ltr'>quoque</span> <span class='ocrx_word' id='word_1_161' title='bbox 602 2045 820 2089; x_wconf 85' lang='lat' dir='ltr'>collatione</span> <span class='ocrx_word' id='word_1_162' title='bbox 863 2043 971 2087; x_wconf 91' lang='lat' dir='ltr'>tituli</span> <span class='ocrx_word' id='word_1_163' title='bbox 1022 2043 1268 2086; x_wconf 90' lang='lat' dir='ltr'>missionarii</span> <span class='ocrx_word' id='word_1_164' title='bbox 1303 2041 1353 2084; x_wconf 91' lang='lat' dir='ltr'>ad</span> <span class='ocrx_word' id='word_1_165' title='bbox 1398 2040 1598 2083; x_wconf 91' lang='lat' dir='ltr'>bonorem</span> <span class='ocrx_word' id='word_1_166' title='bbox 1640 2044 1808 2096; x_wconf 89' lang='lat' dir='ltr'>propter</span> 
     </span>
     <span class='ocr_line' id='line_1_21' title="bbox 174 2111 1808 2174; baseline -0.006 -13"><span class='ocrx_word' id='word_1_167' title='bbox 174 2117 465 2174; x_wconf 84' lang='lat' dir='ltr'>indulgentias,</span> <span class='ocrx_word' id='word_1_168' title='bbox 490 2129 595 2174; x_wconf 84' lang='lat' dir='ltr'>quae</span> <span class='ocrx_word' id='word_1_169' title='bbox 618 2129 728 2159; x_wconf 91' lang='lat' dir='ltr'>nunc</span> <span class='ocrx_word' id='word_1_170' title='bbox 760 2115 906 2159; x_wconf 88' lang='lat' dir='ltr'>eadem</span> <span class='ocrx_word' id='word_1_171' title='bbox 942 2116 1099 2157; x_wconf 87' lang='lat' dir='ltr'>ratione</span> <span class='ocrx_word' id='word_1_172' title='bbox 1132 2112 1181 2156; x_wconf 88' lang='lat' dir='ltr'>ad</span> <span class='ocrx_word' id='word_1_173' title='bbox 1217 2112 1255 2155; x_wconf 90' lang='lat' dir='ltr'>S.</span> <span class='ocrx_word' id='word_1_174' title='bbox 1282 2111 1642 2155; x_wconf 87' lang='lat' dir='ltr'>Poenitentiariam</span> <span class='ocrx_word' id='word_1_175' title='bbox 1679 2115 1808 2153; x_wconf 88' lang='lat' dir='ltr'>trans-</span> 
     </span>
     <span class='ocr_line' id='line_1_22' title="bbox 174 2181 1805 2244; baseline -0.005 -12"><span class='ocrx_word' id='word_1_176' title='bbox 174 2192 233 2232; x_wconf 91' lang='lat' dir='ltr'>ire</span> <span class='ocrx_word' id='word_1_177' title='bbox 265 2188 427 2241; x_wconf 65' lang='lat' dir='ltr'>debuit,</span> <span class='ocrx_word' id='word_1_178' title='bbox 462 2188 499 2232; x_wconf 92' lang='lat' dir='ltr'>S.</span> <span class='ocrx_word' id='word_1_179' title='bbox 526 2187 676 2244; x_wconf 80' lang='lat' dir='ltr'>Congr.</span> <span class='ocrx_word' id='word_1_180' title='bbox 712 2187 763 2229; x_wconf 92' lang='lat' dir='ltr'>de</span> <span class='ocrx_word' id='word_1_181' title='bbox 800 2189 918 2242; x_wconf 86' lang='lat' dir='ltr'>Prop.</span> <span class='ocrx_word' id='word_1_182' title='bbox 944 2184 1043 2228; x_wconf 88' lang='lat' dir='ltr'>Fide</span> <span class='ocrx_word' id='word_1_183' title='bbox 1078 2185 1227 2227; x_wconf 91' lang='lat' dir='ltr'>mansit</span> <span class='ocrx_word' id='word_1_184' title='bbox 1253 2183 1378 2226; x_wconf 89' lang='lat' dir='ltr'>veluti</span> <span class='ocrx_word' id='word_1_185' title='bbox 1414 2181 1609 2225; x_wconf 91' lang='lat' dir='ltr'>omnibus</span> <span class='ocrx_word' id='word_1_186' title='bbox 1632 2181 1805 2237; x_wconf 88' lang='lat' dir='ltr'>spoliata</span> 
     </span>
     <span class='ocr_line' id='line_1_23' title="bbox 174 2252 1807 2316; baseline -0.005 -13"><span class='ocrx_word' id='word_1_187' title='bbox 174 2258 454 2313; x_wconf 84' lang='lat' dir='ltr'>facultatibuS,</span> <span class='ocrx_word' id='word_1_188' title='bbox 497 2262 750 2316; x_wconf 88' lang='lat' dir='ltr'>quapropter</span> <span class='ocrx_word' id='word_1_189' title='bbox 800 2257 892 2300; x_wconf 88' lang='lat' dir='ltr'>Pius</span> <span class='ocrx_word' id='word_1_190' title='bbox 935 2255 970 2299; x_wconf 89' lang='lat' dir='ltr'>X</span> <span class='ocrx_word' id='word_1_191' title='bbox 1010 2255 1117 2298; x_wconf 85' lang='lat' dir='ltr'>dixit</span> <span class='ocrx_word' id='word_1_192' title='bbox 1149 2255 1188 2298; x_wconf 90' lang='lat' dir='ltr'>S.</span> <span class='ocrx_word' id='word_1_193' title='bbox 1221 2252 1456 2310; x_wconf 54' lang='lat' dir='ltr'>Ct‘Jngrng&#39;n</span> <span class='ocrx_word' id='word_1_194' title='bbox 1492 2255 1610 2296; x_wconf 88' lang='lat' dir='ltr'>istam</span> <span class='ocrx_word' id='word_1_195' title='bbox 1654 2252 1807 2295; x_wconf 87' lang='lat' dir='ltr'>debere</span> 
     </span>
     <span class='ocr_line' id='line_1_24' title="bbox 174 2323 1806 2386; baseline -0.006 -12"><span class='ocrx_word' id='word_1_196' title='bbox 174 2333 281 2375; x_wconf 90' lang='lat' dir='ltr'>sicut</span> <span class='ocrx_word' id='word_1_197' title='bbox 313 2332 426 2386; x_wconf 90' lang='lat' dir='ltr'>prius</span> <span class='ocrx_word' id='word_1_198' title='bbox 460 2329 674 2372; x_wconf 78' lang='lat' dir='ltr'>facultates</span> <span class='ocrx_word' id='word_1_199' title='bbox 707 2327 904 2383; x_wconf 86' lang='lat' dir='ltr'>tribuere,</span> <span class='ocrx_word' id='word_1_200' title='bbox 928 2333 1052 2384; x_wconf 85' lang='lat' dir='ltr'>atque</span> <span class='ocrx_word' id='word_1_201' title='bbox 1075 2325 1259 2369; x_wconf 89' lang='lat' dir='ltr'>collectis</span> <span class='ocrx_word' id='word_1_202' title='bbox 1293 2323 1483 2367; x_wconf 88' lang='lat' dir='ltr'>formulis</span> <span class='ocrx_word' id='word_1_203' title='bbox 1507 2325 1546 2365; x_wconf 91' lang='lat' dir='ltr'>in</span> <span class='ocrx_word' id='word_1_204' title='bbox 1571 2325 1806 2380; x_wconf 85' lang='lat' dir='ltr'>quinterno‚</span> 
     </span>
     <span class='ocr_line' id='line_1_25' title="bbox 174 2393 1807 2458; baseline -0.006 -12"><span class='ocrx_word' id='word_1_205' title='bbox 174 2403 400 2458; x_wconf 86' lang='lat' dir='ltr'>expetitum</span> <span class='ocrx_word' id='word_1_206' title='bbox 437 2401 511 2443; x_wconf 88' lang='lat' dir='ltr'>fuit</span> <span class='ocrx_word' id='word_1_207' title='bbox 543 2400 701 2444; x_wconf 91' lang='lat' dir='ltr'>Summi</span> <span class='ocrx_word' id='word_1_208' title='bbox 750 2403 880 2442; x_wconf 75' lang='lat' dir='ltr'>Pont.s</span> <span class='ocrx_word' id='word_1_209' title='bbox 914 2397 1220 2454; x_wconf 87' lang='lat' dir='ltr'>beneplacitum</span> <span class='ocrx_word' id='word_1_210' title='bbox 1259 2395 1310 2439; x_wconf 94' lang='lat' dir='ltr'>ad</span> <span class='ocrx_word' id='word_1_211' title='bbox 1353 2394 1644 2439; x_wconf 89' lang='lat' dir='ltr'>concedendas</span> <span class='ocrx_word' id='word_1_212' title='bbox 1681 2393 1807 2437; x_wconf 90' lang='lat' dir='ltr'>facul-</span> 
     </span>
     <span class='ocr_line' id='line_1_26' title="bbox 173 2464 1804 2528; baseline -0.006 -12"><span class='ocrx_word' id='word_1_213' title='bbox 173 2477 277 2516; x_wconf 89' lang='lat' dir='ltr'>tates</span> <span class='ocrx_word' id='word_1_214' title='bbox 310 2484 382 2528; x_wconf 90' lang='lat' dir='ltr'>pro</span> <span class='ocrx_word' id='word_1_215' title='bbox 412 2471 499 2513; x_wconf 88' lang='lat' dir='ltr'>soro</span> <span class='ocrx_word' id='word_1_216' title='bbox 533 2483 699 2527; x_wconf 86' lang='lat' dir='ltr'>quoque</span> <span class='ocrx_word' id='word_1_217' title='bbox 737 2472 896 2512; x_wconf 88' lang='lat' dir='ltr'>interno</span> <span class='ocrx_word' id='word_1_218' title='bbox 929 2469 971 2512; x_wconf 91' lang='lat' dir='ltr'>S.</span> <span class='ocrx_word' id='word_1_219' title='bbox 1008 2468 1361 2517; x_wconf 84' lang='lat' dir='ltr'>l&#39;oenitentiariae,</span> <span class='ocrx_word' id='word_1_220' title='bbox 1395 2470 1520 2522; x_wconf 87' lang='lat' dir='ltr'>atque</span> <span class='ocrx_word' id='word_1_221' title='bbox 1555 2464 1605 2508; x_wconf 92' lang='lat' dir='ltr'>ad</span> <span class='ocrx_word' id='word_1_222' title='bbox 1640 2464 1804 2521; x_wconf 89' lang='lat' dir='ltr'>dispen-</span> 
     </span>
     <span class='ocr_line' id='line_1_27' title="bbox 173 2535 1804 2597; baseline -0.006 -11"><span class='ocrx_word' id='word_1_223' title='bbox 173 2545 351 2587; x_wconf 86' lang='lat' dir='ltr'>sationes</span> <span class='ocrx_word' id='word_1_224' title='bbox 384 2541 644 2597; x_wconf 84' lang='lat' dir='ltr'>elargiendas</span> <span class='ocrx_word' id='word_1_225' title='bbox 686 2554 811 2597; x_wconf 89' lang='lat' dir='ltr'>super</span> <span class='ocrx_word' id='word_1_226' title='bbox 855 2539 1166 2595; x_wconf 87' lang='lat' dir='ltr'>impedimentis</span> <span class='ocrx_word' id='word_1_227' title='bbox 1198 2536 1534 2595; x_wconf 88' lang='lat' dir='ltr'>quibuscumque</span> <span class='ocrx_word' id='word_1_228' title='bbox 1578 2535 1804 2591; x_wconf 85' lang='lat' dir='ltr'>impedien-</span> 
     </span>
     <span class='ocr_line' id='line_1_28' title="bbox 173 2609 1805 2661; baseline -0.006 -4"><span class='ocrx_word' id='word_1_229' title='bbox 173 2614 282 2658; x_wconf 86' lang='lat' dir='ltr'>tibus</span> <span class='ocrx_word' id='word_1_230' title='bbox 314 2625 362 2656; x_wconf 91' lang='lat' dir='ltr'>ac</span> <span class='ocrx_word' id='word_1_231' title='bbox 395 2611 686 2655; x_wconf 87' lang='lat' dir='ltr'>dirimentibus</span> <span class='ocrx_word' id='word_1_232' title='bbox 721 2613 760 2653; x_wconf 89' lang='lat' dir='ltr'>in</span> <span class='ocrx_word' id='word_1_233' title='bbox 804 2610 892 2653; x_wconf 90' lang='lat' dir='ltr'>foro</span> <span class='ocrx_word' id='word_1_234' title='bbox 926 2614 1098 2652; x_wconf 87' lang='lat' dir='ltr'>externo</span> <span class='ocrx_word' id='word_1_235' title='bbox 1141 2620 1190 2651; x_wconf 88' lang='lat' dir='ltr'>ac</span> <span class='ocrx_word' id='word_1_236' title='bbox 1222 2609 1402 2656; x_wconf 86' lang='lat' dir='ltr'>interno,</span> <span class='ocrx_word' id='word_1_237' title='bbox 1435 2610 1613 2661; x_wconf 83' lang='lat' dir='ltr'>excepto</span> <span class='ocrx_word' id='word_1_238' title='bbox 1647 2609 1805 2648; x_wconf 89' lang='lat' dir='ltr'>tantum</span> 
     </span>
     <span class='ocr_line' id='line_1_29' title="bbox 175 2675 1806 2739; baseline -0.007 -11"><span class='ocrx_word' id='word_1_239' title='bbox 175 2683 396 2739; x_wconf 86' lang='lat' dir='ltr'>Privilegio</span> <span class='ocrx_word' id='word_1_240' title='bbox 445 2681 627 2726; x_wconf 90' lang='lat' dir='ltr'>Paulino.</span> <span class='ocrx_word' id='word_1_241' title='bbox 663 2681 803 2738; x_wconf 84' lang='lat' dir='ltr'>ltaque</span> <span class='ocrx_word' id='word_1_242' title='bbox 855 2680 948 2723; x_wconf 81' lang='lat' dir='ltr'>Plus</span> <span class='ocrx_word' id='word_1_243' title='bbox 982 2679 1056 2722; x_wconf 77' lang='lat' dir='ltr'>PP.</span> <span class='ocrx_word' id='word_1_244' title='bbox 1090 2677 1128 2721; x_wconf 87' lang='lat' dir='ltr'>X</span> <span class='ocrx_word' id='word_1_245' title='bbox 1163 2679 1375 2734; x_wconf 89' lang='lat' dir='ltr'>rescripsit</span> <span class='ocrx_word' id='word_1_246' title='bbox 1412 2677 1460 2719; x_wconf 84' lang='lat'>11</span> <span class='ocrx_word' id='word_1_247' title='bbox 1516 2675 1648 2719; x_wconf 86' lang='lat' dir='ltr'>Martii</span> <span class='ocrx_word' id='word_1_248' title='bbox 1695 2675 1806 2717; x_wconf 77' lang='lat'>1912</span> 
     </span>
     <span class='ocr_line' id='line_1_30' title="bbox 177 2745 1811 2810; baseline -0.006 -13"><span class='ocrx_word' id='word_1_249' title='bbox 177 2754 255 2798; x_wconf 73' lang='lat' dir='ltr'>Pro</span> <span class='ocrx_word' id='word_1_250' title='bbox 284 2753 432 2810; x_wconf 73' lang='lat' dir='ltr'>qratia</span> <span class='ocrx_word' id='word_1_251' title='bbox 463 2752 585 2794; x_wconf 61' lang='lat' dir='ltr'>&lt;iuxta</span> <span class='ocrx_word' id='word_1_252' title='bbox 615 2765 774 2809; x_wconf 81' lang='lat' dir='ltr'>preces,</span> <span class='ocrx_word' id='word_1_253' title='bbox 809 2756 851 2794; x_wconf 95' lang='lat' dir='ltr'>ut</span> <span class='ocrx_word' id='word_1_254' title='bbox 884 2763 961 2806; x_wconf 84' lang='lat' dir='ltr'>ego</span> <span class='ocrx_word' id='word_1_255' title='bbox 995 2752 1083 2806; x_wconf 89' lang='lat' dir='ltr'>ipse</span> <span class='ocrx_word' id='word_1_256' title='bbox 1118 2751 1156 2792; x_wconf 92' lang='lat' dir='ltr'>in</span> <span class='ocrx_word' id='word_1_257' title='bbox 1193 2747 1425 2804; x_wconf 84' lang='lat' dir='ltr'>exemplari</span> <span class='ocrx_word' id='word_1_258' title='bbox 1462 2747 1562 2790; x_wconf 90' lang='lat' dir='ltr'>vidi.</span> <span class='ocrx_word' id='word_1_259' title='bbox 1596 2745 1674 2789; x_wconf 89' lang='lat' dir='ltr'>Sed</span> <span class='ocrx_word' id='word_1_260' title='bbox 1711 2745 1811 2789; x_wconf 90' lang='lat' dir='ltr'>ulte·</span> 
     </span>
     <span class='ocr_line' id='line_1_31' title="bbox 174 2817 1808 2879; baseline -0.006 -11"><span class='ocrx_word' id='word_1_261' title='bbox 174 2828 260 2869; x_wconf 89' lang='lat' dir='ltr'>rius</span> <span class='ocrx_word' id='word_1_262' title='bbox 291 2826 329 2868; x_wconf 85' lang='lat' dir='ltr'>S.</span> <span class='ocrx_word' id='word_1_263' title='bbox 362 2822 529 2879; x_wconf 66' lang='lat' dir='ltr'>(longi-‚⁸</span> <span class='ocrx_word' id='word_1_264' title='bbox 561 2823 798 2865; x_wconf 81' lang='lat' dir='ltr'>Praefectus</span> <span class='ocrx_word' id='word_1_265' title='bbox 830 2821 1090 2878; x_wconf 87' lang='lat' dir='ltr'>amplissimo</span> <span class='ocrx_word' id='word_1_266' title='bbox 1123 2819 1279 2876; x_wconf 82' lang='lat' dir='ltr'>gaudet</span> <span class='ocrx_word' id='word_1_267' title='bbox 1312 2817 1532 2875; x_wconf 85' lang='lat' dir='ltr'>privilegio</span> <span class='ocrx_word' id='word_1_268' title='bbox 1565 2817 1615 2860; x_wconf 90' lang='lat' dir='ltr'>ad</span> <span class='ocrx_word' id='word_1_269' title='bbox 1660 2829 1808 2860; x_wconf 90' lang='lat' dir='ltr'>conce-</span> 
     </span>
     <span class='ocr_line' id='line_1_32' title="bbox 175 2888 1807 2950; baseline -0.006 -12"><span class='ocrx_word' id='word_1_270' title='bbox 175 2894 356 2939; x_wconf 90' lang='lat' dir='ltr'>dendum</span> <span class='ocrx_word' id='word_1_271' title='bbox 391 2904 676 2950; x_wconf 87' lang='lat' dir='ltr'>quaecumqae</span> <span class='ocrx_word' id='word_1_272' title='bbox 706 2892 812 2948; x_wconf 85' lang='lat' dir='ltr'>Papa</span> <span class='ocrx_word' id='word_1_273' title='bbox 849 2896 980 2947; x_wconf 90' lang='lat' dir='ltr'>potest</span> <span class='ocrx_word' id='word_1_274' title='bbox 1003 2903 1052 2934; x_wconf 89' lang='lat' dir='ltr'>ac</span> <span class='ocrx_word' id='word_1_275' title='bbox 1084 2889 1189 2933; x_wconf 90' lang='lat' dir='ltr'>solet</span> <span class='ocrx_word' id='word_1_276' title='bbox 1221 2888 1467 2943; x_wconf 86' lang='lat' dir='ltr'>concedere,</span> <span class='ocrx_word' id='word_1_277' title='bbox 1489 2889 1524 2931; x_wconf 88' lang='lat' dir='ltr'>si</span> <span class='ocrx_word' id='word_1_278' title='bbox 1559 2888 1807 2943; x_wconf 88' lang='lat' dir='ltr'>paucissima</span> 
     </span>
    </p>
   </div>
   <div class='ocr_carea' id='block_1_3' title="bbox 1844 0 1971 3261">
    <p class='ocr_par' dir='ltr' id='par_1_4' title="bbox 1844 0 1971 3261">
     <span class='ocr_line' id='line_1_33' title="bbox 1844 0 1971 3261; baseline 0 0"><span class='ocrx_word' id='word_1_279' title='bbox 1844 0 1971 3261; x_wconf 95' lang='lat' dir='ltr'> </span> 
     </span>
    </p>
   </div>
  </div>
 </body>
</html>
