1971 3261
212 127 285 162 624
616 127 702 161 Lm.
731 127 803 161 ΙΙΙ.

1628 129 1722 164 Can.
1750 128 1843 163 1093

833 147 845 153 -
870 127 982 162 PARS
1008 127 1038 162 1.
1069 147 1081 153 -
1107 128 1164 163 De
1189 127 1453 164 sacramentis

336 246 433 290 493.
461 248 804 303 Praesumptio
828 248 948 293 iuris
965 249 1028 293 de
1046 261 1318 293 consensus
1341 249 1717 294 matrimonialis
1739 261 1843 304 per·

213 319 491 363 duratione.
525 342 577 346 —
616 314 802 359 Vidimus
836 319 873 359 in
909 329 999 360 cau.
1035 317 1164 370 1081,
1195 317 1223 375 ἓ
1259 318 1275 359 1
1314 318 1423 375 quod
1463 333 1484 358 α
1507 330 1733 361 cousensus
1757 331 1840 360 ma-

215 386 462 431 trimonialis
496 386 606 429 nulla
641 386 820 430 humana
856 391 1055 441 potestate
1087 387 1269 444 suppleri
1298 388 1407 431 valet
1430 403 1469 437 )>‚
1493 388 1563 431 sed
1589 388 1656 432 hic
1684 403 1704 429 «
1727 392 1843 431 actus

218 457 442 500 voluntatis
477 459 691 514 utriusque
727 459 854 513 partis
876 472 916 510 n,
951 469 1031 514 qua
1066 457 1159 501 talis
1193 460 1410 513 transiens,
1445 463 1577 514 potest
1601 470 1845 514 permanere

219 527 452 571 virtualiter
486 529 524 570 in
569 527 749 585 quodam
796 528 981 571 eiusdem
1017 528 1180 583 effectu,
1219 528 1281 571 vel
1328 528 1594 572 liabitualiter
1635 528 1765 572 solum
1805 531 1844 571 in

212 601 342 642 animi
377 599 659 654 dispositione.
685 597 758 641 His
790 601 1028 655 suppositis,
1053 601 1110 642 ait
1132 613 1222 642 ean.
1249 601 1380 642 1093.
1406 598 1502 642 Elsi
1529 599 1846 642 matrimonium

217 668 404 712 invalide
437 669 514 712 boc
547 673 630 712 est:
666 669 936 712 inefficaciter
977 669 1146 712 ratione
1188 668 1320 712 solius
1359 669 1648 727 impedimenti
1682 671 1846 726 proprie

217 740 316 783 dicti
350 739 399 783 ad
434 751 623 782 normam
659 738 805 795 Capi.is
838 737 889 781 lV
923 739 1076 782 initiam
1108 739 1256 797 fuerit,
1279 753 1503 783 consensus
1532 739 1849 783 matrimonialis

216 813 285 868 qui
331 812 680 867 praesupponitur
719 810 969 868 praestitus,
1000 810 1294 868 praesumitur
1331 813 1712 867 «praesumptione
1746 812 1848 854 iuris

158 921 160 924 .
212 882 503 937 simpliciter»
542 880 650 937 (can.
687 880 818 934 1825)
858 894 1134 938 perseverare
1179 881 1326 924 saltem
1376 881 1600 924 habitualis
1646 886 1844 938 quantum

215 965 384 996 necesse
417 953 539 995 fuerit
571 951 621 995 ad
656 950 924 995 obtinendam
958 951 1178 995 iuridicam
1214 952 1493 1007 efficientiam,
1514 951 1643 995 donee
1675 951 1725 994 de
1756 951 1846 994 eius

216 1022 494 1076 revocatione,
526 1023 733 1065 contraria
768 1034 917 1078 nempe
944 1021 1167 1071 voluntate,
1193 1021 1430 1065 eonstiterit
1454 1021 1506 1066 ob
1529 1027 1664 1066 certas
1700 1021 1845 1078 proba·

217 1096 360 1136 tiones.
395 1090 511 1145 Quae
547 1094 827 1148 praesumptio
861 1094 1121 1135 connectitur
1146 1092 1276 1149 logice
1300 1106 1394 1136 cum
1435 1108 1455 1133 α
1474 1093 1617 1136 favore
1643 1094 1743 1136 iuris
1765 1106 1847 1150 quo

216 1166 527 1208 matrimonium
563 1163 760 1220 gaudet»
800 1163 908 1220 (can.
948 1162 1091 1221 1014).

917 1314 1062 1350 CAPUT
1091 1314 1146 1350 Vl.

642 1400 696 1434 De
723 1399 847 1433 forma
872 1398 1146 1433 celebrationis
1172 1398 1425 1436 matrimonii.

265 1505 350 1541 CAN.
386 1503 484 1539 1094.
509 1524 525 1531 -
547 1503 592 1539 Ε3
611 1509 750 1539 tantum
771 1504 995 1540 matrimonia
1075 1503 1174 1547 1095,
1191 1509 1210 1547 ἓ
1230 1504 1262 1548 2,
1280 1504 1354 1539 dari
1374 1515 1534 1550 expresse
1559 1503 1660 1540 debet
1678 1504 1844 1540 sacerdoti

1959 516 1968 539 *vn
1959 339 1971 508 ..sm-urae.»
1959 252 1971 333 sca-u.
1964 235 1971 246 L
1964 219 1971 228 v.
1946 122 1971 213 tna-ul,
1960 101 1971 113 ιι

218 1553 333 1589 valida
359 1557 441 1587 sunt
468 1562 558 1597 quae
585 1551 841 1586 contrahuntur
879 1562 994 1587 coram

218 1600 381 1646 parocho,
411 1599 463 1634 vel
491 1599 553 1634 loci
583 1597 784 1642 ordinario,
806 1598 858 1634 vel
885 1609 995 1634 sacer-

216 1649 296 1684 dote
309 1647 353 1682 ab
368 1647 533 1682 alterutro
551 1645 708 1691 delegato
725 1651 758 1681 et
777 1646 912 1681 duobus
930 1646 996 1681 sal-

218 1700 287 1730 tem
314 1694 473 1730 testibus
495 1693 688 1728 secundum
714 1697 832 1728 tamen
860 1693 997 1738 regulas

216 1752 397 1793 expressas
424 1741 459 1775 in
487 1740 682 1775 canonibus
708 1740 766 1785 qui
787 1744 994 1785 sequuntur,

218 1795 249 1825 et
289 1788 394 1824 salvis
431 1787 695 1832 exceptionibus
728 1787 769 1822 de
807 1787 933 1832 quibus
961 1787 995 1821 in

217 1847 297 1872 can
332 1833 433 1872 1098
469 1833 566 1869 1099

266 1882 350 1918 CAN.
384 1880 484 1917 1095.
514 1902 534 1908 -
560 1885 579 1928 ξ
609 1881 638 1916 1.
674 1881 846 1916 Parochus
872 1885 904 1916 et
933 1881 996 1916 loci

217 1929 431 1966 Ordinarius
446 1900 578 1964 valide(S
575 1928 797 1963 matrimonio
811 1928 994 1963 assistunt:

318 1978 347 2012 1.
353 1978 367 2000 ⁰
393 1977 419 2011 Α
447 1977 502 2012 (116
520 1976 765 2011 tantummodo
783 1975 870 2021 adep
874 1980 928 2010 tae
946 1986 998 2010 ca-

221 2024 366 2060 nonicae
394 2024 620 2069 possessionis
658 2022 816 2058 beneficii
848 2023 890 2057 ad
920 2033 997 2058 uor-

220 2083 313 2107 mam
340 2082 418 2106 can.
449 2069 528 2110 334
547 2070 615 2113 §3,
635 2068 736 2111 1444,
755 2070 827 2112 §l
847 2070 898 2105 vel
919 2070 995 2104 initi

217 2119 329 2159 officii,
360 2118 425 2152 nisi
455 2129 513 2170 per
539 2117 750 2153 sententiam
787 2117 916 2153 suerint
941 2128 996 2152 ex-

217 2166 466 2201 communicati
496 2165 547 2199 vel
566 2164 740 2199 interdicti
765 2165 817 2199 vel
836 2164 994 2210 suspensi

219 2213 262 2249 ab
290 2213 399 2248 officio
424 2217 484 2247 aut
510 2212 595 2247 tales
621 2212 804 2252 declarati3

315 2259 363 2294 ³25>
383 2259 474 2294 lutra
502 2259 588 2294 fines
614 2259 795 2294 dumtaxat
821 2258 872 2293 sui
897 2259 997 2294 terri-

220 2307 318 2347 torii;
346 2308 380 2340 in
409 2317 476 2351 quo
493 2306 755 2342 matrimonium
774 2305 903 2340 nedum
923 2317 998 2341 suo-

219 2366 297 2389 rum
324 2354 552 2394 subditorum,
572 2353 630 2387 sed
656 2353 761 2388 etiam
788 2364 859 2388 non
879 2353 996 2388 subdi-

219 2406 334 2437 torum
362 2401 474 2436 valide
504 2401 693 2440 assistunt;

315 2448 363 2482 3.0
383 2447 576 2482 Dummodo
595 2458 708 2492 neque
723 2447 753 2481 vi
775 2457 887 2492 neque
902 2451 995 2482 metu

219 2495 313 2541 gravi
341 2494 517 2530 constricti
546 2495 727 2540 requirant
752 2494 996 2540 excipiantque

218 2542 502 2578 contrahentium
529 2551 757 2577 consensum.

268 2593 286 2631 ξ
313 2588 345 2623 2
378 2588 550 2623 Parocbus
576 2593 608 2624 et
628 2588 690 2624 loci
708 2586 919 2623 Ordinarius
937 2587 995 2633 qui

220 2636 444 2671 matrimonio
488 2640 631 2681 possunt
675 2635 785 2671 valide
825 2636 997 2676 assistere,

221 2688 366 2729 possunt
392 2693 528 2728 quoque
546 2682 605 2717 alii
626 2682 793 2718 sacerdoti
818 2682 997 2718 licentiam

220 2731 302 2766 dare
328 2735 365 2765 ut
391 2729 483 2764 infra
511 2729 597 2764 fines
623 2729 674 2764 sui
703 2730 864 2765 territorii
884 2729 997 2764 matri-

222 2777 339 2812 monio
367 2776 480 2812 valide
509 2776 665 2811 assistat.

268 2823 353 2859 CAN.
375 2822 475 2858 1096.
507 2844 523 2848 -
553 2827 571 2865 ξ
591 2823 617 2857 1.
638 2822 792 2858 Licentia
809 2823 996 2859 assistendi

222 2871 446 2906 matrimonio
471 2881 634 2906 concessa
658 2870 701 2905 ad
729 2881 890 2906 normam
917 2881 994 2905 can.

1069 1552 1299 1587 determinato
1325 1551 1367 1586 ad
1396 1551 1659 1587 matrimonium
1687 1552 1847 1587 determi-

1070 1604 1205 1641 natum,
1233 1598 1383 1634 exclusis
1420 1598 1634 1644 quibuslibet
1664 1599 1847 1644 delegatio-

1070 1646 1174 1681 nibus
1200 1646 1435 1690 generalibus,
1457 1646 1523 1680 nisi
1552 1651 1676 1690 agatur
1701 1646 1743 1682 de
1761 1646 1848 1682 vica·

1070 1694 1130 1728 riis
1168 1693 1450 1739 cooperatoribus
1492 1704 1553 1739 pro
1597 1693 1754 1739 paroecia
1791 1693 1845 1728 cui

1069 1740 1196 1776 addicti
1225 1745 1325 1781 sunt;
1353 1751 1451 1776 secus
1479 1740 1576 1775 irrita
1602 1745 1664 1776 est.

1118 1791 1136 1829 ξ
1163 1788 1196 1822 2.
1223 1787 1398 1822 Parochus
1417 1787 1468 1822 vel
1497 1787 1558 1822 loci
1579 1785 1789 1823 Ordinarius
1809 1787 1848 1822 li·

1071 1834 1221 1870 centiam
1250 1845 1292 1870 ne
1318 1834 1494 1875 concedat,
1515 1834 1583 1869 nisi
1611 1835 1756 1881 expletis
1780 1845 1850 1870 om·

1070 1882 1176 1917 nibus
1203 1892 1292 1927 quae
1318 1882 1371 1917 ius
1397 1882 1577 1917 constituit
1605 1893 1664 1928 pro
1691 1881 1848 1918 libertate

1070 1933 1181 1964 status
1207 1929 1480 1973 comprobanda.

1118 1974 1203 2011 CAN.
1237 1975 1337 2011 1097.
1375 1997 1390 2001 -
1420 1980 1438 2018 ξ
1468 1976 1498 2010 l.
1530 1975 1702 2011 Parochus
1731 1980 1846 2011 autem

1071 2023 1123 2059 vel
1150 2023 1213 2058 loci
1247 2021 1457 2059 Ordinarius
1496 2023 1721 2068 matrimonio
1757 2022 1849 2058 licite

1069 2071 1261 2106 assistuntt

1168 2118 1218 2152 1.Ο
1245 2116 1402 2153 Constito
1421 2117 1486 2152 sibi
1507 2117 1661 2162 legitime
1682 2117 1724 2152 de
1742 2116 1850 2152 libero

1069 2169 1161 2200 statu
1199 2164 1483 2200 contrahentium
1521 2165 1564 2199 ad
1604 2175 1765 2199 normam
1795 2165 1847 2199 iu-

1069 2223 1138 2254 ris3

1164 2258 1217 2293 20
1242 2257 1399 2294 Constito
1434 2258 1577 2304 insuper
1606 2258 1648 2293 de
1673 2257 1849 2293 domicilio

1068 2305 1121 2341 vel
1148 2305 1437 2351 quasivdomicilio
1474 2305 1526 2341 vel
1553 2309 1732 2340 menstrua
1756 2315 1848 2340 com-

1070 2353 1262 2388 moratione
1281 2357 1354 2397 aut,
1371 2353 1397 2387 si
1413 2353 1454 2388 de
1469 2363 1555 2398 vago
1568 2357 1704 2397 agatur,
1721 2352 1847 2388 actuali

1069 2399 1341 2436 commoratione
1378 2400 1580 2435 alterutrius
1609 2399 1848 2435 contrahentis

1071 2448 1107 2482 in
1135 2449 1207 2483 loco
1233 2447 1468 2488 matrimonii;

1163 2494 1216 2528 3.0
1234 2493 1374 2535 Habita,
1394 2494 1420 2528 si
1450 2493 1668 2529 conditiones
1686 2492 1850 2528 deficiant

1069 2541 1111 2576 de
1149 2541 1276 2587 quibus
1309 2552 1344 2575 n.
1379 2541 1579 2582 2‚1icentia
1620 2540 1757 2586 parochi
1796 2539 1848 2575 vel

1071 2586 1249 2624 Ordinarii
1290 2588 1457 2623 domicilii
1485 2587 1537 2623 vel
1563 2587 1847 2633 quasi-domicilii

1069 2639 1129 2670 aut
1168 2640 1367 2671 menstruae
1406 2634 1690 2670 commorationis
1722 2634 1849 2670 alteru-

1070 2682 1158 2717 trius
1184 2682 1432 2723 contrahentis,
1450 2682 1516 2716 nisi
1535 2681 1586 2717 vel
1604 2681 1646 2717 de
1661 2681 1757 2726 vagis
1770 2685 1847 2716 actu

1070 2729 1321 2764 itinerantibus
1347 2739 1401 2764 res
1427 2731 1483 2773 sit,
1512 2729 1571 2774 qui
1603 2728 1727 2763 nullibi
1758 2739 1849 2764 com-

1072 2776 1276 2811 morationis
1316 2776 1432 2811 sedem
1472 2777 1614 2815 habent.
1644 2775 1697 2811 vel
1735 2774 1849 2819 gravis
1916 2767 1964 2796 ‘⁴

1070 2823 1259 2858 necessitas
1277 2822 1469 2858 intercedat
1488 2834 1576 2868 quae
1594 2834 1613 2857 a
1633 2822 1774 2858 licentia
1793 2833 1848 2868 pe-

1071 2870 1175 2906 tenda
1207 2874 1357 2906 excuset.

1960 73 1971 84 -,
1931 0 1971 59 ,Μ
