1971 3261
176 131 180 136 ·
212 119 281 152 406
617 117 700 151 Lm.
726 116 797 151 111.
826 137 836 142 -
864 117 974 151 PARS
1002 117 1030 152 Ι.
1057 138 1068 142 -
1096 118 1153 152 De
1178 99 1442 152 Sam-amentis
1649 119 1739 154 Can.
1766 119 1837 154 980

214 250 352 280 mense
375 234 546 281 Octobri
574 235 684 279 1589
710 238 960 292 interrogata
996 238 1091 281 fuit:
1121 252 1144 278 ((
1165 236 1204 280 Si
1239 239 1330 294 quis
1364 241 1522 280 tantum
1547 237 1708 292 babeat,
1726 240 1834 295 quod

212 321 261 350 ex
298 307 497 350 industria
534 306 596 349 vel
640 306 811 349 honesto
858 305 997 350 labore
1039 306 1239 361 lucratur,
1275 312 1370 364 puta
1414 308 1522 364 quod
1557 310 1608 351 sit
1641 311 1836 364 musicus,

214 380 407 433 Magister
449 378 760 433 grammaticae,
796 376 944 427 Pictor,
979 377 1176 433 Scriptor,
1211 382 1282 420 aut
1313 377 1482 421 alterius
1516 377 1650 422 licitae
1683 380 1837 434 profes-

210 451 350 502 sionis,
385 448 508 505 idque
542 450 592 491 sit
625 448 836 491 sufficiens
871 448 1294 498 adsustentationem
1335 451 1464 502 vitae3
1505 451 1707 505 poteritne
1746 462 1836 506 pro-

214 519 403 561 moveri?
438 517 656 562 Decretum
692 519 788 562 fuit:
812 519 900 562 Non
937 532 1054 575 posse
1077 534 1116 561 ›>.
1144 518 1244 561 ltem
1272 535 1295 560 ε(
1317 520 1356 562 S.
1375 518 1415 563 C.
1436 518 1559 563 Conc.
1580 519 1592 541 ¹
1629 520 1839 576 respondit

212 589 386 645 gradum
424 589 667 632 Doctoratus
700 594 782 632 tam
819 592 857 632 in
892 589 1115 645 Tbeologia
1150 601 1272 646 quam
1309 591 1346 632 in
1382 589 1474 633 lure
1517 592 1716 633 canonico
1759 603 1837 633 non

212 672 300 702 esse
334 659 512 709 titulum,
543 659 592 702 ad
629 671 751 715 quem
787 659 936 717 aliquis
967 659 1017 702 ad
1051 671 1191 702 sacros
1224 656 1403 703 Ordines
1436 661 1673 715 promoveri
1702 664 1836 716 queat,

210 730 280 773 sed
309 733 461 788 requiri
496 732 676 783 omnino,
705 730 765 772 vel
792 730 1059 785 Beneficium,
1088 729 1149 772 vel
1178 730 1472 773 Patrimonium
1508 730 1555 773 ad
1594 733 1719 773 vitam
1745 744 1836 786 pro-

213 802 407 845 movendi
442 801 612 844 honeste
645 801 956 844 sustentandam
991 800 1200 844 sufficiens
1222 816 1262 844 i).

329 895 424 931 luxta
450 906 525 940 cap.
556 893 576 928 4
607 908 621 926 «
641 894 684 929 de
712 894 919 940 praebendis
944 899 977 929 et
1003 894 1269 939 dignitatibus»
1304 894 1372 938 llll,
1402 894 1433 939 5)
1465 894 1500 929 in
1531 894 1696 930 Decret.⁵:
1728 909 1742 927 α
1763 895 1841 941 Ερί-

211 967 347 1002 scopus,
377 955 403 988 si
432 954 587 999 aliquem
615 953 690 989 sine
716 959 809 989 certo
835 953 948 995 titulo,
978 954 1020 988 de
1048 964 1116 999 quo
1141 953 1338 988 necessaria
1364 954 1454 989 vitae
1481 953 1647 1000 percipiat
1673 954 1709 988 in
1735 954 1841 990 sacris

211 1013 443 1049 ordinaverit:
470 1012 606 1048 tamdiu
633 1012 661 1049 ei
692 1012 889 1048 necessaria
915 1012 1170 1053 subministret,
1196 1012 1305 1047 donec
1334 1012 1368 1046 in
1395 1012 1514 1058 aliqua
1530 1012 1678 1048 Ecclesia
1704 1013 1733 1048 ei
1761 1025 1842 1049 con-

211 1073 388 1109 venientia
414 1072 587 1118 stipendia
617 1071 761 1107 militiae
799 1071 970 1107 clericalis
999 1071 1175 1116 assignet:
1207 1070 1276 1106 Nisi
1305 1071 1384 1106 talis
1409 1072 1592 1107 ordinatus
1617 1072 1659 1107 de
1685 1072 1841 1109 sua.·vel

212 1137 355 1179 paterna
384 1131 596 1166 haereditate
622 1130 819 1165 subsidium
848 1131 938 1165 vitae
965 1130 1071 1175 possit
1097 1129 1225 1165 habere
1244 1144 1276 1164 ».
1298 1128 1481 1165 Clausula:
1508 1128 1589 1165 Nisi
1616 1130 1729 1165 taliter
1753 1130 1841 1165 ordi—

210 1198 309 1227 natus
335 1190 373 1225 de
398 1201 472 1234 sua,
493 1194 558 1225 etc.
580 1189 642 1224 suit
662 1189 839 1224 concessio
856 1199 896 1224 ex
915 1199 985 1234 qua
1011 1193 1178 1234 sequutus
1203 1193 1254 1224 est
1280 1188 1402 1224 titulus
1430 1189 1628 1234 patrimonii
1657 1189 1839 1224 nunciam

209 1250 353 1286 admissi
382 1250 471 1284 sicut
496 1249 627 1284 dictum
655 1253 717 1283 est.

329 1309 375 1345 De
403 1310 467 1344 hac
493 1308 628 1354 poenali
658 1307 874 1352 obligatione
901 1307 1055 1353 loquitur
1081 1308 1157 1342 lnn.
1186 1307 1224 1342 ΙΙΙ
1253 1308 1288 1342 in
1316 1319 1345 1343 c.
1379 1307 1418 1342 16
1444 1309 1599 1344 eiusdem
1626 1308 1677 1342 tit.
1696 1308 1838 1343 dicens:

215 1383 229 1402 «
251 1368 338 1405 Cum
365 1368 559 1404 secundum
587 1366 803 1413 Apostolum,
831 1366 889 1412 qui
922 1367 1022 1402 altari
1065 1367 1183 1408 servit,
1211 1367 1324 1403 vivere
1360 1367 1482 1403 debeat
1508 1367 1549 1402 de
1574 1367 1694 1403 altari:
1721 1372 1754 1403 et
1779 1367 1838 1413 qui

209 1428 250 1463 ad
279 1439 368 1463 onus
393 1427 542 1471 eligitur,
571 1426 688 1472 repelli
718 1437 788 1460 non
816 1426 939 1461 debeat
964 1437 984 1460 a
1011 1426 1188 1461 mercede.
1221 1426 1410 1471 ...dignum
1445 1431 1496 1461 est
1522 1431 1559 1461 ut
1585 1425 1754 1461 Ecclesiae
1780 1425 1840 1460 sti-

211 1487 348 1533 pendiis
375 1490 625 1526 sustententur,
655 1485 689 1519 in
718 1496 786 1530 qua
812 1490 844 1520 et
872 1495 931 1530 per
957 1496 1062 1530 quam
1091 1485 1221 1520 divinis
1247 1485 1423 1530 obsequiis
1459 1485 1720 1520 adscribuntur.
1748 1484 1840 1520 Licet

209 1550 326 1582 autem
355 1545 632 1591 praedecessores
673 1544 795 1579 nostri.
823 1543 1063 1579 ordinationes
1101 1554 1232 1585 eorum,
1259 1544 1316 1589 qui
1345 1544 1420 1579 sine
1445 1548 1537 1579 certo
1574 1543 1674 1579 titulo
1705 1554 1839 1589 promo-

211 1609 347 1648 ventur,
377 1604 411 1638 in
441 1603 607 1638 iniuriam
635 1603 878 1638 ordinantium
906 1603 1024 1637 irritas
1047 1614 1121 1638 esse
1139 1603 1309 1639 voluerint
1327 1608 1359 1638 et
1379 1613 1519 1638 inanes:
1546 1601 1613 1637 Nos
1638 1607 1755 1638 tamen
1782 1602 1839 1638 bc—

210 1664 353 1709 nignius
379 1673 480 1707 agere
505 1662 698 1708 cupientes,
718 1661 852 1696 tamdiu
880 1672 939 1707 per
965 1661 1190 1702 ordinatores,
1211 1661 1263 1697 vel
1281 1672 1495 1697 successores
1521 1672 1639 1696 eorum
1669 1661 1837 1707 provideri

209 1723 369 1758 volumus
395 1721 577 1762 ordinatis,
595 1721 706 1756 donec
726 1731 785 1766 per
804 1731 861 1755 eos
879 1720 1116 1756 ecclesiastica
1136 1720 1305 1756 beneficia
1325 1726 1584 1766 consequantur
1603 1735 1635 1754 ».
1657 1720 1714 1755 Vel
1731 1720 1838 1755 etiam

208 1781 378 1817 sufficeret
404 1781 494 1827 qnod
523 1779 678 1824 legitimo
705 1779 807 1814 titulo
836 1779 1091 1825 provideantur.
1121 1778 1591 1815 Secundumflnnocentium
1614 1790 1694 1824 ergo
1720 1779 1838 1814 buius-

210 1841 302 1875 modi
330 1851 418 1875 onus
445 1844 567 1884 gravat
593 1838 797 1884 Episcopale
823 1838 976 1873 officium
1002 1838 1200 1873 ordinantis
1226 1838 1378 1884 aliquem
1407 1839 1483 1873 sine
1507 1838 1619 1874 titulo.

325 1899 438 1944 Caput
464 1908 544 1933 vero
571 1896 614 1931 37
644 1896 748 1932 huius
774 1897 827 1931 tit.
855 1897 891 1931 in
918 1894 956 1931 60
982 1901 1051 1932 tres
1084 1896 1295 1943 hypotheses
1332 1896 1529 1932 considerat
1560 1896 1610 1932 sic
1642 1895 1839 1932 ordinantis

208 1959 281 1993 vice
306 1958 449 1994 alterius
476 1956 648 2003 Episcopi,
677 1956 721 1991 ad
748 1956 1058 1991 determinandum
1097 1956 1260 2001 quisnam
1288 1955 1477 2002 Episcopus
1515 1960 1655 1991 maneat
1680 1956 1723 1990 ob
1749 1955 1839 1990 banc

208 2018 379 2053 rationem
406 2016 591 2061 obligatus.
617 2030 631 2047 «
652 2014 689 2050 Si
718 2014 921 2061 Episcopus
941 2015 995 2050 cui
1025 2015 1140 2050 nullis
1160 2015 1316 2061 personis
1341 2015 1510 2061 expressis
1537 2015 1571 2049 in
1598 2025 1721 2060 genere
1747 2025 1838 2049 com-

209 2074 347 2115 misisti,
377 2078 414 2108 ut
440 2073 512 2108 vice
540 2078 599 2108 tua
625 2072 767 2108 ordines
794 2072 829 2106 in
858 2078 915 2107 tua
942 2073 1087 2108 dioecesi
1115 2072 1315 2112 celebraret.v
1336 2073 1379 2108 ad
1398 2083 1512 2108 sacros
1537 2072 1676 2108 ordines
1703 2082 1837 2118 promo-

209 2133 296 2168 verit
322 2133 522 2179 quempiam
550 2132 692 2166 titulum
721 2142 791 2166 non
821 2131 1029 2167 habentem:
1056 2132 1085 2167 ei
1105 2134 1195 2177 (cum
1217 2132 1250 2166 in
1271 2132 1373 2177 culpa
1393 2132 1494 2167 fuerit
1512 2131 1627 2166 taliter
1643 2130 1838 2166 ordinando

207 2192 375 2234 eundem)
410 2191 586 2226 tenebitur
617 2190 705 2225 vitae
740 2190 936 2226 necessaria
975 2190 1188 2231 ministrare,
1218 2191 1328 2225 donec
1354 2190 1419 2225 sibi
1449 2201 1508 2236 per
1531 2200 1624 2231 eum,
1651 2189 1701 2224 vel
1728 2189 1836 2224 alium

208 2252 250 2287 de
275 2250 484 2296 competenti
525 2250 695 2285 beneficio
722 2249 789 2294 (vel
817 2249 932 2293 titulo)
960 2249 1004 2284 sit
1032 2250 1223 2295 provisum.
1251 2270 1295 2274 —
1322 2248 1357 2285 Si
1386 2260 1464 2284 vero
1489 2253 1599 2284 certas
1632 2248 1837 2283 commisisti

208 2311 237 2346 ei
265 2310 428 2345 ordinare
455 2320 633 2355 personaS,
653 2313 689 2344 ut
717 2308 789 2354 (qui
820 2308 1018 2354 praevidere
1045 2309 1108 2344 boc
1133 2320 1229 2350 casu,
1246 2320 1289 2343 an
1309 2308 1476 2344 haberent
1501 2308 1653 2348 titulum,
1672 2307 1837 2351 debuisti)

207 2369 322 2404 taliter
348 2369 508 2403 ordinato
526 2368 569 2403 ad
590 2367 776 2413 praedicta.
799 2368 910 2403 donec
937 2378 996 2413 per
1021 2372 1054 2402 te
1080 2367 1306 2402 beneficiatus
1326 2367 1427 2402 fuerit
1445 2367 1510 2411 (vel
1529 2367 1629 2402 titulo
1648 2367 1833 2412 provisus),

206 2429 379 2473 obligatus
405 2427 538 2463 existis.
570 2448 609 2452 —
640 2427 695 2461 Eis
722 2433 852 2468 autem,
880 2427 1007 2472 quibus
1032 2438 1053 2462 a
1078 2427 1294 2462 dioecesanis
1319 2427 1421 2462 datur
1447 2426 1598 2466 licentia,
1625 2431 1662 2461 ut
1688 2426 1833 2472 possint,

205 2498 225 2522 a
244 2498 311 2533 quo
331 2487 504 2522 voluerint
523 2485 690 2532 Episcopo
707 2486 750 2521 ad
769 2496 893 2521 omnes
924 2497 1040 2521 sacros
1064 2486 1204 2521 ordines
1231 2486 1445 2531 promoveri:
1475 2496 1543 2521 non
1571 2487 1630 2531 qui
1655 2485 1833 2528 ordinant,

205 2547 263 2581 sed
283 2547 341 2592 qui
362 2545 522 2580 tribuunt
550 2545 729 2580 licentiam
752 2556 843 2589 tcum
871 2555 946 2580 eam
974 2545 1057 2580 dare
1083 2556 1153 2580 non
1181 2544 1329 2580 debeant
1357 2544 1496 2579 titulum
1524 2555 1593 2579 non
1622 2543 1775 2587 habenti)
1793 2544 1836 2579 ad

206 2605 409 2651 praemissa,
438 2604 465 2638 si
494 2603 635 2639 titulum
664 2614 735 2638 non
764 2603 924 2643 babeant,
953 2603 1204 2648 obligantur».
1237 2602 1332 2639 Unde
1359 2604 1469 2639 solum
1499 2603 1533 2637 in
1563 2603 1675 2649 prima
1710 2613 1836 2648 suppo-

205 2664 331 2699 sitione
356 2663 524 2699 ordinans
550 2674 589 2698 ex
615 2663 832 2708 delegatione
858 2664 1021 2699 clericum
1048 2664 1124 2699 sine
1150 2664 1262 2713 titulo,
1289 2663 1489 2698 incurrebat
1506 2662 1751 2707 obligationem
1779 2672 1834 2696 su-

206 2722 429 2758 stentationis
454 2722 623 2757 eiusdem.

329 2865 339 2886 ¹
367 2864 412 2898 23
438 2864 533 2897 Maii
562 2864 662 2898 1609.
