1971 3261
147 149 216 183 246
541 147 626 181 Lm.
656 146 728 180 III.
758 167 770 171 -
798 146 908 180 PARS
934 146 964 181 Ι.
990 166 1004 172 -
1029 146 1087 181 De
1112 146 1378 181 Sacramentis
1500 146 1595 183 Gan.
1623 147 1780 183 887-888

143 266 400 323 proindeque
435 266 542 309 illius
575 266 800 322 exequutio
840 266 1019 321 integrat
1051 264 1184 307 solum
1219 270 1544 321 sacramentum,
1577 279 1648 309 seu
1699 268 1778 309 iam

143 339 312 394 praevie
345 337 480 394 quoad
516 338 738 379 essentiam
788 338 981 378 constans
1014 335 1151 378 reddit
1184 335 1432 392 perfectum.
1479 338 1582 379 Hinc
1615 335 1780 380 Codicis

143 421 272 451 canon
309 410 361 450 ita
395 407 592 462 explicit:
629 411 754 463 atque
786 405 876 462 ipse
904 421 926 447 c<
952 407 1208 462 poenitens»
1235 419 1313 463 per
1345 420 1402 460 se,
1438 419 1517 449 non
1543 420 1615 463 per
1637 406 1780 462 alium,

146 484 185 522 et
216 484 276 521 est
311 477 491 520 fallentia
532 476 702 532 regulae
739 478 838 519 iuris
872 480 1013 532 utpote
1035 476 1305 520 ecclesiastici
1332 475 1476 519 LXVll
1500 478 1538 519 in
1574 476 1631 529 6⁰,
1665 476 1782 520 debet

145 547 330 606 implere.
366 546 450 590 Nec
486 549 635 590 mirum
670 549 767 604 quia
801 549 863 590 ius
896 546 1086 590 divinum
1125 546 1298 590 clamat:
1335 549 1404 604 qui
1441 552 1584 603 peccat
1618 552 1658 590 et
1694 550 1781 604 ipse

145 621 352 676 puniatur,
386 631 458 661 seu
494 619 779 675 unusquisque
814 630 918 660 onus
950 630 1071 660 suum
1108 617 1298 673 portabit.
1335 616 1425 661 Huc
1451 620 1628 674 pertinet
1662 632 1778 675 prop.

147 690 198 733 ab
234 689 351 733 Alex.
389 687 453 731 Vll
490 688 708 733 damnata:
748 688 862 730 «15.
898 688 1114 731 Poenitens
1149 690 1313 744 propria
1347 690 1593 732 auctoritate
1630 689 1780 733 substi-

148 765 264 803 tuere
287 759 364 803 sibi
388 759 515 802 alium
553 764 698 815 potest,
733 760 802 816 qui
839 758 927 802 loco
961 760 1089 815 ipsius
1114 760 1407 814 poenitentiam
1433 759 1658 814 adimpleat
1683 776 1720 801 ›).

267 831 364 873 ⁶211.
400 831 629 877 Officium
664 832 871 876 ministri
905 832 952 875 in
985 832 1245 876 audiendis
1284 831 1694 877 confessionibus.
1727 857 1780 861 —

147 902 269 947 Conc.
289 902 400 946 Trid.
421 904 460 944 in
481 901 597 945 Dec0.
622 900 840 944 doctrinali
858 900 869 923 ¹
890 904 967 944 ait:
997 916 1019 941 α
1043 898 1247 953 Quamvis
1265 905 1403 944 autem
1428 899 1632 944 absolutio
1650 914 1782 945 sacer-

146 975 252 1018 dotis
284 972 407 1016 alieni
432 972 622 1016 beneficii
662 974 713 1015 sit
747 972 1064 1028 dispensatio»,
1098 984 1191 1014 nam
1227 973 1319 1029 quis
1353 976 1486 1028 potest
1520 977 1688 1028 peccata
1722 972 1782 1016 di-

147 1047 309 1087 mittere
343 1045 648 1098 auctoritative,
670 1045 745 1086 nisi
770 1042 880 1086 solus
903 1042 1071 1089 Deus‘?:
1112 1058 1133 1083 α
1157 1047 1294 1085 tamen
1320 1055 1398 1085 non
1424 1047 1485 1086 est
1509 1042 1614 1100 (illa)
1648 1042 1780 1087 solum

146 1116 303 1158 nudum
337 1116 627 1164 ministerium,
651 1113 713 1156 vel
750 1112 1021 1156 annuntiandi
1047 1113 1328 1169 evangelium,
1356 1113 1420 1155 vel
1445 1113 1689 1157 declarandi
1722 1126 1784 1156 re-

147 1188 269 1229 missa
293 1199 381 1229 esse
405 1190 597 1242 peccata:
632 1185 701 1227 sed
723 1184 773 1227 ad
800 1187 928 1227 instar
949 1188 1066 1228 actus
1090 1183 1310 1238 iudicialis,
1339 1196 1420 1240 quo
1453 1183 1504 1227 ab
1529 1185 1633 1240 ipso,
1669 1183 1780 1227 velut

152 1270 173 1300 a
209 1257 359 1310 iudice,
382 1258 584 1299 sententia
611 1257 901 1311 pronuntiatur
923 1271 962 1297 ».
989 1254 1046 1298 De
1065 1267 1146 1312 qua
1167 1259 1305 1311 postea
1326 1255 1471 1298 delinit
1493 1254 1570 1298 sub
1593 1270 1615 1296 ((
1634 1267 1724 1300 can.
1745 1256 1782 1298 9.

148 1329 187 1371 Si
220 1330 312 1385 quis
345 1327 510 1380 dixerit,
560 1326 861 1369 absolutionem
911 1314 1258 1369 sacramentalem
1301 1325 1528 1369 sacerdotis
1579 1339 1657 1369 non
1694 1339 1782 1369 esse

148 1403 287 1442 actum
321 1397 625 1447 iudicialem...;
661 1402 731 1440 aut
764 1396 960 1440 sacerdos
984 1409 1063 1439 nou
1088 1398 1209 1451 serio,
1245 1396 1315 1439 sed
1353 1398 1442 1439 ioco
1466 1395 1678 1440 absolvat:
1713 1402 1783 1440 aut

150 1470 315 1523 dixerit,
350 1480 428 1511 non
464 1470 620 1525 requiri
654 1468 956 1511 confessionem
984 1469 1242 1523 poenitentis,
1270 1472 1311 1510 ut
1333 1467 1530 1510 sacerdos
1554 1469 1687 1523 ipsum
1713 1466 1783 1511 ab·

146 1540 310 1583 solvere
344 1541 482 1595 possit,
531 1538 751 1582 anathema
785 1541 835 1581 sit
869 1554 906 1580 ».
960 1538 1180 1594 Propterea
1216 1551 1294 1580 non
1329 1536 1402 1581 abs
1451 1551 1494 1581 re
1538 1540 1596 1581 sic
1641 1539 1784 1594 incipit

150 1625 240 1654 caii.
274 1612 379 1654 888.
413 1610 441 1668 ἓ
476 1611 512 1655 1.
549 1609 789 1653 meminerit
811 1608 1008 1652 sacerdos
1042 1609 1325 1652 iurisdictione
1348 1607 1640 1652 sacramentali
1669 1620 1782 1664 prae-

152 1682 262 1726 ditus
283 1693 459 1738 eamque
483 1694 684 1724 exercens
707 1681 748 1723 iii
785 1679 1010 1723 audiendis
1045 1678 1375 1736 confessionibus
1413 1677 1786 1723 sacramentalibus

149 1752 348 1795 ordinatis
382 1752 430 1795 ad
470 1751 771 1795 absolutionem
807 1750 1089 1805 obtinendam,
1122 1752 1189 1793 cui
1224 1751 1610 1807 praerequiruntur,
1646 1762 1690 1791 se
1725 1748 1786 1791 iu-

145 1822 251 1866 dicis
285 1835 425 1866 coram
462 1822 557 1874 Deo,
606 1835 677 1866 seu
714 1824 751 1864 in
788 1823 875 1864 foro
909 1824 1069 1864 interno
1103 1821 1408 1876 sacramentali,
1454 1820 1564 1878 quod
1606 1819 1784 1864 verbum

147 1896 343 1937 iustitiam
377 1895 562 1937 strictam
601 1897 719 1936 sonat
751 1892 1018 1946 servandam,
1052 1896 1188 1935 tamen
1237 1892 1288 1935 ab
1322 1905 1377 1948 eo
1405 1904 1483 1934 non
1534 1891 1677 1937 solam,
1713 1890 1784 1934 sed

144 1964 310 2022 pariter
343 1969 382 2007 e!
414 1963 565 2007 medici
612 1966 846 2007 animarum
878 1976 1119 2020 personam,
1151 1962 1375 2017 sustinere,
1408 1965 1526 2006 cuius
1566 1963 1784 2018 proprium

149 2040 208 2078 est
239 2047 385 2078 sanare
418 2035 647 2078 clementer
681 2036 789 2090 ipsas
822 2034 956 2091 quoad
996 2035 1122 2076 vitam
1150 2033 1372 2076 voluntatis
1404 2031 1785 2089 supernaturalem,

148 2119 254 2163 quae
289 2108 584 2162 praesupponit
607 2118 703 2161 erga
740 2105 851 2148 illam
884 2107 1008 2147 vitam
1045 2104 1335 2147 rectitudinem
1371 2105 1662 2157 conscientiae,
1691 2116 1781 2159 pro-

150 2177 244 2220 inde
275 2176 343 2219 illa
379 2177 526 2219 medici
563 2189 735 2232 persona
786 2176 970 2232 implicat
1018 2175 1200 2219 doctoris
1232 2174 1405 2218 alteram
1439 2177 1549 2218 circa
1598 2187 1680 2229 eos⁷
1715 2175 1784 2231 qui

148 2249 382 2290 necessaria
415 2246 491 2290 sibi
528 2249 625 2303 ipsis
660 2249 864 2303 ignorant,
882 2260 931 2289 ac
963 2245 1134 2289 (livinae
1166 2245 1375 2296 iustitiae,
1398 2245 1580 2288 scilicet:
1606 2244 1655 2287 ad
1684 2243 1785 2287 iudi-

147 2318 326 2361 candum
360 2318 411 2360 de
445 2320 625 2374 peccatis
658 2321 697 2360 et
730 2317 780 2360 de
826 2321 1042 2373 peccatore
1080 2316 1311 2360 secundum
1352 2316 1538 2359 divinam
1575 2315 1707 2371 legem
1743 2319 1782 2357 et

150 2391 396 2445 poenitentis
428 2388 618 2444 allegata,
643 2388 770 2431 simul
799 2394 838 2431 el
861 2386 1193 2442 misericordiae,
1229 2399 1334 2444 quae
1370 2389 1496 2443 patris
1529 2391 1589 2430 est
1622 2387 1787 2442 propria

151 2461 201 2503 ad
237 2459 440 2503 medelam
475 2459 738 2503 tribuendam
773 2458 1060 2516 peccatoribus
1104 2472 1175 2515 per
1212 2471 1352 2501 veram
1393 2457 1639 2514 ligaminum
1682 2456 1787 2500 solu-

148 2533 316 2584 tionem,
350 2530 591 2573 ministrum
614 2544 637 2572 a
667 2529 748 2573 Deo
782 2529 1054 2573 constitutum
1079 2543 1179 2584 esse,
1203 2532 1267 2572 cui
1292 2531 1493 2572 rationem
1520 2528 1696 2571 reddere
1716 2527 1785 2570 ‹le-

148 2601 254 2655 beat,
287 2614 382 2644 cum
416 2601 492 2644 hoc
526 2614 650 2657 scopo
676 2603 749 2657 ipsi
776 2603 980 2644 iniuncto:
1016 2604 1060 2642 ul
1085 2598 1236 2643 honori
1258 2599 1400 2642 divino
1427 2612 1499 2656 per
1526 2611 1664 2642 veram
1687 2611 1781 2654 poe-

149 2674 377 2726 nitentiam,
413 2674 669 2715 necessariae
717 2673 989 2715 confessionis
1040 2670 1251 2725 ruborem,
1291 2675 1330 2713 et
1377 2671 1700 2713 satisfactionem
1736 2668 1788 2711 de

148 2745 326 2798 peccatis
359 2742 607 2799 exigendam
643 2748 681 2785 et
729 2742 971 2784 animarum
1004 2740 1138 2783 saluti
1172 2740 1425 2797 benignitate
1458 2751 1638 2796 superna
1691 2752 1784 2795 pro-

279 2896 291 2917 1
320 2895 421 2930 Sese.
452 2895 557 2939 XIV,
586 2907 667 2940 cap.
697 2898 730 2931 G.
