1971 3261
121 148 217 184 Can.
246 146 449 182 1016-1017
618 145 703 179 Tl'r.
742 145 827 179 VII.
853 164 869 171 -
894 145 950 179 De
990 146 1250 179 ,Uatrimonio
1687 145 1756 178 495

117 264 342 321 potestatis
364 263 441 307 sub
463 275 729 321 quacumque
764 262 947 319 legitima
983 264 1112 305 t'orma
1147 262 1337 318 guber-nii
1373 267 1620 305 exerceatur
1643 262 1756 304 circa

121 348 231 378 mere
253 334 409 386 cii-iles,
428 347 510 391 quo
538 333 665 377 verbo
691 335 954 389 restringitur
978 333 1026 375 ad
1054 333 1144 376 illos
1167 335 1458 389 competentia,
1481 346 1515 375 r.
1538 347 1598 389 gr.
1618 333 1753 390 quoad

120 405 287 449 modum
313 406 624 448 communitatis
650 403 869 456 bonorum,
893 404 1028 460 quoad
1055 404 1162 447 dotis
1187 405 1478 459 proprietatem
1519 404 1580 447 vel
1618 417 1756 447 usum-

120 477 314 529 fructum,
348 475 482 532 quoad
535 475 713 517 tiliorum
764 475 1058 517 admissionem
1095 474 1143 517 ad
1180 475 1313 517 otlieia
1361 473 1538 530 publica.
1573 473 1757 523 etas-<lem

117 546 384 589 matrimonii
417 546 468 589 de
501 558 583 602 quo
619 547 656 587 in
692 548 863 588 canonis
889 547 1002 587 initio
1029 545 1197 602 elferius
1222 558 1300 587 uon
1327 547 1582 587 necessarios
1617 547 1756 601 ipsius,

116 616 297 673 alioquin
333 621 469 659 essent
503 628 581 658 non
619 628 730 658 mere
765 615 925 669 civiles,
949 629 984 657 v.
1011 630 1072 671 gr.
1108 615 1348 671 legitimitas
1381 614 1558 657 tiliorum
1594 620 1630 657 et
1665 628 1758 657 iron-

118 689 259 743 iugum
291 699 513 744 «aequum
551 688 613 729 ius
647 691 683 729 et
719 686 900 729 osticium
927 686 1140 743 »‚aliique
1176 688 1369 728 recensiti
1395 685 1471 729 sub
1496 686 1600 728 tituli
1636 685 1758 728 liuius

116 769 207 814 cap.
241 756 310 800 tx.

236 867 281 903 Ex
310 868 374 904 hoc
400 879 536 904 canone
562 868 699 904 admitti
735 873 843 915 potest
879 880 965 903 sano
999 880 1102 904 sensu
1139 869 1320 903 distinctio
1356 868 1570 904 matrimonii
1600 868 1633 902 in
1662 879 1756 902 eano-

118 926 227 962 nicam
255 937 296 963 ac
323 928 467 974 insuper
493 927 602 963 civile.
635 927 787 962 l'rimum
817 928 859 962 sit
892 942 906 959 «
927 928 1017 974 quod
1045 932 1263 963 contractum
1295 928 1395 963 suerit
1424 927 1569 962 serratis
1589 926 1759 962 Ecclesiae

116 985 252 1030 legibus
280 986 486 1031 urgentibus
512 986 604 1022 circa
632 986 741 1032 ipsius
768 987 983 1022 validitatem
1007 1001 1038 1020 υ.
1069 986 1178 1022 Civile
1205 992 1320 1022 autem
1351 986 1615 1021 matrimonium
1641 1000 1654 1017 «
1676 997 1759 1031 qua-

113 1050 217 1081 tenus
246 1045 279 1080 in
308 1056 347 1081 eo
374 1050 530 1081 servatae
557 1045 628 1080 sint
655 1056 793 1091 quoque
829 1046 943 1091 legum
979 1046 1134 1081 civilium
1175 1046 1477 1091 praescriptiones,
1508 1046 1583 1080 sine
1609 1055 1756 1090 quarum

114 1104 338 1140 observantia
365 1105 450 1140 illud
479 1115 517 1140 ex
547 1105 703 1140 humana
731 1104 908 1140 voluntate
941 1104 1122 1140 effectibus
1156 1104 1319 1139 civilibus
1350 1104 1602 1139 destituitur».
1634 1104 1759 1150 Appel—

116 1163 199 1199 latio
227 1163 286 1198 illa
313 1163 361 1199 sic
388 1163 575 1199 adhibetur
603 1163 635 1197 in
668 1162 791 1204 Dubio,
821 1164 912 1209 quod
942 1164 1021 1199 huic
1048 1164 1175 1199 canoni
1213 1164 1448 1203 connectitur,
1480 1174 1538 1209 per
1565 1162 1598 1198 S.
1626 1163 1757 1208 (jongr.

113 1222 155 1258 de
175 1222 413 1258 Sacramentis
440 1223 551 1258 soluto
570 1225 603 1256 ¹:
638 1234 716 1258 «an
745 1223 882 1258 admitti
911 1223 1045 1269 possint
1071 1223 1113 1258 ad
1142 1222 1413 1258 celebrationem
1445 1222 1659 1257 matrimonii
1685 1233 1759 1257 mu-

112 1281 228 1323 lieres,
257 1282 341 1317 viris
377 1282 466 1318 bello
501 1282 695 1318 interfectis
729 1282 884 1323 orbatae,
913 1292 1015 1327 quae,
1046 1293 1090 1317 ue
1123 1293 1245 1317 annua
1283 1281 1454 1317 Gubernii
1494 1283 1660 1327 pensione
1692 1281 1758 1327 pri-

112 1346 251 1383 ventur,
282 1342 559 1387 praetermittere
587 1342 707 1377 volunt
734 1341 1004 1377 celebrationem
1033 1341 1261 1382 matrimonii,
1288 1346 1347 1376 aut
1374 1341 1483 1381 aiunt,
1513 1340 1637 1375 civilis.
1668 1340 1754 1375 Emi.

110 1411 150 1436 ac
179 1390 312 1436 Bermi.
343 1400 505 1436 Patres...
536 1400 822 1447 respondendum
851 1405 1082 1436 censuerunt:
1114 1399 1223 1436 «Non
1252 1411 1327 1436 esse
1354 1400 1586 1435 recedendum
1615 1411 1634 1435 a
1661 1399 1757 1445 praxi

111 1457 147 1494 S.
179 1458 483 1504 Congregationis‚
513 1459 658 1506 ideoque
683 1459 912 1495 amissionem
941 1459 1122 1505 pensionis
1150 1470 1217 1494 non
1245 1470 1320 1494 esse
1346 1470 1487 1494 causam
1525 1459 1758 1494 sufficientem

112 1518 336 1565 permittendi
364 1519 634 1554 celebrationem
663 1519 879 1554 matrimonii
908 1520 1042 1564 absque
1060 1519 1128 1554 ritu
1149 1518 1254 1553 civili.
1284 1517 1384 1562 Quod
1413 1518 1439 1552 si
1469 1518 1556 1553 aliae
1585 1517 1758 1554 habentur

111 1578 409 1621 circumstantiae,
436 1578 689 1614 recurrendum
718 1579 754 1612 in
781 1577 932 1623 singulis
957 1577 1096 1613 casibus
1118 1591 1149 1611 ».

228 1679 326 1722 405.
364 1681 437 1726 De
468 1681 765 1726 matrimonii
804 1681 954 1725 futuri
994 1681 1325 1736 promissione
1357 1693 1417 1725 ac
1450 1681 1512 1725 de
1545 1693 1752 1736 sponsa·

110 1753 257 1797 libus.
288 1776 345 1782 —
377 1750 416 1794 S.
451 1749 601 1806 Congr.
646 1749 818 1795 Concilii
845 1747 859 1772 ²
893 1750 1024 1794 edidit
1070 1749 1289 1794 Decretum
1331 1766 1348 1790 (ι
1376 1749 1434 1793 Ne
1475 1755 1676 1793 temere»
1716 1753 1755 1793 in

107 1835 190 1880 quo
225 1824 407 1878 primum
443 1823 518 1865 suit
553 1824 808 1879 praescripta
844 1821 1096 1878 generaliter
1120 1822 1249 1865 forma
1286 1835 1359 1877 pro
1391 1821 1647 1876 sponsalium
1691 1834 1760 1864 ra-

109 1892 268 1937 liditate
301 1893 524 1947 servanda,
548 1905 655 1949 quae
682 1895 718 1935 in
747 1895 835 1936 iure
859 1892 1141 1936 Romanorum
1168 1897 1280 1936 recte
1306 1892 1474 1935 delinita
1510 1897 1623 1935 sunt:
1654 1907 1673 1932 «
1699 1893 1756 1935 su-

106 1969 295 2008 turarum
331 1966 570 2021 nuptiarum
609 1965 872 2020 promissio»
911 1968 1055 2006 mutua
1092 1965 1197 2006 inter
1243 1976 1440 2019 personas
1473 1963 1523 2006 de
1559 1965 1648 2006 iure
1682 1962 1758 2006 ha-

108 2034 223 2091 biles,
261 2040 380 2092 prout
416 2035 484 2078 illa
519 2035 706 2078 definitio
740 2034 792 2078 ab
826 2033 1080 2078 Auctoribus
1115 2036 1192 2077 iuri
1228 2036 1428 2077 canonico
1476 2036 1631 2077 innixis
1666 2047 1757 2090 per-

106 2107 212 2150 fecta
246 2108 333 2150 fuit.
369 2106 598 2149 Numerum
637 2108 815 2162 primum
845 2105 953 2148 illius
976 2104 1141 2148 Decreti
1168 2107 1327 2161 integre
1354 2106 1475 2148 refert
1512 2107 1634 2161 eique
1663 2120 1681 2145 (ι
1707 2118 1756 2148 ex

106 2182 222 2235 parte
257 2180 451 2234 congruit
475 2192 496 2218 ›>
536 2191 627 2219 eim.
654 2179 782 2219 1017.
805 2176 834 2234 ξ
859 2176 896 2218 1.
920 2175 1192 2219 Matrimonii
1225 2175 1497 2219 contrahendi
1530 2175 1758 2233 promissio

106 2247 295 2292 mulieris
332 2251 421 2291 viro
445 2253 513 2292 aut
540 2250 617 2290 viri
656 2247 818 2290 mulieri
856 2248 961 2290 t'aeta
995 2251 1032 2290 et
1068 2245 1119 2290 ab
1153 2246 1353 2290 alterutro
1379 2250 1609 2303 acceptata,
1634 2259 1755 2290 secus

105 2321 214 2363 enim
259 2319 443 2362 noudum
489 2318 657 2375 obligat,
693 2318 780 2360 sice
814 2316 1106 2371 ῑιηίίαίθναίῐε,
1138 2317 1317 2360 scilicet:
1360 2317 1562 2360 alterutro
1597 2317 1754 2360 solum·

106 2390 229 2434 modo
263 2389 402 2433 taliter
435 2392 719 2447 promittente,
744 2391 814 2446 qui
848 2388 961 2432 solus
994 2393 1302 2445 consequenter
1335 2387 1558 2444 obligatur.
1580 2388 1666 2431 sire
1699 2387 1753 2429 bi·

104 2459 317 2512 lateralis,
344 2460 565 2504 videlicet:
602 2467 746 2503 mutuo
773 2457 1110 2516 promittentibus
1134 2460 1447 2502 matrimonium
1475 2464 1513 2502 et
1538 2463 1758 2514 acceptan-

103 2530 214 2575 tibus
246 2530 489 2574 alterutrius
524 2532 857 2587 promissionem,
884 2529 992 2572 undc
1018 2531 1056 2571 in
1083 2532 1260 2586 utraque
1286 2533 1401 2585 parte
1435 2534 1631 2573 nascatur
1655 2527 1764 2572 obli·

102 2603 228 2658 gatio,
261 2615 333 2644 sen
365 2600 624 2659 sponsalitia
659 2603 877 2658 promissio
923 2605 965 2643 ut
1014 2601 1127 2656 prius
1173 2599 1342 2643 delinita
1378 2605 1451 2644 est.
1487 2612 1534 2643 ac
1579 2599 1629 2642 de
1681 2612 1761 2656 qua

103 2674 225 2716 unice
272 2675 492 2715 Decretum
537 2674 636 2716 cit.¹¹¹
670 2672 873 2728 disposuit
920 2671 1029 2728 quod
1077 2683 1187 2714 nunc
1231 2670 1281 2714 ad
1327 2670 1563 2727 simplicem
1604 2670 1760 2713 dictam

104 2744 421 2799 promissionem
472 2755 604 2786 canon
653 2745 713 2786 sic
761 2742 972 2786 extendit:
1018 2740 1151 2783 irrita
1195 2746 1257 2784 est
1295 2754 1377 2800 pro
1424 2746 1604 2798 utroque
1646 2740 1761 2798 foro,

99 2895 114 2908 ο
144 2895 161 2919 >
187 2848 232 2928 Αἱ
258 2848 281 2881 2
306 2847 523 2928 Ιιὶιὲὸ71917.
562 2847 596 2881 ΙΙ
637 2847 832 2882 Monitore
872 2846 1160 2888 ecclesiastice,
1203 2857 1265 2880 an.
1306 2846 1411 2886 1919,
1453 2857 1542 2891 pag.
1584 2845 1663 2879 193.
1714 2865 1757 2869 —

100 2910 113 2917 -
139 2900 160 2928 ἱ,
225 2906 293 2940 ug.
423 2921 431 2928 .
