1971 3261
660 125 745 159 Trr.
776 124 862 158 VII.

898 143 910 150 -
940 122 998 157 De
1028 122 1293 156 Matrimonio
1729 119 1795 154 521

163 249 275 285 vative
302 247 355 282 ius
380 250 433 281 est
457 245 527 281 alia
554 244 804 290 impedimenta
826 243 943 278 matri-

163 295 321 332 monium
341 292 567 340 impedientia
588 292 641 327 vel
660 291 864 326 dirimentia
883 300 943 335 pro

164 341 348 389 baptizatis
365 339 600 376 constituendi
623 349 682 385 per
698 337 838 373 modum
860 337 944 382 legis

163 390 234 425 sive
259 387 470 424 universalis
495 387 568 422 sive
597 385 830 431 particularis,

211 436 297 473 CAN.
329 434 430 470 1039.
452 455 467 460 -
488 438 508 477 ς
530 434 559 468 l.
582 432 761 469 Ordinarii
791 432 942 467 locorum

163 483 329 520 omnibus
356 483 390 517 in
419 492 480 517 suo
506 480 679 516 territorio
697 484 775 515 actu
796 490 944 514 commo-

162 530 324 567 rantibus
349 534 382 566 et
408 529 480 564 suis
516 527 666 563 subditis
705 527 808 563 etiam
849 531 945 561 extra

165 579 252 614 fines
277 577 330 613 sui
357 575 521 612 territorii
551 580 665 611 vetare
701 578 845 621 possunt
873 585 944 608 ma-

164 625 329 661 trimonia
357 624 391 658 in
419 634 501 659 casu
521 621 701 669 peculiari,
723 622 781 657 sed
800 621 842 656 ad
864 626 945 656 tem-

165 685 229 719 pus
246 677 397 712 tantum,
421 671 509 707 iusta
535 671 577 706 de
604 681 707 705 causa
734 679 843 714 eaque
869 679 944 714 per-

163 721 325 756 durante.

211 771 231 810 §
258 766 290 801 2.
315 765 425 801 Vetito
444 765 637 801 clausulam
658 763 853 799 irritantem
875 774 945 798 una

165 813 271 851 Sedes
297 812 495 860 Apostolica
521 812 648 847 addere
676 815 796 857 potest.

211 860 297 898 cm.
332 858 431 895 1040.
451 880 468 886 -
492 859 628 895 Praeter
645 858 840 894 Romanum
858 857 944 892 Pon-

165 909 307 945 tificem.
331 918 434 944 nemo
462 912 570 954 potest
589 906 841 953 impedimenta
861 905 946 940 iuris

163 956 388 992 ecclesiastici
416 955 487 990 sive
515 953 743 1000 impedientia
769 952 841 988 sive
866 952 947 987 diri-

163 1003 296 1040 mentia
333 1003 512 1047 abrogare,
550 1006 611 1037 aut
649 1001 718 1035 illis
756 1000 941 1044 derogare:

165 1051 247 1087 item
288 1061 352 1086 nec
390 1050 425 1084 in
464 1049 596 1086 eisdem
636 1048 850 1094 dispensare,
877 1047 944 1082 nisi

165 1098 240 1134 iure
273 1097 451 1133 communi
492 1096 544 1132 vel
584 1095 724 1142 speciali
766 1094 901 1130 indulto
926 1105 946 1129 a

166 1145 253 1182 Sede
268 1144 468 1191 Apostolica
495 1144 577 1179 baec
607 1147 756 1189 potestas
782 1152 946 1177 concessa

167 1192 281 1229 fuerit.

213 1238 298 1276 CAN.
323 1237 426 1273 1041.
451 1259 467 1263 -
490 1237 712 1274 Consuetudo
731 1247 860 1271 novum
882 1236 945 1270 im-

166 1287 407 1334 pedimentum
436 1285 608 1321 inducens
633 1289 692 1320 aut
719 1283 944 1330 impedimen·

165 1335 210 1369 tis
235 1333 466 1370 existentibus
491 1332 668 1369 contraria
693 1330 908 1377 reprobatur.

213 1380 299 1421 CAN,
332 1378 434 1415 1042.
454 1400 470 1405 —
492 1384 511 1422 ξ
541 1380 569 1414 1.
597 1378 852 1425 lmpedimenta
878 1377 947 1412 alia

165 1433 249 1464 sunt
272 1427 398 1500 gradus
423 1426 574 1468 minoris,
601 1426 671 1462 alia
696 1425 849 1460 maioris.

213 1480 233 1519 ξ
267 1484 300 1511 ·...
337 1474 594 1522 impedimenta
632 1474 761 1519 gradus
800 1471 947 1507 minoris

166 1528 269 1559 sunt:

262 1570 298 1605 1⁰
323 1569 623 1614 Consanguinitas
648 1568 684 1603 in
713 1567 814 1603 tertio
836 1566 946 1612 gradu

167 1618 280 1654 lineae
306 1617 537 1662 collateralis;

260 1664 299 1700 ‘20
325 1664 486 1700 Affinitas
520 1664 554 1699 in
591 1663 745 1699 secundo
771 1661 881 1707 gradu
908 1661 946 1695 li-

167 1723 253 1749 neae
279 1712 508 1754 collateralis;

262 1758 298 1794 3ο
324 1759 467 1795 Publica
508 1759 673 1795 honestas
716 1757 750 1792 in
795 1756 948 1793 secundo

166 1807 296 1852 gradu:

262 1853 299 1889 40
326 1853 494 1899 Cognatio
519 1865 535 1887 s
562 1852 731 1894 iritualis;

262 1899 299 1936 50
325 1901 467 1937 Crimen
495 1912 534 1937 ex
560 1899 733 1936 adulterio
764 1910 843 1934 cum
870 1910 947 1946 pro-

167 1949 334 1985 missione
374 1948 425 1984 vel
463 1947 693 1984 attentatione
730 1945 946 1982 matrimonii

166 1997 272 2032 etiam
301 2007 360 2042 per
385 1996 523 2032 civilem
550 1999 689 2031 tantum
719 2000 850 2030 actum.

207 2047 233 2086 ’ξ
252 2045 284 2079 3.
303 2043 558 2090 Impedimenta
577 2042 720 2078 maioris
738 2041 866 2087 gradus
880 2041 949 2076 alia

167 2096 250 2126 sunt
276 2092 410 2126 omnia.

216 2136 299 2174 cm.
329 2137 431 2173 1043.
464 2159 480 2164 -
513 2137 661 2183 Urgente
700 2136 822 2171 mortis
860 2135 948 2182 peri-

167 2185 260 2227 culo,
287 2186 440 2222 locorum
469 2183 665 2226 Ordinarii,
693 2184 735 2219 ad
763 2183 948 2219 consulen-

167 2233 250 2268 dum
278 2232 514 2269 conscientiae
538 2236 584 2273 et,
605 2232 632 2266 si
660 2242 762 2267 casus
791 2231 876 2275 ferat
903 2230 948 2266 le-

167 2280 378 2326 gitimationi
406 2280 524 2326 prolis,
557 2283 702 2326 possunt
735 2283 808 2313 tum
845 2288 950 2324 super

169 2328 280 2364 forma
305 2329 341 2363 in
371 2327 586 2364 matrimonii
618 2326 852 2362 celebratione
879 2336 948 2360 scr-

168 2376 296 2419 vanda‚
317 2380 390 2411 tum
418 2386 522 2421 super
547 2374 713 2410 omnibus
739 2378 771 2408 et
798 2372 949 2418 singulis

167 2422 431 2469 impedimentis
451 2422 533 2457 iuris
547 2420 786 2465 ecclesiastici,
802 2421 877 2456 sivc
892 2431 951 2466 pu-

168 2469 270 2505 blicis
287 2470 359 2506 sive
377 2469 534 2513 occultis,
555 2469 660 2505 etiam
679 2467 948 2514 multiplicibus,

168 2517 320 2563 exeeptis
362 2516 625 2563 impedimentis
664 2515 950 2562 provenientibus

170 2575 209 2600 ex
237 2575 334 2600 sacro
362 2564 622 2611 presbyteratus
648 2563 770 2599 ordine
795 2567 884 2598 etex
903 2562 952 2597 af-

171 2611 305 2647 finitate
324 2611 359 2646 in
380 2611 474 2648 linea
491 2616 597 2653 recta,
618 2614 861 2647 consummato
881 2620 951 2644 ma-

169 2659 348 2696 trimonio.
373 2659 579 2705 dispensare
604 2658 762 2704 proprios
793 2657 950 2692 subditos

170 2706 300 2752 ubique
325 2710 581 2742 commorantes
607 2710 640 2741 et
665 2715 788 2741 omnes
810 2704 846 2738 in
876 2714 949 2750 pro-

170 2753 244 2800 prio
282 2753 454 2789 territorio
491 2757 569 2788 actu
609 2753 784 2798 degentes
819 2755 950 2787 remoto

169 2800 347 2840 scandalo.
372 2804 417 2842 et,
443 2800 470 2835 si
498 2800 713 2846 dispensatio
739 2799 950 2835 concedatur

170 2859 275 2894 super
301 2847 415 2884 cultus
448 2847 653 2894 disparitate
678 2851 738 2882 aut
764 2845 871 2881 mixta
898 2856 948 2882 re-

169 2895 310 2941 ligione,
330 2894 506 2941 praestitis
524 2894 700 2931 consuetis
718 2892 952 2929 cautionibus,

1065 240 1149 276 (lm.
1176 240 1275 275 1044.
1297 261 1313 266 -
1335 239 1370 275 111
1391 240 1520 276 eisdem
1541 250 1655 275 rerum
1676 238 1798 274 adiun-

1017 289 1082 323 ctis
1107 289 1149 324 de
1175 288 1303 334 quibus
1332 288 1366 322 in
1395 298 1472 323 can.
1508 287 1594 321 1043
1621 291 1654 322 et
1684 286 1794 321 solum

1020 348 1079 383 pro
1105 335 1244 371 casibus
1271 336 1306 370 in
1333 335 1461 381 quibus
1489 345 1532 369 nc
1561 334 1621 369 loci
1655 334 1794 379 quidem

1019 383 1229 419 Ordinarius
1254 383 1342 418 adiri
1372 383 1489 429 possit,
1508 382 1627 417 eadem
1656 381 1796 426 dispen-

1018 431 1118 466 sandi
1161 430 1323 466 facultate
1363 430 1463 475 pollet
1505 434 1576 464 tum
1612 430 1794 474 parochus,

1019 483 1092 513 tum
1119 478 1278 513 sacerdos
1304 477 1361 522 qui
1392 477 1625 516 matrimonio,
1652 476 1693 511 ad
1724 486 1798 510 nor-

1019 537 1110 560 mam
1131 536 1210 560 can.
1233 524 1333 568 10⁹8,
1353 536 1387 559 n.
1410 524 1442 563 2,
1460 524 1602 559 assistit.
1628 528 1700 558 tum
1720 534 1796 558 con-

1020 573 1196 613 fessarius,
1227 572 1283 608 sed
1315 572 1368 607 hic
1398 583 1457 618 pro
1493 571 1563 606 foro
1596 571 1734 606 interno
1761 570 1796 605 iu

1018 626 1096 655 actu
1116 619 1381 655 sacramentalis
1399 619 1630 654 confessionis
1649 623 1799 652 tantum.

1067 666 1152 702 CAN.
1186 665 1285 701 iii-45.
1311 688 1327 692 -
1349 670 1367 709 ξ
1392 666 1419 701 l.
1444 665 1589 701 Possunt
1618 663 1796 701 Ordinarii

1020 715 1185 755 locorum,
1201 714 1266 749 sub
1286 714 1451 749 clausulis
1471 714 1505 747 in
1528 713 1596 748 fine
1614 710 1798 748 can.1043

1019 762 1170 802 statutis,
1197 761 1496 808 dispensationem
1528 760 1717 795 concedere
1744 771 1800 794 su-

1021 820 1079 856 per
1113 809 1279 844 omnibus
1317 808 1578 854 impedimentis
1605 807 1646 842 de
1672 806 1800 852 quibus

1020 857 1055 891 in
1083 857 1141 891 cit.
1171 867 1249 891 can.
1282 855 1386 896 1043,
1406 856 1541 901 quoties
1569 855 1798 900 impedimen-

1020 909 1093 939 tum
1121 905 1313 948 detegatur,
1341 914 1420 938 cum
1453 904 1520 938 iam
1560 902 1679 937 omnia
1715 906 1799 937 sunt

1022 956 1137 997 parata
1164 951 1206 986 ad
1235 950 1389 996 nuptias,
1418 960 1478 985 nec
1520 949 1797 990 matrimonium,

1019 999 1096 1034 sine
1115 998 1285 1045 probabili
1306 997 1422 1041 gravis
1449 997 1529 1032 mali
1553 996 1715 1042 periculo,
1733 996 1800 1031 dif-

1022 1045 1099 1081 ferri
1130 1045 1238 1092 possit
1265 1056 1373 1091 usque
1400 1045 1482 1079 dum
1510 1055 1529 1079 a
1557 1043 1685 1079 Sancta
1712 1042 1800 1079 Sede

1019 1093 1236 1138 dispensatio
1262 1092 1473 1127 obtineatur.

1067 1144 1087 1183 ξ
1113 1140 1146 1175 2.
1177 1139 1269 1175 Haec
1289 1139 1434 1175 facultas
1454 1139 1564 1174 valeat
1583 1148 1720 1183 quoque
1741 1148 1800 1183 pro

1020 1187 1300 1223 convalidatione
1328 1186 1542 1222 matrimonii
1572 1185 1639 1220 iam
1668 1190 1802 1220 contra-

1020 1234 1079 1275 cti,
1100 1234 1127 1269 si
1148 1234 1239 1270 idem
1261 1234 1452 1280 periculum
1481 1234 1523 1268 sit
1550 1233 1585 1266 in
1615 1243 1710 1279 mora
1736 1242 1801 1268 nec

1020 1287 1158 1328 tempus
1176 1286 1337 1328 suppetat
1355 1281 1555 1317 recurrendi
1571 1280 1615 1315 ad
1635 1280 1798 1315 Sanctam

1021 1328 1157 1366 Sedem.

1068 1381 1087 1419 ξ
1114 1376 1147 1411 3.
1177 1375 1215 1410 111
1243 1375 1364 1411 iisdem
1394 1386 1509 1411 rerum
1536 1374 1723 1410 adiunctis
1745 1384 1800 1409 ea-

1020 1424 1100 1459 dem
1128 1423 1292 1459 facultate
1317 1423 1493 1468 gaudeant
1512 1433 1634 1458 omnes
1661 1422 1702 1457 de
1728 1421 1802 1467 qui-

1022 1471 1086 1506 bus
1113 1470 1148 1506 in
1176 1482 1254 1507 can.
1287 1468 1386 1513 1044,
1415 1470 1473 1505 sed
1509 1470 1619 1505 solum
1662 1480 1720 1515 pro
1746 1479 1801 1503 ca-

1021 1519 1118 1554 sibus
1135 1518 1279 1553 occultis
1305 1518 1342 1552 in
1366 1517 1493 1563 quibus
1513 1528 1557 1552 ne
1577 1517 1638 1552 loci
1660 1516 1800 1562 quidem

1021 1564 1233 1602 Ordinarius
1249 1564 1337 1600 adiri
1359 1565 1476 1611 possit,
1493 1565 1544 1600 vel
1561 1564 1701 1600 nonnisi
1721 1574 1800 1598 cum

1022 1613 1175 1660 periculo
1201 1612 1400 1648 violationis
1427 1613 1561 1648 secreti.

1069 1659 1152 1696 CAN.
1181 1658 1285 1695 1046.
1311 1681 1326 1685 -
1358 1659 1530 1695 Parochus
1556 1664 1614 1694 aut
1642 1657 1802 1694 sacerdos

1021 1708 1062 1744 dc
1089 1719 1158 1755 quo
1184 1709 1220 1742 in
1248 1719 1327 1743 can.
1361 1706 1464 1749 1044,
1492 1707 1534 1742 de
1560 1716 1725 1742 concessa
1750 1705 1801 1740 di-

1021 1755 1244 1802 spensatione
1284 1766 1344 1801 pro
1386 1755 1457 1790 soro
1482 1759 1623 1790 externo
1650 1753 1800 1789 Ordina-

1021 1804 1112 1838 rium
1143 1803 1205 1838 loci
1233 1803 1351 1838 statim
1378 1802 1558 1837 certiorem
1596 1801 1717 1840 faciat;
1745 1811 1801 1835 ea·

1022 1861 1089 1897 que
1114 1851 1301 1886 adnotetur
1321 1850 1356 1885 in
1376 1850 1464 1885 libro
1484 1848 1802 1884 matrimoniorum.

1070 1896 1155 1934 CAN.
1189 1895 1289 1932 1047.
1309 1919 1325 1922 -
1346 1896 1417 1932 Nisi
1446 1896 1540 1932 aliud
1563 1896 1647 1931 ferat
1667 1895 1702 1930 S.
1726 1895 1801 1930 Poc-

1022 1945 1247 1980 nitentiariae
1273 1945 1493 1991 rescriptum,
1523 1942 1738 1990 dispensatio
1764 1942 1798 1976 in

1024 1993 1096 2028 soro
1124 1993 1262 2028 interno
1281 2003 1350 2027 non
1371 1991 1616 2027 sacramentali
1637 2000 1803 2026 concessa

1023 2051 1126 2086 super
1154 2040 1404 2086 impedimento
1441 2039 1588 2075 occulto.
1617 2037 1803 2073 adnotetur

1024 2087 1057 2122 in
1096 2087 1184 2123 libro
1222 2087 1407 2132 diligenter
1446 2087 1480 2120 in
1521 2090 1650 2121 secreto
1678 2084 1802 2120 Curiae

1022 2135 1164 2170 archivo
1189 2134 1232 2170 de
1250 2145 1318 2180 quo
1336 2134 1371 2169 in
1391 2145 1468 2169 can.
1488 2132 1556 2167 379
1575 2132 1800 2173 asservando,

1024 2193 1088 2218 nec
1113 2182 1183 2217 alia
1208 2181 1424 2228 dispensatio
1464 2192 1524 2227 pro
1564 2180 1634 2216 foro
1660 2184 1802 2215 externo

1021 2235 1073 2265 est
1101 2229 1307 2269 necessaria,
1325 2228 1388 2264 etsi
1412 2233 1526 2274 postea
1545 2227 1717 2263 occultum
1738 2227 1802 2261 im-

1025 2277 1265 2323 pedimentum
1288 2276 1465 2323 publicum
1485 2275 1652 2315 evaserim
1675 2274 1733 2309 sed
1752 2278 1804 2310 est

1024 2323 1230 2365 necessaria,
1250 2324 1276 2358 si
1304 2323 1519 2370 dispensatio
1546 2333 1709 2358 concessa
1737 2321 1804 2357 sue-

1023 2371 1068 2406 rit
1094 2376 1233 2407 tantum
1260 2371 1297 2405 in
1325 2371 1396 2406 foro
1428 2370 1566 2406 interno
1605 2379 1803 2405 sacramen-

1023 2419 1097 2454 tali.

1071 2465 1156 2502 CAN.
1190 2463 1291 2500 1048.
1316 2485 1332 2492 -
1361 2464 1395 2501 Si
1426 2465 1544 2511 petitio
1572 2463 1803 2510 dispensatio-

1024 2513 1080 2548 nis
1105 2513 1148 2548 ad
1176 2512 1341 2548 Sanctam
1370 2512 1493 2549 Sedem
1523 2512 1630 2547 missa
1656 2511 1713 2548 sit.
1743 2508 1803 2546 Or-

1023 2560 1151 2596 dinarii
1168 2561 1321 2596 locorum
1337 2560 1409 2595 suis
1426 2559 1662 2600 facultatibus,
1674 2559 1700 2593 si
1717 2569 1804 2604 quas

1024 2608 1190 2648 babeant,
1220 2618 1264 2643 ne
1291 2612 1447 2648 utantur,
1476 2607 1543 2642 nisi
1572 2607 1614 2642 ad
1644 2616 1802 2641 normam

1023 2666 1100 2691 can⁴
1132 2654 1212 2695 204,
1239 2660 1258 2697 ᾗ
1285 2655 1319 2690 2.

1073 2702 1156 2738 CAN.
1185 2700 1287 2738 1049.
1305 2723 1325 2729 -
1341 2706 1360 2745 ἓ
1380 2701 1460 2737 1.111
1481 2701 1714 2737 Matrimoniis
1732 2700 1804 2735 sive

1024 2750 1212 2786 contractis
1243 2750 1315 2786 sive
1348 2749 1608 2785 contrahendis.
1635 2748 1693 2794 qui
1720 2758 1803 2792 gau-

1024 2797 1081 2833 det
1107 2797 1243 2833 indulto
1268 2797 1420 2842 generali
1446 2795 1673 2842 dispensandi
1702 2806 1805 2840 super

1025 2849 1117 2880 certo
1135 2844 1288 2891 quodam
1311 2844 1574 2891 impedimento.
1595 2847 1716 2890 potest,
1735 2842 1801 2876 nisi

1025 2892 1060 2926 in
1089 2892 1164 2938 ipso
1190 2892 1326 2928 indulto
1343 2891 1437 2928 aliud
1457 2901 1616 2938 expresse
1638 2889 1802 2937 praescri-
