1971 3261
203 116 271 149 628
595 113 680 147 Lm.
709 113 780 148 III.
806 133 819 138 -
847 113 958 147 PARS
983 113 1013 147 Ι.
1044 133 1057 138 -
1084 113 1140 148 De
1165 113 1431 148 Sacramentis
1613 111 1705 147 (tau.
1735 112 1828 147 1094

324 232 420 274 496.
457 235 683 277 Formam
716 234 764 276 in
797 244 982 289 genere
1014 235 1312 278 servandam
1354 234 1393 275 in
1439 233 1690 275 matrimonii
1725 231 1831 275 cele-

207 304 391 347 bratione
414 304 640 345 summarie
665 301 910 358 praescribit
933 306 1022 345 ran.
1045 305 1164 345 1094
1196 305 1292 359 ipsis
1317 302 1477 346 Decreti
1504 301 1643 346 verbis
1665 302 1723 359 (n.
1743 302 1832 360 lll):

206 372 271 417 Ea
305 378 468 415 lantum
501 372 790 426 matrimonia,
814 375 966 416 ceteris
998 386 1098 429 ergo
1132 372 1507 417 matrimonialibus
1539 373 1834 423 contractibus,

204 446 273 501 qui
309 446 397 486 iure
430 446 629 486 canonico
663 448 874 499 regantur,
908 443 1101 497 exclusis,
1125 443 1270 486 valida
1293 449 1406 497 sunt,
1429 448 1472 487 ut
1495 456 1721 487 consensus
1742 457 1835 487 cou-

207 513 343 570 iugale
370 513 580 557 vinculum
607 515 743 568 faciat,
777 527 884 571 quae
905 513 1232 568 contrahuntur,
1265 515 1314 558 ad
1341 515 1513 558 sormam
1548 514 1657 572 quod
1691 517 1835 557 attinet

206 587 319 628 iuxta
345 587 654 641 inscriptionem
678 586 838 641 capitis,
858 598 999 628 coram
1022 592 1062 642 a)
1083 584 1270 643 parocho
1302 588 1361 629 sic
1385 586 1495 629 dicto
1519 590 1686 642 propter
1708 587 1837 641 ipsius

206 656 387 699 officium
422 661 461 698 et
493 656 544 699 ad
580 668 766 699 normam
802 668 891 699 can.
929 655 1027 711 451,
1064 661 1106 699 ut
1138 657 1408 700 confirmatur
1441 669 1488 700 ac
1521 655 1754 713 explicatur
1785 670 1834 699 ex

210 725 567 770 Declarationibus
590 727 696 770 iufra
720 727 962 781 referendis,
986 726 1029 784 b)
1053 726 1116 770 vel
1148 726 1231 770 loci
1266 726 1515 781 Ordinario,
1549 727 1620 770 sed
1664 725 1835 770 verbum

212 797 379 841 «loci»
416 802 476 841 est
510 797 576 841 hic
611 799 802 853 positum,
839 802 882 840 ut
915 798 1158 854 designetur
1194 813 1217 839 «
1239 794 1488 842 Ordinarius
1510 813 1531 838 1>
1569 797 1838 854 accipiendus

207 868 257 912 ad
293 881 481 911 normam
516 881 605 912 can.
642 868 738 916 198,
772 866 801 925 ἓ
835 868 873 923 2,
908 867 947 925 c)
982 867 1045 911 vel
1077 867 1310 922 sacerdote,
1343 870 1501 911 ratione
1542 867 1838 925 presbyteralis

208 940 480 983 ordinationis
524 944 595 982 aut
642 941 766 983 etiam
802 939 1058 996 Episcopalis
1090 941 1427 996 consecrationis,
1461 938 1510 981 ab
1543 938 1752 982 alterutro
1785 951 1836 982 ex

208 1011 427 1054 antedictis
459 1009 652 1067 deleqato
684 1010 740 1065 (et
771 1012 829 1054 sic
854 1012 1102 1067 exprimitur
1124 1023 1204 1053 non
1231 1016 1398 1067 propter
1420 1010 1696 1054 exercendam
1722 1011 1839 1053 iuris-

208 1082 430 1126 dictionem
465 1094 589 1139 quam
624 1083 811 1138 recipiat,
844 1081 915 1125 sed
940 1081 993 1125 ob
1016 1086 1155 1125 actum
1188 1081 1323 1125 officio
1355 1083 1498 1124 stricte
1530 1081 1641 1133 dicto
1675 1080 1836 1124 adiudi-

209 1153 381 1209 catum),
415 1157 538 1210 atque
572 1165 679 1195 unus
711 1165 855 1195 eorum
891 1152 1142 1195 disiunctive
1174 1152 1337 1205 sufficit,
1363 1152 1433 1195 sed
1469 1151 1589 1194 simul
1625 1156 1665 1194 et
1697 1163 1836 1194 coram

209 1222 366 1266 duobus
398 1222 548 1265 sallem
583 1221 768 1279 testibus,
803 1223 911 1266 unde
946 1236 1052 1266 unus
1086 1228 1243 1266 tantum
1279 1236 1357 1265 non
1391 1222 1553 1272 sufficit,
1579 1235 1748 1265 necesse
1772 1234 1840 1265 au·

210 1299 290 1338 tem
327 1307 404 1337 non
440 1298 499 1337 est
531 1293 640 1352 quod
665 1296 746 1337 sint
768 1307 789 1337 a
817 1293 1003 1350 partibus
1026 1294 1243 1351 designati,
1268 1307 1344 1337 nec
1367 1293 1449 1337 duo
1483 1306 1555 1350 pro
1590 1304 1838 1350 unaquaque

210 1377 367 1408 carum.
403 1364 515 1408 Haec
549 1365 680 1407 forma
717 1367 754 1407 in
789 1370 891 1421 seq.⁸
922 1364 1151 1408 canonibus
1195 1366 1326 1421 magis
1368 1364 1684 1418 determinatur,
1719 1367 1839 1420 prout

212 1438 343 1479 innuit
390 1436 531 1479 addita
578 1435 786 1480 clausula:
820 1435 861 1493 a)
895 1435 1120 1479 secundum
1154 1441 1306 1488 tamen,
1339 1449 1387 1479 eo
1429 1435 1538 1492 quod
1582 1434 1836 1477 validitatem

210 1509 333 1551 etiam
367 1507 571 1565 quaedam
606 1509 823 1563 attingant,
856 1506 1028 1564 requlas
1061 1520 1284 1565 expressas
1318 1506 1517 1564 implicite
1540 1505 1685 1549 saltem
1709 1505 1753 1548 in
1777 1518 1840 1547 ca·

209 1578 387 1622 novibus
420 1578 492 1636 qui
513 1583 760 1635 sequuntur,
786 1580 904 1634 positi
927 1577 1004 1622 sub
1029 1577 1104 1622 hoc
1128 1580 1276 1634 capite,
1301 1590 1348 1621 ac
1374 1578 1615 1634 praesertim
1642 1578 1680 1619 in
1705 1575 1838 1619 tribus

211 1649 449 1693 immediate
484 1654 572 1705 post
606 1648 728 1703 hunc,
754 1648 796 1706 b)
821 1653 859 1692 ec
882 1648 1012 1692 salvis
1038 1649 1226 1706 pluribus
1247 1662 1371 1707 quam
1397 1649 1504 1692 duae
1527 1646 1840 1705 acceptionibus

210 1720 261 1764 de
293 1719 440 1778 quibus
473 1719 514 1762 in
548 1734 638 1762 ean.
662 1720 790 1763 1098
825 1719 1035 1763 relaxante
1070 1719 1298 1777 partialiter
1330 1719 1406 1763 boc
1440 1720 1741 1776 praescriptum
1768 1730 1840 1774 pro

209 1791 374 1836 casibus
407 1793 664 1835 necessitatis
719 1793 853 1835 forsan
896 1794 984 1835 sine
1028 1794 1172 1834 mortis
1219 1790 1418 1848 periculo,
1451 1794 1491 1834 et
1523 1791 1562 1832 in
1596 1803 1687 1832 can.
1721 1790 1841 1831 1099

209 1862 457 1906 excludente
500 1862 702 1920 quasdam
746 1865 820 1906 etsi
865 1862 1092 1919 baptizatas
1126 1875 1323 1920 personas
1355 1861 1407 1905 ab
1439 1862 1584 1905 eodem
1618 1860 1840 1904 servando.

327 1932 636 1977 Declarationes
668 1946 791 1990 supra
826 1933 1031 1977 indicatae
1063 1938 1158 1977 sunt
1191 1937 1409 1990 sequentes
1433 1932 1469 1976 ¹:
1499 1948 1521 1973 «
1547 1932 1582 1976 1.
1606 1931 1752 1976 Utrum
1781 1933 1838 1973 vi-

210 2007 347 2049 carius
379 2004 639 2057 substitutus,
673 2004 725 2048 de
757 2017 839 2062 quo
873 2006 912 2047 in
946 2017 1036 2048 can.
1073 2004 1172 2059 465,
1206 2007 1231 2058 g
1264 2004 1302 2059 4,
1338 2006 1464 2059 possit
1506 2008 1595 2060 post
1627 2000 1840 2047 Ordinarii

210 2075 551 2132 approbationem
588 2074 697 2118 licite
730 2080 770 2118 et
804 2074 941 2119 valide
974 2077 1167 2119 assistere
1200 2077 1490 2129 matrimoniis,
1522 2076 1554 2117 si
1589 2073 1701 2117 nulla
1735 2073 1840 2115 limi-

211 2149 309 2190 tatio
342 2148 529 2202 apposita
563 2147 697 2190 tuerit.
733 2147 771 2189 ⁵2.
805 2145 951 2190 Utrum
997 2146 1105 2189 idem
1143 2148 1324 2190 vicarius
1356 2146 1395 2189 id
1431 2147 1557 2202 possit
1589 2146 1711 2188 etiam
1746 2148 1840 2187 ante

210 2215 423 2262 Ordinarii
456 2216 810 2273 approbationem.
847 2216 885 2260 3.
919 2216 1065 2261 Utrum
1100 2217 1207 2260 idem
1246 2218 1427 2260 vicarius
1461 2215 1629 2272 parochi
1660 2214 1839 2271 religiosi

211 2288 251 2331 id
284 2290 411 2345 possit
445 2292 533 2344 post
565 2287 909 2344 approbationem
933 2286 1160 2339 Ordinarii,
1184 2288 1253 2331 sed
1279 2292 1374 2331 ante
1401 2286 1741 2344 approbationem
1766 2285 1839 2328 Su-

211 2361 386 2416 perioris
419 2358 616 2414 religiosi.
650 2358 689 2401 4.
723 2358 868 2403 Utrum
906 2361 1099 2413 vicarius,
1134 2371 1205 2401 seu
1239 2357 1435 2401 sacerdos
1457 2356 1664 2413 supplens,
1685 2356 1735 2398 de
1758 2368 1840 2413 quo

211 2432 250 2472 in
284 2431 352 2473 cit.
388 2442 477 2474 can.
513 2429 611 2481 465,
644 2431 668 2483 g
703 2430 740 2484 5,
776 2429 815 2472 id
851 2431 976 2486 possit
1018 2434 1112 2472 ante
1150 2428 1490 2485 approbationem
1525 2424 1750 2472 Ordinarii.
1784 2450 1841 2457 --

211 2500 331 2556 Resp.
367 2500 430 2543 Ad
456 2499 483 2542 l.
506 2499 782 2545 Affirmative.
808 2500 870 2543 Ad
896 2500 940 2543 ll.
965 2500 1181 2557 Negative.
1207 2499 1268 2543 Ad
1293 2499 1358 2542 ΙΙΙ.
1384 2499 1658 2542 Affirmative.
1683 2496 1746 2540 Ad
1772 2495 1839 2539 lV.

210 2571 484 2625 Affirmative,
517 2572 789 2628 quoadusque
821 2568 1084 2626 Ordinarius,
1118 2573 1184 2614 cui
1226 2570 1457 2626 significata
1503 2569 1577 2612 tuit
1610 2569 1839 2624 designatio

209 2641 439 2685 sacerdotis
469 2641 711 2698 supplentis.
747 2641 866 2685 aliter
900 2655 977 2684 non
1012 2643 1263 2685 statuerit».

211 2795 306 2829 ἺΝ
329 2748 597 2831 15ξξῐηωὶεείο
626 2748 740 2783 Pont.
771 2751 819 2783 ad
845 2760 894 2784 ss.
921 2760 1005 2784 can.
1031 2748 1143 2783 auth.
1173 2748 1380 2792 interpret.
1409 2747 1455 2781 V.
1478 2747 1522 2780 14
1540 2746 1614 2798 [ut.
1636 2745 1738 2779 1922.
1761 2744 1837 2780 CO.

211 2815 230 2830 A
313 2822 320 2839 7
424 2823 430 2829 .

1956 2471 1971 2566 ,ἓ
