1971 3261
1776 10 1784 28 ἱ

185 156 230 189 38
584 152 666 186 Lm.
696 152 765 185 ΙΙΙ.
795 171 807 176 -
835 151 944 184 PARS
969 150 1000 184 I.
1029 170 1040 175 -
1068 150 1124 184 De
1150 149 1415 184 Saea-amentis
1535 149 1628 185 Can.
1657 150 1812 199 7477748

185 279 278 330 pos(
311 279 444 313 orletm
472 273 591 312 xixus
613 269 757 312 saltem
783 268 921 322 dubie,
946 267 1081 309 denuo
1110 266 1182 309 sub
1206 265 1445 310 consistione
1467 266 1677 325 baptizari
1697 268 1813 312 debet

188 357 235 385 ex
274 343 401 397 logica
436 341 728 396 consequentia
761 337 818 395 ἐξ
854 337 1207 394 praecedentium.

305 411 361 454 De
397 413 524 453 l'ornia
559 410 838 452 conditionata
864 411 900 450 in
928 407 1133 463 baptismo
1157 407 1294 450 denuo
1317 408 1568 451 conferendo
1587 408 1706 453 Alex.
1730 409 1779 452 lll
1799 411 1810 431 ¹

188 483 327 525 docet:
369 497 387 521 <t
415 480 469 523 De
504 479 653 536 ‹piibus
686 479 857 522 dubium
893 483 952 521 est
986 490 1034 520 an
1072 476 1262 534 baptizati
1298 478 1451 521 fuerint
1468 478 1813 536 (intelligendum,

189 557 238 596 dc
270 555 373 595 lucto
408 556 474 594 aut
523 550 675 606 valide)
712 549 967 605 baptizantur
1018 548 1080 591 bis
1130 548 1268 592 verbis
1318 551 1577 604 praemissis:
1611 549 1650 593 Si
1683 549 1813 607 bapti-

189 627 299 665 zatus
343 634 396 672 es,
434 634 510 663 non
558 625 595 662 te
640 619 825 675 baptizo:
874 618 945 661 sed
994 620 1026 661 si
1076 618 1257 662 nondum
1311 618 1537 675 baptizatus
1579 632 1635 674 eS‚
1668 633 1744 676 ego
1778 625 1815 674 te

190 691 359 747 baptizo,
396 694 472 733 etc.
497 705 535 733 ».
569 689 646 732 Sed
682 693 803 744 caput
839 688 945 731 istud
983 688 1341 744 interpretandum
1375 693 1435 732 est
1470 692 1583 732 iuxta
1617 691 1814 734 maiorem

190 761 504 817 explicationem
541 759 617 802 Rit.
652 758 827 801 R0m.2:
867 757 1012 802 «Cum
1049 758 1298 815 baptismum
1344 761 1494 803 iterare
1538 759 1649 803 nullo
1693 760 1815 804 modo

191 832 322 881 liceat.
342 833 373 873 si
398 832 489 887 quis
521 829 597 872 sub
631 829 867 872 conditione
899 831 951 872 sit
984 828 1267 886 baptizandus,
1293 842 1340 873 ea
1365 830 1547 874 conditio
1571 830 1817 887 explicanda

190 906 247 944 est
283 901 356 943 lioc
392 900 535 943 modo:
569 901 607 942 Si
633 912 711 942 non
746 913 789 942 es
823 898 1066 955 baptizatus,
1089 913 1166 956 ego
1191 904 1228 942 te
1252 899 1414 956 baptizo
1439 902 1477 943 in
1501 903 1668 944 nomine
1688 901 1818 945 Patris

190 977 225 1014 et
263 970 348 1013 Filii
383 975 420 1013 et
454 971 630 1026 Spiritus
662 969 812 1013 Sancti.
838 969 927 1013 Hac
951 975 1087 1013 tamen
1114 969 1379 1014 conditionali
1405 971 1535 1014 forma
1562 985 1639 1015 non
1665 975 1814 1029 passim

188 1046 256 1085 aut
282 1040 427 1083 lexiter
453 1042 507 1083 uti
533 1040 641 1094 ticet,
664 1040 736 1083 sed
764 1039 1011 1096 prudenter:
1047 1045 1084 1083 et
1120 1039 1187 1083 ubi
1215 1053 1257 1083 re
1280 1039 1502 1097 diligenter
1525 1044 1816 1099 pervestigata,

191 1111 413 1168 probabilis
446 1110 586 1154 subest
608 1110 825 1165 dubitatio,
847 1112 1041 1154 infantem
1069 1124 1147 1154 non
1172 1112 1295 1154 tuisse
1320 1110 1568 1168 baptizatum
1594 1128 1633 1156 ».
1658 1112 1700 1156 ld
1733 1118 1815 1157 est:

190 1183 332 1226 saltem
368 1195 444 1224 non
483 1181 631 1225 valide.
665 1181 782 1237 Quae
820 1198 842 1223 «
869 1184 949 1224 vim
975 1195 1090 1225 suam
1118 1185 1294 1225 retinent
1317 1198 1337 1223 2)
1366 1183 1415 1226 ad
1442 1195 1629 1226 normam
1664 1196 1754 1227 can.
1780 1184 1818 1227 Ξ.

309 1253 375 1294 31.
411 1253 482 1298 De
515 1254 833 1309 baptizandis
863 1254 1048 1299 fetibus
1079 1255 1336 1299 abortivis.
1360 1279 1384 1284 -
1407 1252 1532 1297 Conc.
1565 1253 1706 1298 Trid.3
1739 1256 1817 1298 ait:

196 1340 215 1363 α
240 1324 277 1367 Si
303 1325 394 1380 quis
414 1322 609 1379 parvulos
627 1328 815 1366 recentes
832 1322 884 1366 ab
903 1326 1031 1366 uteris
1051 1328 1227 1366 matrum
1254 1323 1521 1380 baptizandos
1539 1329 1674 1381 negat,
1694 1327 1816 1372 etiam

191 1397 221 1437 si
257 1396 404 1437 tuerint
429 1406 450 1437 a
478 1393 689 1450 baptizatis
722 1393 962 1450 parentibus
994 1396 1116 1438 orti...
1140 1394 1359 1438 anatliema
1389 1397 1440 1438 sit
1464 1411 1502 1436 ».
1526 1395 1643 1439 Unde
1667 1397 1820 1452 optime

191 1467 328 1508 statuit
379 1479 470 1507 can.
505 1467 609 1507 747.
649 1463 891 1507 Curandum
934 1463 1103 1508 cuilibet
1148 1465 1258 1509 fideli
1305 1479 1377 1522 pro
1421 1467 1744 1509 circumstantiis
1777 1472 1821 1509 ut

191 1549 329 1578 omnes
364 1536 476 1591 fetus
509 1534 702 1585 abortivi,
736 1537 806 1593 qui
841 1548 989 1592 nempe
1035 1535 1278 1592 prodierunt
1309 1541 1404 1579 ante
1438 1549 1590 1580 nonum
1637 1550 1819 1580 mensem

192 1608 485 1662 conceptionis,
524 1605 584 1648 vel
621 1608 743 1649 etiarn
778 1608 1015 1662 septimum,
1045 1611 1084 1649 et
1116 1618 1380 1664 quacumque
1414 1607 1465 1650 de
1498 1620 1621 1651 causa
1657 1610 1822 1651 eveniat

192 1676 371 1730 abortus,
398 1676 592 1733 nullaque
617 1679 722 1719 inter
747 1676 837 1719 illos
860 1676 1136 1732 distinctione,
1161 1679 1350 1734 sequitur
1382 1680 1515 1721 enim:
1550 1678 1694 1735 quovis
1723 1683 1818 1721 tem.-

189 1760 291 1804 pore
323 1746 440 1795 editi,
474 1747 514 1803 a)
549 1747 586 1789 si
624 1752 734 1790 cerlo
781 1747 935 1802 rivam,
964 1748 1072 1805 quod
1108 1752 1168 1791 est
1201 1761 1251 1791 ex
1294 1752 1421 1803 motu,
1455 1748 1605 1799 colore,
1639 1753 1716 1792 etc.
1751 1749 1820 1792 de-

194 1817 547 1874 prehendendum,
582 1817 848 1875 baptizentur
879 1817 1079 1870 absolute,
1116 1818 1156 1872 b)
1187 1818 1225 1861 si
1257 1818 1379 1862 dubie
1420 1821 1499 1863 vita
1543 1819 1682 1863 donati
1725 1822 1817 1874 sint⁷

191 1888 262 1930 sul)
296 1887 533 1931 conditione
565 1889 771 1932 tribuatur
804 1891 863 1932 eis
898 1888 1138 1945 baptismus.
1163 1889 1416 1933 Consultatio
1440 1903 1539 1946 ergo
1563 1890 1820 1933 medicorum

191 1965 227 2001 et
264 1958 548 2015 theologorum
584 1961 832 2015 supponitur
863 1960 968 2003 facta
993 1973 1087 2003 cum
1111 1959 1293 2016 generali
1320 1960 1600 2012 conclusione,
1619 1973 1725 2018 quae
1750 1975 1821 2017 pro

192 2028 354 2071 casibus
391 2028 710 2084 particularibus
745 2029 932 2072 facienda
966 2028 1184 2073 dicebatur
1218 2032 1255 2072 in
1293 2043 1394 2073 resc.
1428 2031 1467 2074 S.
1500 2029 1542 2074 C.
1573 2030 1612 2074 S.
1636 2028 1773 2075 Officii
1794 2032 1823 2072 ⁴.

311 2099 378 2142 232.
414 2101 485 2145 De
509 2101 824 2156 baptizandis
851 2102 1082 2147 monstris
1105 2104 1154 2146 et
1176 2103 1399 2147 ostentis.
1419 2124 1442 2132 -
1467 2100 1687 2145 Culum&
1708 2101 1823 2143 Mon-

191 2176 295 2217 stra,
328 2170 485 2213 scilicet
520 2175 660 2226 partus
696 2171 881 2214 mulieris
916 2170 1090 2214 multum
1120 2171 1313 2214 diversus
1336 2170 1388 2215 ab
1411 2173 1607 2214 exteriori
1642 2171 1821 2214 bumana

195 2242 336 2286 torma.
377 2240 436 2283 x‘el
473 2243 577 2283 sicut
612 2243 667 2284 ait
701 2240 779 2284 Rit.
814 2241 932 2285 Rom.
967 2241 1061 2299 (loc.
1096 2243 1179 2295 cit„
1214 2254 1250 2284 n.
1288 2241 1360 2298 19)
1399 2242 1552 2298 «quod
1596 2241 1822 2285 humanam

191 2313 371 2366 speciem
398 2324 473 2353 non
503 2312 753 2367 praeseferat
778 2328 797 2352 »
827 2318 865 2354 el
894 2317 1072 2366 ostenta,
1101 2311 1315 2356 videlicet:
1352 2312 1536 2355 eiusdem
1564 2317 1704 2368 partus
1727 2325 1822 2355 cum

194 2382 389 2424 membris
435 2382 653 2437 ampliatis,
694 2383 755 2425 rel
803 2383 1018 2426 diminutis
1061 2387 1130 2426 aut
1170 2382 1469 2439 multiplicatis,
1500 2383 1571 2426 sed
1606 2385 1824 2426 exterioris

310 2513 317 2532 ¹
348 2511 386 2545 C.
417 2513 447 2551 2,.
478 2513 541 2546 tit.
574 2512 697 2555 XLH,
728 2512 796 2545 lib.
828 2512 900 2546 111.
933 2512 1210 2546 Decretalium.
1230 2533 1273 2537 ——-
1292 2514 1305 2534 ’ν’
1325 2512 1365 2546 C.
1388 2512 1418 2549 I.
1440 2524 1478 2546 n.
1500 2513 1532 2545 9.
1558 2533 1599 2537 -
1617 2513 1631 2534 3
1651 2512 1751 2547 Sess.
1774 2513 1821 2555 V,

190 2569 273 2591 can.
301 2560 334 2591 4.

308 2608 319 2626 ⁴
347 2607 366 2638 ὃ
395 2606 486 2650 Apr.
521 2607 623 2647 1713,
652 2607 818 2641 Collect.
847 2607 892 2642 de
921 2608 1034 2652 Prop.
1062 2608 1119 2647 F..
1139 2620 1177 2641 n.
1207 2608 1288 2642 554.
1323 2623 1336 2637 ‹
1356 2608 1402 2641 In
1429 2608 1584 2642 casibus
1610 2609 1825 2653 propositis

191 2653 342 2696 (nempe
363 2652 407 2686 de
428 2653 620 2697 baptismo
653 2655 758 2688 fetus
792 2655 979 2700 abortivi)
997 2656 1029 2689 si
1049 2660 1236 2700 suppetat
1261 2655 1496 2689 rationabile
1522 2655 1823 2689 fundamentum

190 2698 398 2732 dubitandi
438 2712 485 2733 an
529 2702 633 2735 fetus
667 2702 733 2735 ille
770 2703 823 2735 sit
857 2703 1058 2737 animatus
1093 2702 1225 2736 anima
1258 2702 1459 2739 rationali.
1490 2709 1587 2736 tunc
1620 2708 1750 2747 potest
1785 2708 1825 2736 et

193 2745 304 2779 debet
334 2746 523 2790 baptizari
552 2749 623 2782 sub
651 2749 900 2789 conditione;
929 2750 961 2783 si
990 2760 1082 2784 vero
1109 2761 1187 2783 non
1215 2754 1401 2794 suppetat
1426 2750 1662 2784 rationabile
1688 2749 1825 2783 funda-

191 2799 367 2826 mentum
396 2795 624 2829 nullatenus
651 2801 782 2840 potest
809 2796 1015 2841 baptizari.
1044 2796 1105 2830 Ad
1132 2796 1347 2831 videndum
1382 2803 1516 2831 autem
1542 2809 1591 2831 an
1619 2798 1672 2831 sit
1706 2796 1824 2830 ratio·

193 2839 323 2872 nabile
350 2841 650 2876 tundamentum
677 2843 770 2877 talis
797 2843 921 2883 dubii,
951 2843 1183 2878 consulendi
1211 2848 1303 2877 sunt
1335 2843 1476 2878 medici
1503 2849 1541 2878 et
1569 2844 1746 2888 theologi
1785 2843 1824 2876 in

195 2886 286 2919 tacti
316 2888 592 2931 contingentia
617 2890 700 2924 sive
729 2891 768 2924 in
796 2890 952 2924 casibus
979 2890 1286 2935 particularibus
1305 2907 1337 2923 ».
