1971 3261
91 165 184 202 Can.
209 165 280 199 979
664 162 745 196 Tl'r.
773 163 838 197 VI.
865 183 875 188 -
906 163 960 198 De
991 164 1133 198 Ordine
1643 163 1712 197 403

85 293 169 318 rem.
196 281 230 316 Si
256 286 380 325 agatur
403 280 446 316 de
473 279 640 315 beneficio
665 279 879 315 residentiali
908 280 1077 315 absdubio
1105 281 1263 316 beneficii
1294 281 1387 316 locus
1416 280 1501 325 regit
1530 281 1619 316 banc
1646 281 1718 316 sut-

87 339 289 378 ficientiam,
311 343 347 374 ut
373 342 507 373 constat
533 348 571 372 ex
600 337 723 373 declar.
755 336 788 371 S.
817 336 945 380 Congr.
975 336 1078 373 Conc.
1107 338 1141 372 in
1171 338 1339 373 Romana.
1379 337 1522 373 Demum
1560 347 1627 373 non
1648 339 1716 373 sut-

87 398 156 434 ficit
183 398 235 433 ius
263 397 436 443 possidere
461 397 503 432 ad
532 395 740 432 beneficium
772 407 802 429 v.
832 407 883 437 gr.
921 407 959 430 ex
997 397 1130 441 patroni
1169 397 1459 442 praesentatione,
1494 407 1555 431 nec
1591 397 1643 432 ius
1678 398 1712 431 in

86 456 254 492 beneficio
281 460 533 501 consequutum
561 465 637 490 esse
665 459 805 500 propter
835 454 1088 489 institutionem
1117 462 1173 490 aut
1203 456 1437 491 collationem.
1468 456 1526 491 sed
1553 467 1639 502 opus
1664 461 1712 491 est

86 521 123 551 ut
151 515 303 561 praefato
330 514 394 549 iuri
421 514 561 549 accedat
590 513 759 549 immissio
786 513 819 547 in
852 513 1007 548 beneficii
1039 515 1301 559 possessionem,
1336 520 1367 549 et
1396 516 1484 550 hanc
1511 526 1584 550 esse
1610 517 1712 550 talem

85 579 123 610 ut
149 584 252 609 nemo
276 575 350 608 iure
376 572 601 608 contradicat.
986 576 989 578 '

206 631 427 677 Prosequitur
451 635 567 666 autem
596 631 631 665 S.
661 630 841 677 Synotlus:
874 644 887 662 (ι
909 630 942 665 ld
972 642 1049 665 vero
1078 631 1283 666 beneficium
1321 632 1497 677 resignare
1533 643 1600 667 uon
1638 644 1713 679 pos·

85 692 141 734 sit,
171 691 236 726 nisi
267 691 354 726 facta
382 690 572 731 mentione,
602 690 691 736 quod
720 690 762 725 ad
793 689 884 724 illius
912 689 1069 725 beneficii
1100 690 1237 724 titulum
1267 692 1308 725 sit
1331 696 1515 737 promotus,
1546 702 1656 737 neque
1674 703 1712 727 ca

85 752 273 796 resignatio
297 750 515 790 admittatur,
541 749 609 783 nisi
638 749 796 788 constito,
825 749 947 790 (idestz
974 754 1066 783 certo
1092 749 1133 783 sit
1164 754 1296 786 notum.
1327 751 1487 794 quamvis
1526 761 1592 784 non
1621 751 1712 786 dica-

85 816 141 846 tur
171 811 225 846 bic
252 810 418 854 legitime)
445 808 534 854 quod
562 808 704 844 aliunde
730 808 844 843 vivere
870 807 1050 843 commode
1079 808 1197 853 possit,
1226 813 1256 842 et
1283 809 1383 843 aliter
1412 809 1499 843 facta
1527 810 1713 853 resignatio

87 869 183 906 nulla
208 869 263 904 sit.
295 868 331 904 Et
371 869 461 904 hanc
499 867 604 903 Cone.
635 867 729 902 Trid.
759 867 1023 913 dispositionem
1065 881 1079 898 «
1101 878 1140 902 ex
1179 868 1311 911 integro
1347 870 1447 903 retcrt
1470 885 1483 898 ι»
1521 880 1597 903 can.
1636 867 1711 903 18:¹5.

90 929 209 965 Verbis
237 928 420 975 praedictis
448 928 620 974 provisum
648 932 697 962 est
726 927 944 973 perpetuitati
983 927 1096 971 quoad
1126 927 1217 961 hunc
1245 927 1475 962 ordinationis
1503 928 1654 968 titulum,
1681 933 1711 963 et

85 988 167 1023 inde
192 992 281 1022 recte
307 986 484 1022 deducunt
513 985 671 1021 Doctores
698 985 792 1020 iuxta
819 989 970 1020 mentem
1001 984 1156 1027 l'atrum,
1195 984 1402 1019 beneficium
1439 985 1625 1020 amoxibile
1654 990 1713 1020 aut

85 1052 348 1093 temporaneum
376 1056 447 1081 non
473 1045 646 1080 deservire
671 1045 713 1080 ad
741 1044 1024 1079 constituendum
1052 1044 1207 1081 titulum,
1231 1044 1295 1077 nisi
1324 1044 1475 1088 legitime
1497 1044 1714 1089 provideatur

85 1107 239 1142 eiusdem
269 1110 452 1151 perpetuae
479 1104 684 1150 possessioni
714 1103 748 1138 in
776 1103 972 1138 ordinando
1001 1114 1031 1136 v.
1061 1114 1110 1147 gr.
1149 1114 1206 1148 per
1242 1103 1431 1147 legitimam
1467 1103 1711 1147 obligationem

87 1176 156 1201 non
183 1164 367 1200 amovendi
395 1174 473 1199 cum
501 1174 521 1198 a
549 1162 727 1203 beneficio,
756 1163 958 1209 priusquam
985 1162 1029 1196 sit
1054 1161 1154 1197 aliter
1183 1162 1350 1207 provisus.

209 1260 501 1302 Patrimonium
536 1263 629 1301 sunt
670 1258 816 1301 «bona
854 1259 1020 1314 propria
1054 1257 1210 1310 cleriei,
1236 1257 1344 1299 unde
1378 1248 1591 1299 ordinatus
1624 1270 1716 1300 con-

87 1345 189 1388 grue
231 1329 461 1373 subsidium
512 1331 619 1372 vitae
663 1328 816 1372 habere
861 1331 1030 1384 possit»
1060 1328 1086 1370 ¹.
1134 1327 1245 1372 Haec
1291 1328 1393 1371 bona
1439 1327 1588 1371 debent
1627 1342 1715 1371 esse

88 1400 313 1444 immobilia
363 1399 424 1443 vel
470 1400 530 1443 eis
572 1402 841 1456 aequiparata
880 1403 919 1442 et
957 1399 1123 1456 quidem
1170 1400 1383 1455 frugifera,
1418 1403 1540 1456 atque
1578 1401 1713 1442 existit

89 1471 319 1515 Declaratio
352 1470 390 1514 S.
413 1468 457 1514 C.
481 1468 523 1513 C.
545 1469 582 1510 2;
622 1485 652 1512 (ι
666 1467 950 1513 Communitas
987 1470 1024 1511 S.
1049 1469 1211 1525 Angeli,
1243 1471 1481 1526 Sipontinae
1515 1469 1716 1512 dioecesis

87 1543 270 1597 exponit,
304 1554 376 1597 per
408 1538 676 1585 Ordinarium
713 1540 873 1583 admitti
908 1540 957 1583 ad
993 1553 1045 1585 ss.
1075 1537 1256 1583 Ordines
1288 1539 1474 1589 clericos,
1509 1542 1714 1596 assignato

89 1614 335 1670 patrimonio
370 1614 408 1654 in
445 1611 561 1655 bonis
586 1610 819 1657 mobilibus,
845 1615 883 1653 et
905 1624 948 1653 se
973 1610 1258 1655 moventibus:
1295 1615 1331 1654 et
1357 1624 1451 1653 cnm
1478 1611 1551 1653 lio<-
1576 1611 1715 1653 tendat

88 1687 126 1727 in
161 1696 291 1740 grave
324 1683 520 1726 damnum
556 1683 740 1726 eiusdem
777 1681 1106 1738 Communitatis,
1140 1683 1237 1725 dum
1274 1682 1517 1725 fraudantur
1551 1684 1715 1738 imposi-

87 1757 233 1802 tiones,
267 1758 307 1797 et
338 1753 415 1797 alia
451 1766 574 1796 onera
610 1752 941 1805 Communitatis,
976 1752 1127 1810 quibus
1169 1753 1362 1796 animalia
1397 1758 1488 1795 sunt
1524 1752 1716 1805 obnoxia,

88 1831 126 1869 et
159 1825 301 1869 credat
333 1838 423 1869 esse
456 1830 599 1868 contra
633 1827 854 1868 canonicas
886 1824 1190 1881 dispositiones,
1224 1824 1272 1867 ad
1308 1824 1511 1867 tollendas
1554 1829 1714 1867 contro—

91 1898 258 1950 versias,
292 1896 466 1952 supplex
512 1898 636 1939 instat
677 1895 897 1949 declarari,
931 1908 980 1939 an
1017 1897 1143 1952 possit
1177 1895 1470 1938 Patrimonium
1515 1897 1714 1951 assignari

87 1980 211 2024 super
245 1966 368 2010 rebus
402 1966 640 2021 mobilibus,
674 1971 714 2010 et
746 1967 868 2010 dietis
910 1966 1170 2010 animalibus.
1206 1967 1345 2014 Sacra,
1380 1970 1456 2009 etc.
1493 1965 1719 2021 respondit,

89 2038 344 2094 negative».
379 2062 435 2067 —
470 2037 613 2080 Pensio
648 2041 708 2080 est
745 2049 938 2080 «census
970 2036 1139 2094 quidam
1175 2041 1243 2079 aut
1278 2038 1495 2092 impositus
1540 2038 1614 2078 rite
1649 2035 1716 2078 be-

88 2109 223 2152 neticii
259 2107 462 2152 fructibus
496 2107 559 2151 vel
596 2107 686 2151 aliis
730 2107 846 2152 bonis
888 2107 1195 2161 ecclesiasticis,
1228 2111 1295 2149 aut
1332 2106 1602 2163 praestandus
1646 2119 1718 2163 per

88 2179 410 2223 ecclesiasticam
445 2179 650 2222 laicamve
686 2191 902 2236 personam
937 2192 1007 2222 seu
1043 2180 1398 2228 communitatem,
1425 2180 1461 2219 in
1487 2177 1626 2220 cleriei
1650 2190 1716 2220 su-

87 2252 377 2293 stentationem
412 2256 525 2293 certo
559 2249 805 2293 tribuendus
836 2254 929 2306 post
962 2252 1051 2292 eius
1084 2249 1386 2292 ordinationem
1424 2250 1461 2290 in
1496 2250 1625 2291 saeris
1650 2265 1686 2288 ».

208 2355 254 2392 De
279 2360 425 2402 utroque
451 2356 605 2402 loquitur
632 2354 737 2392 Cone.
756 2355 851 2391 Trid.
875 2356 955 2400 (loc.
972 2356 1048 2400 cit.)
1067 2355 1206 2401 quando
1233 2355 1297 2389 ait:
1330 2370 1343 2385 α
1366 2354 1618 2391 Patrimonium
1640 2365 1718 2389 vero

89 2414 371 2480 vel‘pensionem
397 2414 599 2450 obtinentes
625 2415 779 2450 ordinari
809 2415 954 2462 posthac
981 2426 1050 2451 non
1080 2415 1224 2460 possint,
1254 2413 1319 2447 nisi
1348 2412 1412 2455 itti,
1429 2424 1514 2458 quos
1535 2412 1721 2459 Episcopus

88 2473 294 2509 iudicaverit
318 2474 549 2509 assumendos
578 2485 638 2520 pro
665 2473 873 2510 necessitate
898 2474 949 2509 vel
979 2472 1223 2508 commoditate
1248 2471 1472 2507 ecclesiarum
1501 2482 1657 2513 suarum,
1674 2472 1721 2515 (et

87 2532 138 2568 sic
163 2537 247 2568 sunt
273 2532 365 2567 tituli
394 2532 613 2574 subsidiarii,
642 2533 738 2568 iuxta
765 2533 892 2579 dicta);
918 2543 958 2568 eo
986 2542 1121 2577 quoque
1149 2531 1244 2577 prius
1272 2530 1604 2576 perspecto,(idest:
1633 2534 1723 2565 certe

88 2591 255 2636 cognito),
285 2591 536 2637 patrimonium
570 2592 657 2628 illud
700 2592 751 2628 vel
793 2592 996 2638 pensionem
1026 2591 1054 2625 1Ο
1080 2601 1157 2625 vere
1182 2590 1226 2625 ab
1252 2589 1302 2625 eis
1328 2589 1492 2631 obtineri,
1517 2589 1627 2627 (unde
1653 2599 1721 2623 non

88 2650 214 2686 sufficit
241 2650 424 2697 promissio
451 2650 503 2686 vel
525 2661 604 2697 spes
631 2651 795 2697 quamvis
834 2656 960 2691 certae,
986 2661 1023 2685 ac
1052 2649 1163 2684 multo
1190 2649 1308 2684 minus
1334 2659 1575 2694 quaecumque
1603 2648 1722 2690 fictio),

88 2719 127 2744 ac
145 2708 188 2744 11ο
205 2709 359 2755 taliaque
384 2720 470 2751 esse,
485 2720 574 2756 quae
599 2710 650 2746 eis
675 2711 718 2746 ad
745 2711 857 2746 vitam
884 2710 969 2745 satis
996 2709 1067 2742 sint
1086 2708 1141 2750 (do
1168 2718 1236 2753 qna
1261 2707 1471 2742 sufficientia
1500 2706 1615 2741 valent
1633 2706 1724 2741 dicta

88 2767 130 2804 de
150 2767 308 2803 beneficii
330 2767 467 2804 titulol:
488 2773 593 2815 atque
613 2769 671 2804 illa
686 2769 852 2815 deinceps
871 2769 947 2803 sine
967 2767 1105 2802 licentia
1121 2766 1279 2813 Episcopi
1302 2766 1461 2804 alienari,
1477 2770 1537 2800 aut
1551 2765 1720 2810 extingui,

207 2910 221 2932 ¹
248 2908 364 2955 Capp.
393 2911 416 2944 4
441 2915 481 2944 et
507 2911 553 2945 23
579 2910 625 2944 de
652 2909 935 2944 praebendis...
966 2909 1031 2942 tit.
1061 2908 1094 2944 6,
1125 2907 1210 2941 Lib.
1239 2908 1269 2942 Ι.
1303 2929 1344 2932 -
1372 2908 1385 2929 '2
1411 2908 1456 2941 29
1483 2908 1582 2942 Nov.
1613 2907 1716 2960 1670.
