1971 3261
145 147 232 182 Can.
263 146 329 181 753
706 146 790 180 TIT.
820 146 847 180 I.
877 167 888 171 -
916 146 972 181 De
1002 148 1204 191 Baptismo
1731 149 1775 182 45

141 266 238 309 dum
273 269 593 319 convertuntur,
627 267 664 307 in
700 277 781 322 qua
815 265 867 308 de
903 264 1106 321 baptismo
1140 268 1199 309 eis
1231 266 1368 309 dando
1405 267 1466 309 vel
1505 280 1582 310 non
1617 273 1655 311 et
1694 281 1774 324 quo

143 336 277 387 modo,
311 340 498 379 cavetur.

263 423 283 447 «
310 407 349 449 ln
384 409 660 450 conversione
694 406 1001 451 haereticorum
1039 408 1330 464 inquirendum
1365 414 1438 452 est.
1480 410 1512 452 l.
1546 410 1598 453 de
1636 410 1777 454 validi-

140 482 221 520 tate
256 477 447 533 baptismi
484 479 521 519 iu
559 477 717 521 haeresi
753 480 950 534 suscepti.
987 477 1173 521 lnstituto
1208 481 1334 535 igitur
1357 479 1543 536 diligenti
1569 484 1775 535 examine,

137 551 169 592 si
203 553 462 604 compertum
491 549 616 591 fuerit
650 553 720 591 aut
755 548 913 592 nullum
949 553 1019 592 aut
1052 548 1221 593 nulliter
1253 550 1448 594 collatum
1484 553 1623 605 fuisse,
1650 552 1776 609 bapti-

139 619 255 662 zandi
291 624 412 662 erunt
444 618 646 662 absolute.
681 620 721 662 Si
757 625 893 663 autem
932 621 1252 675 investigatione
1288 627 1469 678 peracta,
1503 623 1640 666 adhuc
1683 637 1774 680 pro—

139 689 274 734 babile
308 689 480 733 dubium
516 689 567 733 de
603 689 815 734 validitate
853 690 1042 748 baptismi
1078 695 1271 748 supersit,
1301 698 1398 737 tunc
1430 693 1507 737 sub
1536 695 1774 739 conditione

139 763 323 805 iteratur.
362 760 536 804 Demum
571 764 603 804 si
638 764 870 806 constiterit
907 763 1089 807 validum
1127 765 1266 819 fuisse,
1291 765 1518 821 recipiendi
1543 771 1664 809 erunt
1688 771 1772 810 tan-

139 831 353 874 tummodo
388 831 437 874 ad
473 830 777 875 abiurationein
813 846 884 876 seu
922 835 1216 890 professionem
1253 835 1362 878 fidei.
1397 835 1561 892 Triplex
1591 839 1773 893 igiturin

137 902 409 946 conciliandis
443 901 668 946 haereticis
702 903 973 960 distinguitur
1006 906 1256 962 procedendi
1293 906 1536 950 methodus:

256 973 293 1015 1.
328 973 368 1017 Si
406 972 635 1029 baptismus
670 973 858 1018 absolute
891 977 1144 1030 conferatur,
1181 976 1289 1020 nulla
1326 978 1774 1035 requiriturabiuratio

140 1044 202 1088 vel
236 1044 456 1099 absolutio,
491 1057 539 1087 eo
562 1045 671 1102 quod
700 1048 837 1089 omnia
864 1047 993 1090 abluit
1016 1047 1330 1091 Sacramentum
1358 1052 1701 1105 regenerationis,

258 1115 294 1157 2.
329 1117 367 1157 Si
406 1115 636 1171 baptismus
667 1118 717 1159 sit
751 1115 828 1160 sub
863 1118 1099 1162 conditione
1135 1119 1359 1173 iterandus,
1397 1119 1473 1163 boc
1507 1121 1654 1164 ordine
1683 1135 1773 1177 pro-

138 1186 370 1230 cedendum
408 1189 515 1228 erit:

254 1254 297 1312 (ι)
331 1254 538 1298 abiuratio
584 1269 657 1298 seu
704 1258 902 1312 professio
936 1258 1060 1311 fidei3
1096 1258 1135 1316 b)
1172 1259 1399 1316 baptismus
1439 1262 1773 1314 conditionatus3

136 1326 173 1382 e)
204 1326 405 1369 confessio
438 1326 756 1370 sacramentalis
796 1341 890 1371 cum
932 1329 1191 1373 absolutione
1231 1331 1575 1376 conditionata».
1617 1333 1674 1377 De
1714 1334 1776 1377 his

135 1395 298 1440 duobus
341 1398 527 1439 numeris
573 1396 671 1440 utile
704 1400 809 1441 scitu
844 1403 906 1442 est
938 1399 1034 1444 Dec.
1070 1402 1109 1444 S.
1145 1401 1187 1445 C.
1223 1401 1260 1444 S.
1296 1399 1433 1446 Otiicii
1470 1403 1493 1446 2
1529 1403 1624 1447 Dec.
1663 1404 1773 1447 1874

135 1465 438 1524 Grass-Vauey,
475 1466 646 1513 Collect.
679 1469 717 1512 S.
752 1468 881 1526 Cong.
917 1470 968 1514 de
1004 1471 1122 1529 Prop.
1159 1471 1199 1515 F.
1236 1486 1272 1516 n.
1309 1474 1406 1516 957.

258 1538 341 1581 «3
376 1538 554 1593 Quando
587 1540 772 1598 denique
809 1541 991 1585 validum
1030 1543 1256 1587 iudicatum
1303 1546 1425 1588 tuerit
1449 1545 1666 1603 baptisma,
1690 1548 1775 1591 sola

135 1611 335 1666 recipitur
367 1609 573 1654 abiuratio
606 1624 677 1654 seu
715 1611 810 1655 fidei
846 1613 1044 1669 professio
1079 1628 1203 1671 quam
1227 1615 1433 1660 absolutio
1456 1629 1478 1660 a
1502 1621 1691 1661 censuris
1713 1633 1773 1662 se-

136 1683 291 1737 quitur.

252 1751 508 1806 (Notandum
547 1767 644 1798 vero
668 1755 973 1800 abiut-ationem
998 1770 1069 1801 seu
1092 1760 1388 1814 professionem
1415 1761 1510 1805 fidei
1535 1761 1658 1805 aliam
1684 1775 1772 1805 esse

135 1822 187 1867 ab
218 1836 265 1866 ea
299 1837 406 1882 quae
439 1824 618 1869 habetur
653 1828 690 1869 in
727 1826 841 1870 Bulla
879 1828 933 1871 Pii
970 1827 1036 1871 lV.
1071 1828 1173 1873 Nam
1195 1843 1216 1874 a
1237 1844 1431 1887 suprema
1455 1830 1777 1877 5031611600-

135 1907 250 1951 greg.
286 1898 539 1952 praescripta
574 1898 650 1940 fuit
685 1897 765 1953 illa,
791 1912 897 1956 quae
931 1900 1181 1952 adnectitur,
1218 1915 1291 1958 pro
1329 1906 1606 1947 conversione
1632 1904 1774 1948 haere-

135 1967 348 2023 ticorum).
381 1967 420 2010 Si
455 1972 592 2011 tamen
630 1982 925 2027 nonnunquam
962 1972 1167 2016 eiusmodi
1209 1986 1534 2018 neo-conversus
1561 1975 1681 2019 valde
1705 1976 1776 2019 de-

133 2036 288 2080 sideret
321 2042 364 2080 ut
399 2040 500 2082 ritus
535 2041 572 2081 in
606 2038 696 2083 eius
742 2040 947 2097 baptismo
991 2042 1088 2086 olim
1125 2047 1280 2101 omissi,
1317 2045 1393 2089 bac
1426 2048 1644 2090 occasione
1677 2060 1772 2104 sup-

137 2107 339 2163 pleantur,
364 2109 559 2153 sacerdos
593 2109 689 2154 huic
716 2114 780 2167 pio
804 2115 892 2155 eius
930 2119 1023 2157 voto
1062 2128 1218 2158 morem
1253 2129 1399 2172 gerere
1430 2120 1571 2175 utique
1597 2117 1773 2161 liberum

135 2177 272 2222 habet.
308 2178 435 2224 Debet
469 2184 607 2224 tamen
645 2184 682 2224 in
719 2183 789 2226 tali
814 2197 912 2227 casu
937 2184 1140 2229 adbibere
1174 2187 1362 2231 ordinem
1399 2187 1590 2245 baptismi
1615 2189 1774 2233 adulto-

136 2263 244 2303 rum,
276 2256 316 2294 et
351 2257 511 2295 mutare
557 2254 755 2297 mutanda
789 2254 841 2299 ob
888 2255 1138 2312 baptismum
1186 2260 1264 2301 iam
1303 2259 1439 2303 valide
1471 2265 1775 2317 susceptum».

253 2323 448 2379 Sequitur
482 2325 584 2366 ritus
618 2329 658 2366 et
692 2325 870 2369 formula
907 2327 1174 2382 professionis
1208 2329 1348 2372 fidei...

254 2392 441 2450 Denique
473 2394 611 2452 aliqua
649 2398 900 2451 poenitentia
934 2398 1128 2442 salutaris
1163 2401 1400 2456 imponatur
1433 2416 1654 2447 converso.

255 2463 311 2507 De
343 2463 536 2508 omnibus
569 2465 660 2509 aliis
693 2466 846 2510 adultis
885 2483 905 2508 «
933 2470 1013 2511 vim
1050 2481 1166 2512 suam
1196 2473 1417 2515 retinent»
1457 2472 1565 2530 (can.
1602 2473 1645 2530 ⁶2)
1669 2486 1775 2531 quae

135 2540 395 2590 sequuntur:

252 2605 308 2648 Ex
344 2605 424 2650 Rit.
459 2606 577 2651 Rom.
613 2608 685 2663 (ib.
725 2609 812 2666 14).
851 2611 1100 2655 «Sacerdos
1144 2602 1366 2670 diligenter
1410 2620 1538 2667 curet,
1577 2615 1773 2672 (pertinet

133 2688 233 2732 ergo
266 2677 315 2719 ad
355 2677 524 2721 Parochi
575 2679 789 2737 officium),
842 2685 884 2724 ut
933 2684 1086 2725 certior
1121 2684 1192 2726 fiat
1224 2684 1276 2727 de
1309 2689 1417 2728 statu
1457 2690 1497 2729 et
1539 2686 1775 2729 conditione

133 2760 292 2801 eorum,
326 2750 394 2805 qui
422 2748 616 2805 baptizari
654 2756 809 2806 petunt,
847 2755 1089 2807 praesertim
1116 2759 1356 2798 exterorum
1380 2774 1387 2799 :
1412 2756 1463 2799 de
1487 2757 1639 2814 quibus
1664 2758 1769 2800 facta

134 2817 321 2874 diligenti
367 2821 650 2876 inquisitione,
694 2834 792 2864 num
827 2823 943 2877 alias,
983 2835 1031 2867 ac
1065 2826 1142 2868 rite
1175 2827 1255 2868 sint
1290 2825 1495 2882 baptizati,
1529 2833 1688 2878 caveat,
1726 2841 1774 2870 ne

135 2890 227 2945 quis
262 2891 341 2932 iam
368 2889 612 2946 baptizatus,
651 2894 870 2948 imperitia,
900 2893 962 2937 vel
988 2907 1144 2949 errore,
1168 2901 1237 2938 aut
1269 2897 1319 2940 ad
1355 2903 1587 2954 quaestum,
1626 2898 1687 2941 vel
1723 2898 1774 2941 ob
