<?xml version="1.0" encoding="UTF-8"?>
<!DOCTYPE html PUBLIC "-//W3C//DTD XHTML 1.0 Transitional//EN"
    "http://www.w3.org/TR/xhtml1/DTD/xhtml1-transitional.dtd">
<html xmlns="http://www.w3.org/1999/xhtml" xml:lang="en" lang="en">
 <head>
  <title>
</title>
<meta http-equiv="Content-Type" content="text/html;charset=utf-8" />
  <meta name='ocr-system' content='tesseract 3.04.00' />
  <meta name='ocr-capabilities' content='ocr_page ocr_carea ocr_par ocr_line ocrx_word'/>
</head>
<body>
  <div class='ocr_page' id='page_1' title='image "./p1commentariumte03blatuoft_0195.png"; bbox 0 0 1971 3261; ppageno 0'>
   <div class='ocr_carea' id='block_1_1' title="bbox 128 148 1751 188">
    <p class='ocr_par' dir='ltr' id='par_1_1' title="bbox 128 148 1751 188">
     <span class='ocr_line' id='line_1_1' title="bbox 128 148 1751 188; baseline 0.002 -4"><span class='ocrx_word' id='word_1_1' title='bbox 128 149 218 185; x_wconf 79' lang='lat' dir='ltr'>Can.</span> <span class='ocrx_word' id='word_1_2' title='bbox 247 149 318 183; x_wconf 75' lang='lat'>850</span> <span class='ocrx_word' id='word_1_3' title='bbox 509 148 593 182; x_wconf 81' lang='lat' dir='ltr'>Trr.</span> <span class='ocrx_word' id='word_1_4' title='bbox 621 148 693 182; x_wconf 88' lang='grc' dir='ltr'><strong>ΙΙΙ.</strong></span> <span class='ocrx_word' id='word_1_5' title='bbox 723 169 735 174; x_wconf 96' lang='grc'>-</span> <span class='ocrx_word' id='word_1_6' title='bbox 762 149 818 183; x_wconf 83' lang='lat' dir='ltr'>De</span> <span class='ocrx_word' id='word_1_7' title='bbox 843 154 1093 185; x_wconf 68' lang='lat' dir='ltr'>sanctissima</span> <span class='ocrx_word' id='word_1_8' title='bbox 1123 154 1373 187; x_wconf 63' lang='lat' dir='ltr'>la&#39;ursharz&#39;stia</span> <span class='ocrx_word' id='word_1_9' title='bbox 1690 157 1751 188; x_wconf 58' lang='lat'>151</span> 
     </span>
    </p>
   </div>
   <div class='ocr_carea' id='block_1_2' title="bbox 267 210 773 214">
    <p class='ocr_par' dir='ltr' id='par_1_2' title="bbox 267 210 773 214">
     <span class='ocr_line' id='line_1_2' title="bbox 267 210 773 214; baseline 0 0"><span class='ocrx_word' id='word_1_10' title='bbox 267 210 773 214; x_wconf 95' lang='lat' dir='ltr'> </span> 
     </span>
    </p>
   </div>
   <div class='ocr_carea' id='block_1_3' title="bbox 125 262 1763 2806">
    <p class='ocr_par' dir='ltr' id='par_1_3' title="bbox 125 262 1759 1815">
     <span class='ocr_line' id='line_1_3' title="bbox 248 262 1755 315; baseline 0.002 -3"><span class='ocrx_word' id='word_1_11' title='bbox 248 267 345 309; x_wconf 78' lang='grc'><strong>167.</strong></span> <span class='ocrx_word' id='word_1_12' title='bbox 381 268 454 313; x_wconf 90' lang='lat' dir='ltr'>De</span> <span class='ocrx_word' id='word_1_13' title='bbox 476 270 657 314; x_wconf 81' lang='lat' dir='ltr'>viatico</span> <span class='ocrx_word' id='word_1_14' title='bbox 681 262 1020 315; x_wconf 83' lang='lat' dir='ltr'>ministrando.</span> <span class='ocrx_word' id='word_1_15' title='bbox 1045 296 1068 301; x_wconf 89' lang='lat'>—</span> <span class='ocrx_word' id='word_1_16' title='bbox 1097 270 1197 314; x_wconf 69' lang='lat' dir='ltr'>Cam.</span> <span class='ocrx_word' id='word_1_17' title='bbox 1237 275 1342 315; x_wconf 55' lang='grc'>850.</span> <span class='ocrx_word' id='word_1_18' title='bbox 1371 273 1542 314; x_wconf 66' lang='lat' dir='ltr'>Sam-am</span> <span class='ocrx_word' id='word_1_19' title='bbox 1583 288 1755 315; x_wconf 67' lang='lat' dir='ltr'>eommu-</span> 
     </span>
     <span class='ocr_line' id='line_1_4' title="bbox 129 336 1755 399; baseline 0.004 -20"><span class='ocrx_word' id='word_1_20' title='bbox 129 337 293 380; x_wconf 78' lang='lat' dir='ltr'>m&#39;onem</span> <span class='ocrx_word' id='word_1_21' title='bbox 319 336 630 379; x_wconf 76' lang='lat' dir='ltr'>ministrandam</span> <span class='ocrx_word' id='word_1_22' title='bbox 654 350 731 394; x_wconf 76' lang='lat' dir='ltr'>per</span> <span class='ocrx_word' id='word_1_23' title='bbox 765 337 926 380; x_wconf 77' lang='lat' dir='ltr'>niodum</span> <span class='ocrx_word' id='word_1_24' title='bbox 977 339 1123 382; x_wconf 73' lang='lat' dir='ltr'>l&#39;i&#39;uli&#39;ei&#39;</span> <span class='ocrx_word' id='word_1_25' title='bbox 1155 341 1334 384; x_wconf 82' lang='lat' dir='ltr'>scilicet:</span> <span class='ocrx_word' id='word_1_26' title='bbox 1369 343 1534 399; x_wconf 73' lang='lat' dir='ltr'>&lt;plaudo</span> <span class='ocrx_word' id='word_1_27' title='bbox 1573 360 1593 381; x_wconf 86' lang='lat'>«</span> <span class='ocrx_word' id='word_1_28' title='bbox 1614 349 1755 399; x_wconf 65' lang='lat' dir='ltr'>urgeat</span> 
     </span>
     <span class='ocr_line' id='line_1_5' title="bbox 131 406 1757 469; baseline 0.003 -19"><span class='ocrx_word' id='word_1_29' title='bbox 131 409 272 464; x_wconf 89' lang='lat' dir='ltr'>mortis</span> <span class='ocrx_word' id='word_1_30' title='bbox 307 406 552 462; x_wconf 74' lang='lat' dir='ltr'>periculum,</span> <span class='ocrx_word' id='word_1_31' title='bbox 588 409 741 449; x_wconf 90' lang='lat' dir='ltr'>ieiunio</span> <span class='ocrx_word' id='word_1_32' title='bbox 777 409 951 451; x_wconf 86' lang='lat' dir='ltr'>naturali</span> <span class='ocrx_word' id='word_1_33' title='bbox 990 424 1065 452; x_wconf 91' lang='lat' dir='ltr'>nou</span> <span class='ocrx_word' id='word_1_34' title='bbox 1101 417 1266 454; x_wconf 76' lang='lat' dir='ltr'>servato</span> <span class='ocrx_word' id='word_1_35' title='bbox 1292 430 1311 451; x_wconf 88' lang='lat'>»</span> <span class='ocrx_word' id='word_1_36' title='bbox 1353 412 1461 465; x_wconf 88' lang='lat' dir='ltr'>(cau.</span> <span class='ocrx_word' id='word_1_37' title='bbox 1497 414 1594 461; x_wconf 66' lang='lat'>8:5⁸,</span> <span class='ocrx_word' id='word_1_38' title='bbox 1638 416 1665 468; x_wconf 57' lang='grc' dir='ltr'>,ξ</span> <span class='ocrx_word' id='word_1_39' title='bbox 1703 414 1757 469; x_wconf 78' lang='lat' dir='ltr'>l),</span> 
     </span>
     <span class='ocr_line' id='line_1_6' title="bbox 129 476 1758 540; baseline 0.001 -18"><span class='ocrx_word' id='word_1_40' title='bbox 129 484 167 522; x_wconf 94' lang='lat' dir='ltr'>et</span> <span class='ocrx_word' id='word_1_41' title='bbox 200 476 511 522; x_wconf 78' lang='lat' dir='ltr'>accidentaliter</span> <span class='ocrx_word' id='word_1_42' title='bbox 543 478 710 533; x_wconf 86' lang='lat' dir='ltr'>speciali</span> <span class='ocrx_word' id='word_1_43' title='bbox 748 479 921 521; x_wconf 77' lang='lat' dir='ltr'>formula</span> <span class='ocrx_word' id='word_1_44' title='bbox 960 482 1217 524; x_wconf 77' lang='lat' dir='ltr'>ministrandi</span> <span class='ocrx_word' id='word_1_45' title='bbox 1262 487 1440 531; x_wconf 73' lang='lat' dir='ltr'>serrata,</span> <span class='ocrx_word' id='word_1_46' title='bbox 1480 483 1565 525; x_wconf 68' lang='lat' dir='ltr'>sire</span> <span class='ocrx_word' id='word_1_47' title='bbox 1594 483 1758 540; x_wconf 66' lang='lat' dir='ltr'>publice</span> 
     </span>
     <span class='ocr_line' id='line_1_7' title="bbox 129 547 1756 611; baseline 0.002 -20"><span class='ocrx_word' id='word_1_48' title='bbox 129 549 213 592; x_wconf 77' lang='lat' dir='ltr'>sive</span> <span class='ocrx_word' id='word_1_49' title='bbox 241 547 459 605; x_wconf 66' lang='lat' dir='ltr'>privatim,</span> <span class='ocrx_word' id='word_1_50' title='bbox 493 552 533 589; x_wconf 93' lang='lat' dir='ltr'>ut</span> <span class='ocrx_word' id='word_1_51' title='bbox 569 550 605 589; x_wconf 89' lang='lat' dir='ltr'>in</span> <span class='ocrx_word' id='word_1_52' title='bbox 641 561 731 592; x_wconf 87' lang='lat' dir='ltr'>can.</span> <span class='ocrx_word' id='word_1_53' title='bbox 767 549 848 591; x_wconf 72' lang='lat'>817</span> <span class='ocrx_word' id='word_1_54' title='bbox 884 550 1136 606; x_wconf 65' lang='lat' dir='ltr'>explicatum</span> <span class='ocrx_word' id='word_1_55' title='bbox 1173 557 1247 604; x_wconf 71' lang='lat' dir='ltr'>est,</span> <span class='ocrx_word' id='word_1_56' title='bbox 1286 552 1341 594; x_wconf 84' lang='grc' dir='ltr'><em>ιιιΙ</em></span> <span class='ocrx_word' id='word_1_57' title='bbox 1366 553 1552 608; x_wconf 66' lang='lat' dir='ltr'>infirmos·</span> <span class='ocrx_word' id='word_1_58' title='bbox 1575 554 1756 611; x_wconf 70' lang='lat' dir='ltr'>deferre,</span> 
     </span>
     <span class='ocr_line' id='line_1_8' title="bbox 125 619 1755 680; baseline 0.002 -18"><span class='ocrx_word' id='word_1_59' title='bbox 125 619 307 676; x_wconf 44' lang='lat' dir='ltr'>pectine!</span> <span class='ocrx_word' id='word_1_60' title='bbox 343 631 414 675; x_wconf 91' lang='lat' dir='ltr'>per</span> <span class='ocrx_word' id='word_1_61' title='bbox 447 621 735 675; x_wconf 76' lang='lat' dir='ltr'>exceptionem</span> <span class='ocrx_word' id='word_1_62' title='bbox 771 626 919 676; x_wconf 72' lang='lat' dir='ltr'>prae‹e⁵.</span> <span class='ocrx_word' id='word_1_63' title='bbox 956 625 1138 673; x_wconf 67' lang='lat' dir='ltr'>canonis,</span> <span class='ocrx_word' id='word_1_64' title='bbox 1159 622 1213 664; x_wconf 88' lang='grc' dir='ltr'><em>ιιιΙ</em></span> <span class='ocrx_word' id='word_1_65' title='bbox 1233 623 1462 680; x_wconf 70' lang='lat' dir='ltr'>pai-aelium</span> <span class='ocrx_word' id='word_1_66' title='bbox 1489 625 1543 666; x_wconf 79' lang='lat' dir='ltr'>ad</span> <span class='ocrx_word' id='word_1_67' title='bbox 1568 639 1755 667; x_wconf 68' lang='lat' dir='ltr'>&gt;coritium</span> 
     </span>
     <span class='ocr_line' id='line_1_9' title="bbox 127 689 1751 751; baseline 0.002 -18"><span class='ocrx_word' id='word_1_68' title='bbox 127 704 216 734; x_wconf 75' lang='lat' dir='ltr'>ean.</span> <span class='ocrx_word' id='word_1_69' title='bbox 250 692 346 734; x_wconf 69' lang='lat'>848</span> <span class='ocrx_word' id='word_1_70' title='bbox 377 689 558 733; x_wconf 82' lang='lat' dir='ltr'>scilicet:</span> <span class='ocrx_word' id='word_1_71' title='bbox 598 705 617 730; x_wconf 71' lang='grc' dir='ltr'>ι(</span> <span class='ocrx_word' id='word_1_72' title='bbox 643 692 747 733; x_wconf 89' lang='lat' dir='ltr'>intra</span> <span class='ocrx_word' id='word_1_73' title='bbox 781 704 901 734; x_wconf 90' lang='lat' dir='ltr'>suum</span> <span class='ocrx_word' id='word_1_74' title='bbox 939 695 1190 735; x_wconf 87' lang='lat' dir='ltr'>territorium</span> <span class='ocrx_word' id='word_1_75' title='bbox 1236 696 1358 736; x_wconf 83' lang='lat' dir='ltr'>etiam</span> <span class='ocrx_word' id='word_1_76' title='bbox 1403 695 1451 737; x_wconf 89' lang='lat' dir='ltr'>ad</span> <span class='ocrx_word' id='word_1_77' title='bbox 1495 708 1570 737; x_wconf 91' lang='lat' dir='ltr'>nou</span> <span class='ocrx_word' id='word_1_78' title='bbox 1608 708 1751 751; x_wconf 82' lang='lat' dir='ltr'>paroc-</span> 
     </span>
     <span class='ocr_line' id='line_1_10' title="bbox 127 759 1757 821; baseline 0.001 -15"><span class='ocrx_word' id='word_1_79' title='bbox 127 765 268 806; x_wconf 88' lang='lat' dir='ltr'>cianos</span> <span class='ocrx_word' id='word_1_80' title='bbox 289 777 329 814; x_wconf 85' lang='lat'>»,</span> <span class='ocrx_word' id='word_1_81' title='bbox 355 765 475 817; x_wconf 92' lang='lat' dir='ltr'>prout</span> <span class='ocrx_word' id='word_1_82' title='bbox 500 759 652 804; x_wconf 79' lang='lat' dir='ltr'>ibidem</span> <span class='ocrx_word' id='word_1_83' title='bbox 693 762 765 804; x_wconf 83' lang='lat' dir='ltr'>suit</span> <span class='ocrx_word' id='word_1_84' title='bbox 791 762 1062 817; x_wconf 74' lang='lat' dir='ltr'>declaratum,</span> <span class='ocrx_word' id='word_1_85' title='bbox 1099 766 1280 821; x_wconf 79' lang='lat' dir='ltr'>itamquc</span> <span class='ocrx_word' id='word_1_86' title='bbox 1304 778 1352 807; x_wconf 79' lang='lat' dir='ltr'>cx</span> <span class='ocrx_word' id='word_1_87' title='bbox 1379 766 1562 808; x_wconf 81' lang='lat' dir='ltr'>eiusdem</span> <span class='ocrx_word' id='word_1_88' title='bbox 1589 769 1757 809; x_wconf 78' lang='lat' dir='ltr'>canonis</span> 
     </span>
     <span class='ocr_line' id='line_1_11' title="bbox 129 831 1750 890; baseline 0.001 -14"><span class='ocrx_word' id='word_1_89' title='bbox 129 831 388 890; x_wconf 77' lang='lat' dir='ltr'>paragrapho</span> <span class='ocrx_word' id='word_1_90' title='bbox 410 832 454 874; x_wconf 68' lang='lat'>2³</span> <span class='ocrx_word' id='word_1_91' title='bbox 476 832 525 875; x_wconf 91' lang='lat' dir='ltr'>ad</span> <span class='ocrx_word' id='word_1_92' title='bbox 552 836 714 875; x_wconf 89' lang='lat' dir='ltr'>ceteros</span> <span class='ocrx_word' id='word_1_93' title='bbox 736 833 974 876; x_wconf 73' lang='lat' dir='ltr'>sacerdotes</span> <span class='ocrx_word' id='word_1_94' title='bbox 1007 834 1050 890; x_wconf 84' lang='grc' dir='ltr'>ιι)</span> <span class='ocrx_word' id='word_1_95' title='bbox 1091 850 1108 874; x_wconf 82' lang='grc' dir='ltr'>(ι</span> <span class='ocrx_word' id='word_1_96' title='bbox 1131 837 1167 877; x_wconf 88' lang='lat' dir='ltr'>in</span> <span class='ocrx_word' id='word_1_97' title='bbox 1193 848 1288 878; x_wconf 80' lang='lat' dir='ltr'>casu</span> <span class='ocrx_word' id='word_1_98' title='bbox 1314 842 1380 878; x_wconf 89' lang='lat' dir='ltr'>aut</span> <span class='ocrx_word' id='word_1_99' title='bbox 1407 836 1426 877; x_wconf 76' lang='lat' dir='ltr'><em>b</em></span> <span class='ocrx_word' id='word_1_100' title='bbox 1467 838 1517 879; x_wconf 88' lang='lat' dir='ltr'>‹le</span> <span class='ocrx_word' id='word_1_101' title='bbox 1544 837 1703 880; x_wconf 69' lang='lat' dir='ltr'>licentia</span> <span class='ocrx_word' id='word_1_102' title='bbox 1733 855 1750 878; x_wconf 83' lang='grc'>»</span> 
     </span>
     <span class='ocr_line' id='line_1_12' title="bbox 128 903 1754 963; baseline 0.002 -17"><span class='ocrx_word' id='word_1_103' title='bbox 128 907 238 948; x_wconf 80' lang='lat' dir='ltr'>iuxta</span> <span class='ocrx_word' id='word_1_104' title='bbox 264 903 317 947; x_wconf 91' lang='lat' dir='ltr'>ibi</span> <span class='ocrx_word' id='word_1_105' title='bbox 342 903 481 946; x_wconf 88' lang='lat' dir='ltr'>datam</span> <span class='ocrx_word' id='word_1_106' title='bbox 507 905 914 959; x_wconf 85' lang='lat' dir='ltr'>interpretationem:</span> <span class='ocrx_word' id='word_1_107' title='bbox 946 904 1062 947; x_wconf 72' lang='lat' dir='ltr'>sale-o</span> <span class='ocrx_word' id='word_1_108' title='bbox 1092 906 1358 963; x_wconf 62' lang='lat' dir='ltr'>praesm&#39;e&#39;plo</span> <span class='ocrx_word' id='word_1_109' title='bbox 1393 922 1483 948; x_wconf 72' lang='lat' dir='ltr'>emi.</span> <span class='ocrx_word' id='word_1_110' title='bbox 1517 910 1625 958; x_wconf 64' lang='lat'>307,</span> <span class='ocrx_word' id='word_1_111' title='bbox 1651 924 1687 951; x_wconf 80' lang='grc' dir='ltr'>η.</span> <span class='ocrx_word' id='word_1_112' title='bbox 1712 912 1754 962; x_wconf 70' lang='grc'><strong>.“)’,</strong></span> 
     </span>
     <span class='ocr_line' id='line_1_13' title="bbox 127 973 1756 1031; baseline 0.001 -13"><span class='ocrx_word' id='word_1_113' title='bbox 127 974 307 1019; x_wconf 83' lang='lat' dir='ltr'>scilicet:</span> <span class='ocrx_word' id='word_1_114' title='bbox 348 989 367 1014; x_wconf 85' lang='lat'>«</span> <span class='ocrx_word' id='word_1_115' title='bbox 391 975 468 1016; x_wconf 89' lang='lat' dir='ltr'>nisi</span> <span class='ocrx_word' id='word_1_116' title='bbox 500 973 612 1016; x_wconf 89' lang='lat' dir='ltr'>aliud</span> <span class='ocrx_word' id='word_1_117' title='bbox 650 975 687 1015; x_wconf 92' lang='lat' dir='ltr'>in</span> <span class='ocrx_word' id='word_1_118' title='bbox 722 976 885 1017; x_wconf 85' lang='lat' dir='ltr'>statutis</span> <span class='ocrx_word' id='word_1_119' title='bbox 917 975 1216 1031; x_wconf 72' lang='lat' dir='ltr'>capitularibus</span> <span class='ocrx_word' id='word_1_120' title='bbox 1249 981 1460 1022; x_wconf 66' lang='lat' dir='ltr'>careatur.</span> <span class='ocrx_word' id='word_1_121' title='bbox 1487 978 1756 1031; x_wconf 66' lang='lat' dir='ltr'>dignitatibus</span> 
     </span>
     <span class='ocr_line' id='line_1_14' title="bbox 127 1032 1687 1100; baseline 0.002 -11"><span class='ocrx_word' id='word_1_122' title='bbox 127 1050 166 1088; x_wconf 92' lang='lat' dir='ltr'>et</span> <span class='ocrx_word' id='word_1_123' title='bbox 198 1036 410 1089; x_wconf 89' lang='lat' dir='ltr'>canonicis</span> <span class='ocrx_word' id='word_1_124' title='bbox 442 1043 672 1087; x_wconf 91' lang='lat' dir='ltr'>secundum</span> <span class='ocrx_word' id='word_1_125' title='bbox 707 1044 894 1087; x_wconf 86' lang='lat' dir='ltr'>ordinem</span> <span class='ocrx_word' id='word_1_126' title='bbox 933 1045 1246 1100; x_wconf 78' lang='lat' dir='ltr'>praecedentiae</span> <span class='ocrx_word' id='word_1_127' title='bbox 1267 1048 1328 1089; x_wconf 85' lang='lat' dir='ltr'>ius</span> <span class='ocrx_word' id='word_1_128' title='bbox 1351 1052 1389 1089; x_wconf 81' lang='lat' dir='ltr'>ct</span> <span class='ocrx_word' id='word_1_129' title='bbox 1414 1032 1592 1089; x_wconf 71' lang='lat' dir='ltr'>otlicium</span> <span class='ocrx_word' id='word_1_130' title='bbox 1629 1053 1756 1093; x_wconf 79' lang='lat' dir='ltr'>est:...</span> 
     </span>
     <span class='ocr_line' id='line_1_15' title="bbox 129 1114 1757 1173; baseline 0.001 -14"><span class='ocrx_word' id='word_1_131' title='bbox 129 1116 173 1158; x_wconf 78' lang='lat'>3⁰</span> <span class='ocrx_word' id='word_1_132' title='bbox 204 1116 407 1173; x_wconf 85' lang='lat' dir='ltr'>Episcopo</span> <span class='ocrx_word' id='word_1_133' title='bbox 456 1114 721 1158; x_wconf 88' lang='lat' dir='ltr'>decumbenti</span> <span class='ocrx_word' id='word_1_134' title='bbox 774 1117 1007 1158; x_wconf 90' lang='lat' dir='ltr'>ministrare</span> <span class='ocrx_word' id='word_1_135' title='bbox 1054 1117 1386 1169; x_wconf 71' lang='lat' dir='ltr'>Sacramenta»,</span> <span class='ocrx_word' id='word_1_136' title='bbox 1435 1123 1472 1159; x_wconf 76' lang='lat' dir='ltr'>et</span> <span class='ocrx_word' id='word_1_137' title='bbox 1520 1133 1610 1162; x_wconf 79' lang='grc' dir='ltr'><em>ι·ιιη,</em></span> <span class='ocrx_word' id='word_1_138' title='bbox 1655 1121 1757 1168; x_wconf 59' lang='lat' dir='ltr'>SM,</span> 
     </span>
     <span class='ocr_line' id='line_1_16' title="bbox 125 1185 1755 1246; baseline 0.001 -16"><span class='ocrx_word' id='word_1_139' title='bbox 125 1188 183 1246; x_wconf 58' lang='lat'>§5⁸</span> <span class='ocrx_word' id='word_1_140' title='bbox 216 1188 303 1234; x_wconf 79' lang='lat'><strong><em>1-3,</em></strong></span> <span class='ocrx_word' id='word_1_141' title='bbox 342 1185 560 1230; x_wconf 91' lang='lat' dir='ltr'>videlicet:</span> <span class='ocrx_word' id='word_1_142' title='bbox 607 1185 705 1229; x_wconf 89' lang='lat' dir='ltr'>illud</span> <span class='ocrx_word' id='word_1_143' title='bbox 743 1188 804 1228; x_wconf 86' lang='lat' dir='ltr'>ius</span> <span class='ocrx_word' id='word_1_144' title='bbox 838 1192 876 1229; x_wconf 89' lang='lat' dir='ltr'>et</span> <span class='ocrx_word' id='word_1_145' title='bbox 910 1188 1089 1229; x_wconf 80' lang='lat' dir='ltr'>otticium</span> <span class='ocrx_word' id='word_1_146' title='bbox 1136 1195 1196 1230; x_wconf 86' lang='lat' dir='ltr'>est</span> <span class='ocrx_word' id='word_1_147' title='bbox 1226 1188 1253 1244; x_wconf 61' lang='lat' dir='ltr'>g</span> <span class='ocrx_word' id='word_1_148' title='bbox 1292 1188 1302 1229; x_wconf 94' lang='grc'>1</span> <span class='ocrx_word' id='word_1_149' title='bbox 1350 1202 1370 1227; x_wconf 80' lang='grc' dir='ltr'>(ι</span> <span class='ocrx_word' id='word_1_150' title='bbox 1394 1188 1684 1243; x_wconf 78' lang='lat' dir='ltr'>Superioribus</span> <span class='ocrx_word' id='word_1_151' title='bbox 1720 1193 1755 1232; x_wconf 91' lang='lat' dir='ltr'>iu</span> 
     </span>
     <span class='ocr_line' id='line_1_17' title="bbox 128 1257 1756 1315; baseline 0 -12"><span class='ocrx_word' id='word_1_152' title='bbox 128 1259 321 1315; x_wconf 83' lang='lat' dir='ltr'>religiosa</span> <span class='ocrx_word' id='word_1_153' title='bbox 354 1258 478 1301; x_wconf 89' lang='lat' dir='ltr'>domo</span> <span class='ocrx_word' id='word_1_154' title='bbox 514 1257 728 1314; x_wconf 81' lang='lat' dir='ltr'>religionis</span> <span class='ocrx_word' id='word_1_155' title='bbox 761 1257 1008 1301; x_wconf 71' lang='lat' dir='ltr'>clericalis»</span> <span class='ocrx_word' id='word_1_156' title='bbox 1057 1258 1167 1313; x_wconf 84' lang='lat' dir='ltr'>(can.</span> <span class='ocrx_word' id='word_1_157' title='bbox 1212 1258 1309 1309; x_wconf 74' lang='lat'><strong>488,</strong></span> <span class='ocrx_word' id='word_1_158' title='bbox 1346 1257 1404 1309; x_wconf 68' lang='lat'>4⁰,</span> <span class='ocrx_word' id='word_1_159' title='bbox 1441 1259 1517 1315; x_wconf 67' lang='lat'>350),</span> <span class='ocrx_word' id='word_1_160' title='bbox 1551 1260 1579 1312; x_wconf 55' lang='grc' dir='ltr'>ς’</span> <span class='ocrx_word' id='word_1_161' title='bbox 1613 1260 1634 1302; x_wconf 72' lang='lat'><strong>2</strong></span> <span class='ocrx_word' id='word_1_162' title='bbox 1675 1276 1693 1299; x_wconf 84' lang='lat'>«</span> <span class='ocrx_word' id='word_1_163' title='bbox 1720 1263 1756 1302; x_wconf 90' lang='lat' dir='ltr'>iu</span> 
     </span>
     <span class='ocr_line' id='line_1_18' title="bbox 130 1328 1759 1387; baseline 0.001 -14"><span class='ocrx_word' id='word_1_164' title='bbox 130 1329 370 1373; x_wconf 90' lang='lat' dir='ltr'>monialium</span> <span class='ocrx_word' id='word_1_165' title='bbox 405 1329 530 1372; x_wconf 89' lang='lat' dir='ltr'>domo</span> <span class='ocrx_word' id='word_1_166' title='bbox 564 1329 672 1372; x_wconf 89' lang='lat' dir='ltr'>idem</span> <span class='ocrx_word' id='word_1_167' title='bbox 709 1328 830 1372; x_wconf 87' lang='lat' dir='ltr'>habet</span> <span class='ocrx_word' id='word_1_168' title='bbox 876 1329 1111 1371; x_wconf 85' lang='lat' dir='ltr'>ordinarius</span> <span class='ocrx_word' id='word_1_169' title='bbox 1151 1331 1426 1372; x_wconf 82' lang='lat' dir='ltr'>contessarius</span> <span class='ocrx_word' id='word_1_170' title='bbox 1473 1330 1535 1372; x_wconf 71' lang='lat' dir='ltr'>rel</span> <span class='ocrx_word' id='word_1_171' title='bbox 1570 1333 1637 1387; x_wconf 84' lang='lat' dir='ltr'>qui</span> <span class='ocrx_word' id='word_1_172' title='bbox 1673 1334 1759 1375; x_wconf 85' lang='lat' dir='ltr'>eius</span> 
     </span>
     <span class='ocr_line' id='line_1_19' title="bbox 132 1399 1758 1459; baseline -0.001 -15"><span class='ocrx_word' id='word_1_173' title='bbox 132 1404 243 1445; x_wconf 76' lang='lat' dir='ltr'>vices</span> <span class='ocrx_word' id='word_1_174' title='bbox 276 1403 445 1458; x_wconf 79' lang='lat' dir='ltr'>gerit»,</span> <span class='ocrx_word' id='word_1_175' title='bbox 475 1401 504 1458; x_wconf 60' lang='grc' dir='ltr'>ξ</span> <span class='ocrx_word' id='word_1_176' title='bbox 527 1403 550 1444; x_wconf 89' lang='grc'><strong>3</strong></span> <span class='ocrx_word' id='word_1_177' title='bbox 581 1415 601 1440; x_wconf 75' lang='lat' dir='ltr'>&lt;c</span> <span class='ocrx_word' id='word_1_178' title='bbox 625 1399 666 1442; x_wconf 90' lang='lat' dir='ltr'>ln</span> <span class='ocrx_word' id='word_1_179' title='bbox 702 1399 781 1443; x_wconf 90' lang='lat' dir='ltr'>alia</span> <span class='ocrx_word' id='word_1_180' title='bbox 818 1399 1016 1456; x_wconf 84' lang='lat' dir='ltr'>religione</span> <span class='ocrx_word' id='word_1_181' title='bbox 1052 1400 1183 1443; x_wconf 79' lang='lat' dir='ltr'>laicali</span> <span class='ocrx_word' id='word_1_182' title='bbox 1221 1400 1318 1443; x_wconf 90' lang='lat' dir='ltr'>illud</span> <span class='ocrx_word' id='word_1_183' title='bbox 1353 1406 1553 1457; x_wconf 87' lang='lat' dir='ltr'>spectat...</span> <span class='ocrx_word' id='word_1_184' title='bbox 1595 1402 1643 1445; x_wconf 90' lang='lat' dir='ltr'>ad</span> <span class='ocrx_word' id='word_1_185' title='bbox 1669 1416 1758 1459; x_wconf 64' lang='lat' dir='ltr'>‹tap-</span> 
     </span>
     <span class='ocr_line' id='line_1_20' title="bbox 129 1468 1757 1530; baseline 0 -14"><span class='ocrx_word' id='word_1_186' title='bbox 129 1472 337 1530; x_wconf 88' lang='lat' dir='ltr'>pellanum</span> <span class='ocrx_word' id='word_1_187' title='bbox 361 1474 394 1515; x_wconf 91' lang='lat' dir='ltr'>si</span> <span class='ocrx_word' id='word_1_188' title='bbox 417 1485 540 1530; x_wconf 81' lang='lat' dir='ltr'>quem</span> <span class='ocrx_word' id='word_1_189' title='bbox 566 1468 816 1515; x_wconf 89' lang='lat' dir='ltr'>Ordinarius</span> <span class='ocrx_word' id='word_1_190' title='bbox 837 1470 1016 1527; x_wconf 85' lang='lat' dir='ltr'>parocho</span> <span class='ocrx_word' id='word_1_191' title='bbox 1035 1472 1245 1514; x_wconf 76' lang='lat' dir='ltr'>suffecerit</span> <span class='ocrx_word' id='word_1_192' title='bbox 1268 1487 1306 1525; x_wconf 72' lang='lat' dir='ltr'>n,</span> <span class='ocrx_word' id='word_1_193' title='bbox 1333 1476 1449 1527; x_wconf 89' lang='lat' dir='ltr'>prout</span> <span class='ocrx_word' id='word_1_194' title='bbox 1475 1474 1608 1515; x_wconf 79' lang='lat' dir='ltr'>tacere</span> <span class='ocrx_word' id='word_1_195' title='bbox 1628 1478 1757 1529; x_wconf 80' lang='lat' dir='ltr'>potest</span> 
     </span>
     <span class='ocr_line' id='line_1_21' title="bbox 128 1541 1756 1600; baseline 0 -13"><span class='ocrx_word' id='word_1_196' title='bbox 128 1545 177 1588; x_wconf 91' lang='lat' dir='ltr'>ad</span> <span class='ocrx_word' id='word_1_197' title='bbox 212 1556 402 1587; x_wconf 88' lang='lat' dir='ltr'>normam</span> <span class='ocrx_word' id='word_1_198' title='bbox 438 1555 527 1586; x_wconf 91' lang='lat' dir='ltr'>can.</span> <span class='ocrx_word' id='word_1_199' title='bbox 563 1542 663 1596; x_wconf 77' lang='lat'>464,</span> <span class='ocrx_word' id='word_1_200' title='bbox 696 1541 724 1600; x_wconf 62' lang='grc' dir='ltr'>ξ</span> <span class='ocrx_word' id='word_1_201' title='bbox 758 1543 796 1595; x_wconf 63' lang='grc' dir='ltr'>Ξ,</span> <span class='ocrx_word' id='word_1_202' title='bbox 835 1546 958 1599; x_wconf 81' lang='lat' dir='ltr'>atque</span> <span class='ocrx_word' id='word_1_203' title='bbox 993 1542 1101 1599; x_wconf 82' lang='lat' dir='ltr'>(can.</span> <span class='ocrx_word' id='word_1_204' title='bbox 1138 1543 1239 1599; x_wconf 76' lang='lat'>675)</span> <span class='ocrx_word' id='word_1_205' title='bbox 1281 1560 1301 1583; x_wconf 84' lang='lat'>«</span> <span class='ocrx_word' id='word_1_206' title='bbox 1326 1545 1363 1585; x_wconf 91' lang='lat' dir='ltr'>in</span> <span class='ocrx_word' id='word_1_207' title='bbox 1398 1543 1589 1587; x_wconf 86' lang='lat' dir='ltr'>omnihus</span> <span class='ocrx_word' id='word_1_208' title='bbox 1630 1547 1756 1587; x_wconf 68' lang='lat' dir='ltr'>socie·</span> 
     </span>
     <span class='ocr_line' id='line_1_22' title="bbox 128 1614 1758 1659; baseline -0.001 -1"><span class='ocrx_word' id='word_1_209' title='bbox 128 1614 280 1659; x_wconf 91' lang='lat' dir='ltr'>tatibus</span> <span class='ocrx_word' id='word_1_210' title='bbox 313 1616 403 1658; x_wconf 91' lang='lat' dir='ltr'>sive</span> <span class='ocrx_word' id='word_1_211' title='bbox 438 1616 623 1657; x_wconf 80' lang='lat' dir='ltr'>virorum</span> <span class='ocrx_word' id='word_1_212' title='bbox 672 1616 762 1657; x_wconf 72' lang='lat' dir='ltr'>sive</span> <span class='ocrx_word' id='word_1_213' title='bbox 813 1614 1032 1657; x_wconf 86' lang='lat' dir='ltr'>mulierum</span> <span class='ocrx_word' id='word_1_214' title='bbox 1069 1616 1107 1656; x_wconf 89' lang='lat' dir='ltr'>in</span> <span class='ocrx_word' id='word_1_215' title='bbox 1142 1616 1350 1657; x_wconf 87' lang='lat' dir='ltr'>communi</span> <span class='ocrx_word' id='word_1_216' title='bbox 1404 1616 1629 1657; x_wconf 73' lang='lat' dir='ltr'>virentium</span> <span class='ocrx_word' id='word_1_217' title='bbox 1671 1617 1758 1657; x_wconf 84' lang='lat' dir='ltr'>siue</span> 
     </span>
     <span class='ocr_line' id='line_1_23' title="bbox 128 1685 1759 1742; baseline -0.001 -13"><span class='ocrx_word' id='word_1_218' title='bbox 128 1689 235 1730; x_wconf 83' lang='lat' dir='ltr'>votis</span> <span class='ocrx_word' id='word_1_219' title='bbox 280 1690 486 1741; x_wconf 81' lang='lat' dir='ltr'>servetur,</span> <span class='ocrx_word' id='word_1_220' title='bbox 535 1698 718 1742; x_wconf 85' lang='lat' dir='ltr'>congrua</span> <span class='ocrx_word' id='word_1_221' title='bbox 768 1688 964 1742; x_wconf 76' lang='lat' dir='ltr'>congruis</span> <span class='ocrx_word' id='word_1_222' title='bbox 1012 1685 1241 1737; x_wconf 72' lang='lat' dir='ltr'>referendo,</span> <span class='ocrx_word' id='word_1_223' title='bbox 1277 1697 1406 1727; x_wconf 86' lang='lat' dir='ltr'>canon</span> <span class='ocrx_word' id='word_1_224' title='bbox 1448 1685 1527 1727; x_wconf 71' lang='lat'>:514</span> <span class='ocrx_word' id='word_1_225' title='bbox 1554 1701 1591 1731; x_wconf 72' lang='lat'>)),</span> <span class='ocrx_word' id='word_1_226' title='bbox 1642 1688 1759 1728; x_wconf 80' lang='lat' dir='ltr'>cuius</span> 
     </span>
     <span class='ocr_line' id='line_1_24' title="bbox 129 1756 1138 1815; baseline -0.006 -14"><span class='ocrx_word' id='word_1_227' title='bbox 129 1760 431 1815; x_wconf 88' lang='lat' dir='ltr'>praescriptum</span> <span class='ocrx_word' id='word_1_228' title='bbox 466 1757 545 1800; x_wconf 91' lang='lat' dir='ltr'>hoc</span> <span class='ocrx_word' id='word_1_229' title='bbox 579 1759 618 1800; x_wconf 90' lang='lat' dir='ltr'>in</span> <span class='ocrx_word' id='word_1_230' title='bbox 653 1756 741 1800; x_wconf 91' lang='lat' dir='ltr'>loco</span> <span class='ocrx_word' id='word_1_231' title='bbox 776 1757 937 1800; x_wconf 74' lang='lat' dir='ltr'>salvum</span> <span class='ocrx_word' id='word_1_232' title='bbox 973 1757 1138 1799; x_wconf 89' lang='lat' dir='ltr'>dicitur.</span> 
     </span>
    </p>

    <p class='ocr_par' dir='ltr' id='par_1_4' title="bbox 128 1826 1763 2806">
     <span class='ocr_line' id='line_1_25' title="bbox 249 1826 1759 1875; baseline -0.001 -4"><span class='ocrx_word' id='word_1_233' title='bbox 249 1829 345 1873; x_wconf 80' lang='lat'>168.</span> <span class='ocrx_word' id='word_1_234' title='bbox 372 1830 444 1875; x_wconf 91' lang='lat' dir='ltr'>De</span> <span class='ocrx_word' id='word_1_235' title='bbox 477 1831 571 1875; x_wconf 81' lang='lat' dir='ltr'>ritu</span> <span class='ocrx_word' id='word_1_236' title='bbox 608 1831 856 1875; x_wconf 81' lang='lat' dir='ltr'>servando</span> <span class='ocrx_word' id='word_1_237' title='bbox 889 1830 1015 1873; x_wconf 84' lang='lat' dir='ltr'>inter</span> <span class='ocrx_word' id='word_1_238' title='bbox 1038 1830 1281 1873; x_wconf 84' lang='lat' dir='ltr'>diversos.</span> <span class='ocrx_word' id='word_1_239' title='bbox 1303 1851 1329 1857; x_wconf 90' lang='lat'><em>—</em></span> <span class='ocrx_word' id='word_1_240' title='bbox 1353 1826 1502 1870; x_wconf 70' lang='lat' dir='ltr'>Motiva</span> <span class='ocrx_word' id='word_1_241' title='bbox 1528 1832 1564 1870; x_wconf 89' lang='lat' dir='ltr'>et</span> <span class='ocrx_word' id='word_1_242' title='bbox 1591 1829 1759 1870; x_wconf 89' lang='lat' dir='ltr'>intentio</span> 
     </span>
     <span class='ocr_line' id='line_1_26' title="bbox 128 1897 1762 1958; baseline -0.003 -14"><span class='ocrx_word' id='word_1_243' title='bbox 128 1913 235 1958; x_wconf 86' lang='lat' dir='ltr'>quae</span> <span class='ocrx_word' id='word_1_244' title='bbox 269 1899 523 1957; x_wconf 89' lang='lat' dir='ltr'>impulerunt</span> <span class='ocrx_word' id='word_1_245' title='bbox 558 1899 672 1943; x_wconf 88' lang='lat' dir='ltr'>Pium</span> <span class='ocrx_word' id='word_1_246' title='bbox 708 1899 740 1942; x_wconf 82' lang='lat' dir='ltr'>X</span> <span class='ocrx_word' id='word_1_247' title='bbox 778 1899 827 1942; x_wconf 91' lang='lat' dir='ltr'>ad</span> <span class='ocrx_word' id='word_1_248' title='bbox 864 1899 1122 1942; x_wconf 86' lang='lat' dir='ltr'>condendam</span> <span class='ocrx_word' id='word_1_249' title='bbox 1158 1903 1286 1941; x_wconf 87' lang='lat' dir='ltr'>coust.</span> <span class='ocrx_word' id='word_1_250' title='bbox 1333 1914 1351 1938; x_wconf 83' lang='lat'>«</span> <span class='ocrx_word' id='word_1_251' title='bbox 1375 1897 1539 1940; x_wconf 88' lang='lat' dir='ltr'>Tradita</span> <span class='ocrx_word' id='word_1_252' title='bbox 1574 1897 1625 1941; x_wconf 93' lang='lat' dir='ltr'>ab</span> <span class='ocrx_word' id='word_1_253' title='bbox 1658 1900 1762 1940; x_wconf 84' lang='lat' dir='ltr'>anti-</span> 
     </span>
     <span class='ocr_line' id='line_1_27' title="bbox 129 1967 1758 2029; baseline -0.003 -15"><span class='ocrx_word' id='word_1_254' title='bbox 129 1973 264 2029; x_wconf 82' lang='lat' dir='ltr'>quis»</span> <span class='ocrx_word' id='word_1_255' title='bbox 304 1971 316 1993; x_wconf 80' lang='lat'>¹</span> <span class='ocrx_word' id='word_1_256' title='bbox 355 1969 413 2013; x_wconf 84' lang='lat' dir='ltr'>De</span> <span class='ocrx_word' id='word_1_257' title='bbox 446 1970 565 2014; x_wconf 70' lang='lat' dir='ltr'>Ssma</span> <span class='ocrx_word' id='word_1_258' title='bbox 598 1969 879 2014; x_wconf 65' lang='grc' dir='ltr'>ΕιιοΙιιιιηίς-Ιίιι</span> <span class='ocrx_word' id='word_1_259' title='bbox 909 1969 1148 2026; x_wconf 70' lang='lat' dir='ltr'>promiscuo</span> <span class='ocrx_word' id='word_1_260' title='bbox 1184 1968 1269 2010; x_wconf 73' lang='lat' dir='ltr'>rita</span> <span class='ocrx_word' id='word_1_261' title='bbox 1303 1967 1520 2022; x_wconf 59' lang='lat' dir='ltr'>suniemla,</span> <span class='ocrx_word' id='word_1_262' title='bbox 1540 1970 1597 2011; x_wconf 87' lang='lat' dir='ltr'>sic</span> <span class='ocrx_word' id='word_1_263' title='bbox 1622 1970 1758 2024; x_wconf 79' lang='lat' dir='ltr'>expri-</span> 
     </span>
     <span class='ocr_line' id='line_1_28' title="bbox 130 2038 1759 2098; baseline -0.002 -13"><span class='ocrx_word' id='word_1_264' title='bbox 130 2046 299 2086; x_wconf 90' lang='lat' dir='ltr'>muntur</span> <span class='ocrx_word' id='word_1_265' title='bbox 332 2044 370 2085; x_wconf 93' lang='lat' dir='ltr'>in</span> <span class='ocrx_word' id='word_1_266' title='bbox 406 2054 477 2085; x_wconf 89' lang='lat' dir='ltr'>ea:</span> <span class='ocrx_word' id='word_1_267' title='bbox 518 2041 704 2098; x_wconf 77' lang='lat' dir='ltr'>«ltaque</span> <span class='ocrx_word' id='word_1_268' title='bbox 738 2039 1097 2085; x_wconf 87' lang='lat' dir='ltr'>considerantibus</span> <span class='ocrx_word' id='word_1_269' title='bbox 1129 2039 1256 2082; x_wconf 78' lang='lat' dir='ltr'>Nobis</span> <span class='ocrx_word' id='word_1_270' title='bbox 1290 2039 1414 2082; x_wconf 87' lang='lat' dir='ltr'>tidem</span> <span class='ocrx_word' id='word_1_271' title='bbox 1439 2038 1683 2082; x_wconf 86' lang='lat' dir='ltr'>catholicam</span> <span class='ocrx_word' id='word_1_272' title='bbox 1709 2039 1759 2081; x_wconf 91' lang='lat' dir='ltr'>de</span> 
     </span>
     <span class='ocr_line' id='line_1_29' title="bbox 132 2110 1758 2169; baseline -0.002 -14"><span class='ocrx_word' id='word_1_273' title='bbox 132 2113 268 2156; x_wconf 89' lang='lat' dir='ltr'>valida</span> <span class='ocrx_word' id='word_1_274' title='bbox 302 2115 615 2157; x_wconf 88' lang='lat' dir='ltr'>consecratione</span> <span class='ocrx_word' id='word_1_275' title='bbox 665 2114 881 2169; x_wconf 76' lang='lat' dir='ltr'>utriusque</span> <span class='ocrx_word' id='word_1_276' title='bbox 931 2113 1060 2167; x_wconf 72' lang='lat' dir='ltr'>panis,</span> <span class='ocrx_word' id='word_1_277' title='bbox 1110 2112 1241 2166; x_wconf 64' lang='lat' dir='ltr'>azymi</span> <span class='ocrx_word' id='word_1_278' title='bbox 1277 2115 1316 2153; x_wconf 89' lang='lat' dir='ltr'>et</span> <span class='ocrx_word' id='word_1_279' title='bbox 1349 2110 1596 2163; x_wconf 78' lang='lat' dir='ltr'>fermentati,</span> <span class='ocrx_word' id='word_1_280' title='bbox 1631 2114 1758 2152; x_wconf 91' lang='lat' dir='ltr'>tutam</span> 
     </span>
     <span class='ocr_line' id='line_1_30' title="bbox 129 2180 1759 2241; baseline -0.002 -14"><span class='ocrx_word' id='word_1_281' title='bbox 129 2197 218 2228; x_wconf 90' lang='lat' dir='ltr'>esse</span> <span class='ocrx_word' id='word_1_282' title='bbox 251 2184 358 2241; x_wconf 91' lang='lat' dir='ltr'>apud</span> <span class='ocrx_word' id='word_1_283' title='bbox 395 2197 561 2237; x_wconf 86' lang='lat' dir='ltr'>omnes;</span> <span class='ocrx_word' id='word_1_284' title='bbox 599 2186 767 2239; x_wconf 87' lang='lat' dir='ltr'>insuper</span> <span class='ocrx_word' id='word_1_285' title='bbox 800 2187 1058 2239; x_wconf 85' lang='lat' dir='ltr'>compertum</span> <span class='ocrx_word' id='word_1_286' title='bbox 1095 2180 1343 2223; x_wconf 85' lang='lat' dir='ltr'>habentibus</span> <span class='ocrx_word' id='word_1_287' title='bbox 1386 2180 1623 2236; x_wconf 86' lang='lat' dir='ltr'>complures</span> <span class='ocrx_word' id='word_1_288' title='bbox 1655 2193 1759 2234; x_wconf 82' lang='lat' dir='ltr'>esse,</span> 
     </span>
     <span class='ocr_line' id='line_1_31' title="bbox 130 2250 1759 2311; baseline -0.004 -13"><span class='ocrx_word' id='word_1_289' title='bbox 130 2259 217 2298; x_wconf 89' lang='lat' dir='ltr'>tum</span> <span class='ocrx_word' id='word_1_290' title='bbox 250 2255 398 2298; x_wconf 89' lang='lat' dir='ltr'>latinos</span> <span class='ocrx_word' id='word_1_291' title='bbox 429 2260 518 2298; x_wconf 89' lang='lat' dir='ltr'>tum</span> <span class='ocrx_word' id='word_1_292' title='bbox 551 2255 786 2309; x_wconf 74' lang='lat' dir='ltr'>orientales,</span> <span class='ocrx_word' id='word_1_293' title='bbox 820 2253 971 2311; x_wconf 79' lang='lat' dir='ltr'>quibus</span> <span class='ocrx_word' id='word_1_294' title='bbox 1021 2252 1087 2295; x_wconf 95' lang='lat' dir='ltr'>illa</span> <span class='ocrx_word' id='word_1_295' title='bbox 1133 2253 1354 2308; x_wconf 90' lang='lat' dir='ltr'>promiscui</span> <span class='ocrx_word' id='word_1_296' title='bbox 1391 2253 1492 2294; x_wconf 89' lang='lat' dir='ltr'>ritus</span> <span class='ocrx_word' id='word_1_297' title='bbox 1526 2250 1759 2294; x_wconf 87' lang='lat' dir='ltr'>interdictio</span> 
     </span>
     <span class='ocr_line' id='line_1_32' title="bbox 129 2321 1759 2380; baseline -0.003 -11"><span class='ocrx_word' id='word_1_298' title='bbox 129 2331 169 2370; x_wconf 93' lang='lat' dir='ltr'>et</span> <span class='ocrx_word' id='word_1_299' title='bbox 201 2326 365 2369; x_wconf 81' lang='lat' dir='ltr'>fastidio</span> <span class='ocrx_word' id='word_1_300' title='bbox 399 2331 438 2369; x_wconf 89' lang='lat' dir='ltr'>et</span> <span class='ocrx_word' id='word_1_301' title='bbox 471 2326 686 2369; x_wconf 84' lang='lat' dir='ltr'>offensioni</span> <span class='ocrx_word' id='word_1_302' title='bbox 721 2328 830 2380; x_wconf 71' lang='lat' dir='ltr'>sit,...</span> <span class='ocrx_word' id='word_1_303' title='bbox 870 2327 1003 2367; x_wconf 77' lang='lat' dir='ltr'>risum</span> <span class='ocrx_word' id='word_1_304' title='bbox 1039 2328 1099 2366; x_wconf 89' lang='lat' dir='ltr'>est</span> <span class='ocrx_word' id='word_1_305' title='bbox 1131 2324 1268 2365; x_wconf 88' lang='lat' dir='ltr'>omnia</span> <span class='ocrx_word' id='word_1_306' title='bbox 1319 2321 1385 2364; x_wconf 92' lang='lat' dir='ltr'>illa</span> <span class='ocrx_word' id='word_1_307' title='bbox 1434 2324 1650 2378; x_wconf 83' lang='lat' dir='ltr'>antiquare</span> <span class='ocrx_word' id='word_1_308' title='bbox 1682 2321 1759 2364; x_wconf 89' lang='lat' dir='ltr'>De-</span> 
     </span>
     <span class='ocr_line' id='line_1_33' title="bbox 129 2392 1759 2455; baseline -0.004 -15"><span class='ocrx_word' id='word_1_309' title='bbox 129 2401 257 2450; x_wconf 89' lang='lat' dir='ltr'>creta,</span> <span class='ocrx_word' id='word_1_310' title='bbox 289 2409 395 2455; x_wconf 86' lang='lat' dir='ltr'>quae</span> <span class='ocrx_word' id='word_1_311' title='bbox 429 2398 552 2440; x_wconf 87' lang='lat' dir='ltr'>ritum</span> <span class='ocrx_word' id='word_1_312' title='bbox 589 2399 872 2448; x_wconf 89' lang='lat' dir='ltr'>promiscuum</span> <span class='ocrx_word' id='word_1_313' title='bbox 908 2397 945 2437; x_wconf 90' lang='lat' dir='ltr'>in</span> <span class='ocrx_word' id='word_1_314' title='bbox 982 2407 1055 2437; x_wconf 87' lang='lat' dir='ltr'>usu</span> <span class='ocrx_word' id='word_1_315' title='bbox 1096 2394 1237 2436; x_wconf 80' lang='lat' dir='ltr'>Ssniae</span> <span class='ocrx_word' id='word_1_316' title='bbox 1289 2392 1574 2436; x_wconf 87' lang='lat' dir='ltr'>Eucharistiae</span> <span class='ocrx_word' id='word_1_317' title='bbox 1625 2392 1759 2448; x_wconf 90' lang='lat' dir='ltr'>prohi-</span> 
     </span>
     <span class='ocr_line' id='line_1_34' title="bbox 132 2462 1762 2524; baseline -0.004 -13"><span class='ocrx_word' id='word_1_318' title='bbox 132 2467 227 2511; x_wconf 90' lang='lat' dir='ltr'>bent</span> <span class='ocrx_word' id='word_1_319' title='bbox 262 2467 324 2510; x_wconf 90' lang='lat' dir='ltr'>vel</span> <span class='ocrx_word' id='word_1_320' title='bbox 359 2471 656 2523; x_wconf 69' lang='lat' dir='ltr'>coangustaut3</span> <span class='ocrx_word' id='word_1_321' title='bbox 692 2472 816 2524; x_wconf 87' lang='lat' dir='ltr'>atque</span> <span class='ocrx_word' id='word_1_322' title='bbox 859 2464 1051 2509; x_wconf 89' lang='lat' dir='ltr'>omnibus</span> <span class='ocrx_word' id='word_1_323' title='bbox 1084 2469 1123 2507; x_wconf 91' lang='lat' dir='ltr'>et</span> <span class='ocrx_word' id='word_1_324' title='bbox 1157 2463 1293 2507; x_wconf 89' lang='lat' dir='ltr'>latinis</span> <span class='ocrx_word' id='word_1_325' title='bbox 1336 2468 1373 2507; x_wconf 89' lang='lat' dir='ltr'>et</span> <span class='ocrx_word' id='word_1_326' title='bbox 1408 2462 1676 2507; x_wconf 88' lang='lat' dir='ltr'>orientalibus</span> <span class='ocrx_word' id='word_1_327' title='bbox 1711 2464 1762 2505; x_wconf 83' lang='lat' dir='ltr'>fa-</span> 
     </span>
     <span class='ocr_line' id='line_1_35' title="bbox 130 2533 1763 2594; baseline -0.002 -14"><span class='ocrx_word' id='word_1_328' title='bbox 130 2537 327 2581; x_wconf 91' lang='lat' dir='ltr'>cultatem</span> <span class='ocrx_word' id='word_1_329' title='bbox 361 2539 499 2581; x_wconf 82' lang='lat' dir='ltr'>t&#39;acere</span> <span class='ocrx_word' id='word_1_330' title='bbox 531 2539 622 2581; x_wconf 82' lang='lat' dir='ltr'>sive</span> <span class='ocrx_word' id='word_1_331' title='bbox 655 2539 693 2580; x_wconf 89' lang='lat' dir='ltr'>in</span> <span class='ocrx_word' id='word_1_332' title='bbox 729 2549 873 2594; x_wconf 68' lang='lat' dir='ltr'>azymo</span> <span class='ocrx_word' id='word_1_333' title='bbox 907 2539 996 2579; x_wconf 76' lang='lat' dir='ltr'>sive</span> <span class='ocrx_word' id='word_1_334' title='bbox 1032 2537 1068 2577; x_wconf 92' lang='lat' dir='ltr'>in</span> <span class='ocrx_word' id='word_1_335' title='bbox 1105 2535 1349 2578; x_wconf 83' lang='lat' dir='ltr'>fermentato</span> <span class='ocrx_word' id='word_1_336' title='bbox 1383 2533 1490 2590; x_wconf 91' lang='lat' dir='ltr'>apud</span> <span class='ocrx_word' id='word_1_337' title='bbox 1526 2533 1763 2577; x_wconf 84' lang='lat' dir='ltr'>sacerdotes</span> 
     </span>
     <span class='ocr_line' id='line_1_36' title="bbox 130 2604 1759 2663; baseline -0.004 -11"><span class='ocrx_word' id='word_1_338' title='bbox 130 2607 369 2663; x_wconf 78' lang='lat' dir='ltr'>catholicos,</span> <span class='ocrx_word' id='word_1_339' title='bbox 404 2610 443 2651; x_wconf 90' lang='lat' dir='ltr'>in</span> <span class='ocrx_word' id='word_1_340' title='bbox 478 2608 666 2652; x_wconf 87' lang='lat' dir='ltr'>ecclesiis</span> <span class='ocrx_word' id='word_1_341' title='bbox 689 2610 875 2652; x_wconf 79' lang='lat' dir='ltr'>cuiusvis</span> <span class='ocrx_word' id='word_1_342' title='bbox 901 2610 1001 2650; x_wconf 88' lang='lat' dir='ltr'>ritus</span> <span class='ocrx_word' id='word_1_343' title='bbox 1024 2605 1252 2658; x_wconf 85' lang='lat' dir='ltr'>catholicis,</span> <span class='ocrx_word' id='word_1_344' title='bbox 1277 2604 1505 2649; x_wconf 90' lang='lat' dir='ltr'>secundum</span> <span class='ocrx_word' id='word_1_345' title='bbox 1549 2606 1759 2661; x_wconf 87' lang='lat' dir='ltr'>pristinam</span> 
     </span>
     <span class='ocr_line' id='line_1_37' title="bbox 131 2674 1761 2734; baseline -0.004 -12"><span class='ocrx_word' id='word_1_346' title='bbox 131 2677 343 2722; x_wconf 86' lang='lat' dir='ltr'>Ecclesiae</span> <span class='ocrx_word' id='word_1_347' title='bbox 375 2679 717 2722; x_wconf 88' lang='lat' dir='ltr'>consuetudinem</span> <span class='ocrx_word' id='word_1_348' title='bbox 753 2682 930 2734; x_wconf 85' lang='lat' dir='ltr'>augusto</span> <span class='ocrx_word' id='word_1_349' title='bbox 968 2676 1160 2732; x_wconf 86' lang='lat' dir='ltr'>Corporis</span> <span class='ocrx_word' id='word_1_350' title='bbox 1184 2674 1346 2718; x_wconf 91' lang='lat' dir='ltr'>Domini</span> <span class='ocrx_word' id='word_1_351' title='bbox 1370 2674 1638 2718; x_wconf 86' lang='lat' dir='ltr'>Sacramento</span> <span class='ocrx_word' id='word_1_352' title='bbox 1673 2687 1761 2717; x_wconf 83' lang='lat' dir='ltr'>sese</span> 
     </span>
     <span class='ocr_line' id='line_1_38' title="bbox 131 2744 1758 2806; baseline -0.004 -13"><span class='ocrx_word' id='word_1_353' title='bbox 131 2749 404 2794; x_wconf 78' lang='lat' dir='ltr'>reficiendi».</span> <span class='ocrx_word' id='word_1_354' title='bbox 427 2749 477 2793; x_wconf 90' lang='lat' dir='ltr'>Et</span> <span class='ocrx_word' id='word_1_355' title='bbox 503 2749 623 2806; x_wconf 88' lang='lat' dir='ltr'>paulo</span> <span class='ocrx_word' id='word_1_356' title='bbox 647 2754 759 2806; x_wconf 88' lang='lat' dir='ltr'>post:</span> <span class='ocrx_word' id='word_1_357' title='bbox 790 2747 1032 2805; x_wconf 86' lang='lat' dir='ltr'>«Equidem</span> <span class='ocrx_word' id='word_1_358' title='bbox 1057 2746 1319 2799; x_wconf 82' lang='lat' dir='ltr'>conlidimus,</span> <span class='ocrx_word' id='word_1_359' title='bbox 1343 2758 1449 2803; x_wconf 87' lang='lat' dir='ltr'>quae</span> <span class='ocrx_word' id='word_1_360' title='bbox 1474 2744 1538 2788; x_wconf 91' lang='lat' dir='ltr'>hic</span> <span class='ocrx_word' id='word_1_361' title='bbox 1565 2746 1758 2801; x_wconf 89' lang='lat' dir='ltr'>praescri-</span> 
     </span>
    </p>
   </div>
   <div class='ocr_carea' id='block_1_4' title="bbox 250 2899 1198 2943">
    <p class='ocr_par' dir='ltr' id='par_1_5' title="bbox 250 2899 1198 2943">
     <span class='ocr_line' id='line_1_39' title="bbox 250 2899 1198 2943; baseline -0.004 -6"><span class='ocrx_word' id='word_1_362' title='bbox 250 2902 262 2924; x_wconf 72' lang='lat'><em>1</em></span> <span class='ocrx_word' id='word_1_363' title='bbox 289 2901 426 2937; x_wconf 84' lang='lat' dir='ltr'>XVHI</span> <span class='ocrx_word' id='word_1_364' title='bbox 452 2902 545 2936; x_wconf 72' lang='lat' dir='ltr'>Kal.</span> <span class='ocrx_word' id='word_1_365' title='bbox 575 2901 756 2937; x_wconf 77' lang='lat' dir='ltr'>Octobris</span> <span class='ocrx_word' id='word_1_366' title='bbox 784 2902 888 2940; x_wconf 76' lang='lat'>1912,</span> <span class='ocrx_word' id='word_1_367' title='bbox 917 2901 993 2936; x_wconf 91' lang='lat' dir='ltr'>CO.</span> <span class='ocrx_word' id='word_1_368' title='bbox 1023 2900 1089 2943; x_wconf 88' lang='lat' dir='ltr'>IV,</span> <span class='ocrx_word' id='word_1_369' title='bbox 1118 2899 1198 2934; x_wconf 81' lang='lat'>609.</span> 
     </span>
    </p>
   </div>
  </div>
 </body>
</html>
