1971 3261
230 126 302 160 288
611 126 695 161 LIB.
725 126 796 160 III.
827 146 839 151 —
869 126 979 160 PARS
1021 127 1053 160 I.
1084 147 1095 152 -
1122 127 1179 162 De
1221 127 1487 164 Sam-amentis
1670 129 1763 165 Can.
1789 130 1858 165 911

234 247 476 302 praecipit»
498 264 506 299 ;
533 246 615 288 imo
640 258 687 288 eo
712 245 820 302 quod
850 247 1063 301 «impium
1089 251 1194 289 esset
1212 247 1352 290 dicere
1369 248 1478 304 quod
1498 247 1682 292 Ecclesia
1701 248 1856 307 aliquid

233 329 339 360 vane
359 318 511 359 taceret
527 331 546 357 ³>
572 316 602 369 ²,
624 320 729 359 etex
751 316 872 359 dictis
889 316 966 360 sub
985 319 1298 374 inscriptionum
1318 318 1607 374 explicatione,
1628 319 1859 364 laudandus

227 393 291 431 vest
309 390 367 430 sic
388 389 587 443 incipiens
611 400 701 430 ean.
726 389 820 429 911.
845 387 1009 437 OnmeS,
1033 390 1122 431 sive
1141 391 1395 445 incipientes,
1415 391 1503 432 sive
1527 390 1789 446 proficientes
1810 403 1858 434 ac

231 460 356 501 etiam
381 458 566 513 perfecti,
595 473 617 497 «
641 459 865 514 praecipue
898 457 961 515 (ut
994 460 1049 501 ait
1076 457 1119 501 D.
1146 458 1217 502 Th.
1245 459 1320 503 loc.
1345 462 1412 502 cit.
1437 460 1486 503 ad
1514 459 1585 517 4¹¹¹)
1610 462 1704 517 quia
1729 473 1857 518 quan-

231 529 367 586 doque
401 533 493 571 sunt
529 527 707 584 plurium
754 527 1016 584 (poenarum)
1064 528 1272 573 debitores
1320 542 1443 587 quam
1492 531 1665 574 credant
1687 546 1727 586 n,
1776 533 1857 575 imo

237 600 474 655 «quamvis
509 597 689 654 religiosi
725 601 806 641 sint
841 601 878 640 in
914 604 1021 642 statu
1058 600 1334 655 perfectionis,
1370 605 1504 643 tamen
1540 603 1614 657 ipsi
1649 603 1737 644 sine
1767 615 1860 657 pec-

231 674 321 712 cato
359 671 503 712 vivere
538 682 616 711 uon
652 674 839 725 possunt,
875 674 914 712 et
949 670 1040 713 ideo
1072 673 1103 713 si
1154 670 1377 727 aliquando
1427 677 1594 728 propter
1642 677 1856 728 peccatum

232 740 397 797 aliquod
432 742 700 783 commissum
733 742 813 783 sint
847 742 911 789 rei¹
939 740 1114 784 alicuius
1149 755 1317 797 poenae,
1353 746 1521 797 possunt
1546 755 1618 798 per
1642 743 1857 799 indulgen-

231 814 308 854 tias
340 810 392 854 ab
424 810 501 853 hac
535 813 707 866 expiari.
742 809 829 853 Non
865 813 972 853 enim
1008 817 1068 855 est
1102 814 1413 866 inconveniens,
1437 814 1469 855 si
1494 812 1561 855 ille
1584 815 1652 870 qui
1678 818 1737 856 est
1759 816 1856 856 sim—

233 881 394 938 pliciter
425 881 784 938 superabundans,
818 882 957 938 aliquo
990 887 1176 939 tempore
1210 883 1404 938 indigeat,
1429 888 1467 927 et
1491 888 1689 940 quantum
1710 884 1759 927 ad
1784 884 1856 928 ali·
1894 923 1898 927 .

231 953 353 1010 quid:
389 958 428 996 et
459 955 517 996 sic
553 953 737 1009 indigent
761 952 1068 1008 supplemento,
1093 967 1173 1010 quo
1196 953 1483 998 subleventur.
1509 953 1624 998 Unde
1648 954 1800 998 dicitur
1819 955 1856 998 2;

235 1024 390 1068 «Alter
423 1024 594 1067 alterius
626 1036 751 1066 onera
787 1028 985 1080 portate»
1010 1023 1037 1065 3.
1079 1021 1276 1068 «Omnes
1303 1040 1320 1064 ))
1361 1027 1486 1081 igitur
1517 1025 1661 1082 'maym
1692 1024 1857 1082 faciam

230 1097 515 1138 aestimatione
549 1095 720 1137 allectus
757 1094 981 1138 voluntatis
1024 1094 1328 1152 v‘ndzclyemicts,
1371 1099 1410 1138 et
1451 1108 1544 1138 cum
1590 1099 1854 1153 consequenti

231 1165 378 1208 ellectu
413 1178 482 1208 eas
518 1165 719 1220 lucrandi,
754 1170 895 1209 contra
930 1166 1038 1223 quod
1076 1169 1376 1222 praescriptum
1412 1179 1490 1209 non
1526 1169 1615 1221 iret,
1651 1169 1733 1223 qui,
1757 1166 1854 1210 dum

232 1241 289 1278 tot
323 1236 609 1292 indulgentiae
645 1236 842 1279 lucrifieri
879 1241 1049 1294 queunt,
1084 1250 1163 1280 non
1198 1242 1363 1280 curaret
1397 1236 1470 1280 has
1506 1237 1567 1280 vel
1595 1237 1683 1280 illas
1706 1237 1857 1280 lucrari

232 1309 354 1349 etiam
393 1307 486 1350 data
522 1310 841 1363 opportunitate,
875 1308 945 1350 ¹sed
980 1321 1059 1350 non
1094 1312 1199 1351 esset
1235 1310 1430 1351 immunis
1467 1320 1488 1351 a
1533 1310 1858 1364 transgressione

230 1378 369 1434 aliqua
405 1381 472 1435 qui
508 1378 628 1421 simul
667 1378 805 1421 faciles
839 1381 1077 1422 occasiones
1113 1384 1152 1421 ut
1199 1379 1432 1435 plurimum·
1470 1379 1712 1435 negligeret,
1762 1381 1855 1435 quia

235 1454 331 1492 tunc
364 1449 480 1491 nihili
513 1454 579 1492 aul
617 1451 733 1505 parvi
770 1451 904 1492 lacere
928 1462 997 1492 eas
1020 1463 1062 1493 se
1086 1450 1342 1503 ostenderet,
1367 1462 1539 1506 gravem
1567 1458 1702 1492 tamen
1726 1454 1856 1492 trans-

232 1522 488 1575 gressionem
509 1520 653 1563 adesse
678 1522 919 1576 praescripti
944 1533 1104 1574 censeo,
1129 1523 1160 1562 si
1188 1520 1305 1576 plena
1329 1520 1627 1563 deliberatione
1646 1522 1683 1562 in
1705 1523 1857 1575 animo,
1911 1544 1919 1550 -

237 1590 388 1643 verbis,
425 1593 531 1634 iacto
568 1591 630 1633 vel
667 1593 888 1634 omissione
921 1591 1148 1634 lormaliter
1181 1595 1464 1634 contemneret
1498 1590 1789 1646 indulgentias.

351 1661 437 1705 Has
470 1664 625 1716 optime
659 1661 857 1705 describit
890 1674 1020 1705 canon
1054 1661 1255 1705 subdens:
1290 1676 1362 1704 seu
1394 1661 1681 1704 remissionem
1717 1675 1854 1704 eoram

235 1731 334 1787 Deo,
360 1735 440 1775 imo
464 1737 502 1775 et
526 1733 848 1776 satisfactionem
874 1732 1041 1776 divinae
1067 1735 1243 1775 iustitiae
1269 1735 1379 1775 iuxta
1404 1738 1533 1789 seqq⁸.
1560 1734 1857 1788 propositiones

233 1803 464 1859 damnatas,
489 1806 664 1860 primam
691 1803 856 1846 Lutheri
882 1816 902 1846 a
927 1803 1061 1846 Leone
1085 1802 1119 1846 X
1144 1808 1183 1846 et
1206 1803 1376 1846 alteram
1411 1803 1564 1859 Synodi
1600 1803 1858 1846 pistoriensis

232 1886 252 1916 a
289 1873 357 1916 Pio
392 1873 464 1918 Vl:
504 1874 612 1917 «19.
647 1873 934 1930 Indulgentiae
967 1872 1042 1928 his,
1068 1876 1136 1930 qui
1176 1876 1379 1916 veraciter
1422 1885 1491 1916 eas
1533 1877 1856 1929 consequuntur,

232 1957 311 1986 non
350 1944 488 1988 valent
519 1945 568 1988 ad
608 1946 892 1987 remissionem
928 1956 1084 2000 poenae
1121 1957 1192 2000 pro
1227 1946 1406 2000 pcccatis
1438 1943 1671 1987 actualibus
1693 1943 1856 1986 debitae

231 2015 341 2071 apud
377 2015 561 2058 divinam
598 2017 854 2064 iustitiam»,
889 2020 929 2058 et
965 2030 984 2056 ((
1005 2015 1072 2058 40.
1108 2015 1226 2071 Prop.
1251 2027 1453 2069 asserens,
1477 2014 1774 2071 indulgentiam
1799 2027 1856 2057 se-

233 2086 415 2129 cundum
451 2099 567 2129 suam
604 2088 834 2142 praecisam
869 2088 1076 2129 notionem
1111 2085 1221 2129 aliud
1257 2099 1335 2128 non
1370 2099 1459 2129 esse
1491 2097 1615 2143 quam
1652 2087 1857 2128 remissio-

232 2168 326 2198 nem
363 2159 489 2212 partis
522 2160 611 2200 eius
646 2158 937 2213 poenitentiae,
968 2169 1074 2213 quae
1109 2169 1181 2212 per
1213 2168 1391 2199 canones
1433 2159 1583 2199 statuta
1632 2160 1719 2198 erat
1763 2167 1854 2211 pec-

233 2229 364 2270 canti:
400 2229 515 2284 quasi
552 2227 808 2283 indulgentia
843 2232 1008 2284 praeter
1041 2227 1194 2270 nudam
1230 2228 1514 2269 remissionem
1550 2238 1706 2282 poenae
1739 2237 1856 2268 cano-

232 2300 351 2340 nicae
385 2311 463 2340 non
488 2300 610 2341 etiam
640 2297 774 2341 valeat
797 2298 846 2341 ad
874 2299 1160 2341 remissionem
1196 2309 1354 2353 poenae
1388 2296 1627 2353 temporalis
1660 2309 1733 2352 pro
1767 2309 1857 2352 pec-

231 2369 334 2410 catis
351 2367 583 2412 actualibus
616 2367 779 2411 debitae
802 2369 910 2425 apud
936 2370 1122 2411 divinam
1148 2369 1370 2420 iustitiam;
1395 2366 1506 2422 falsa,
1532 2369 1796 2410 temeraria...
1815 2382 1853 2408 )).

350 2437 500 2482 Contra
534 2451 655 2495 quam
692 2439 834 2482 falsam
867 2441 1114 2482 sententiam
1148 2438 1350 2495 arguebat
1372 2452 1446 2482 suo
1470 2443 1657 2494 tempore
1680 2437 1725 2481 D.
1751 2437 1854 2480 Tho-

234 2521 321 2552 mas
354 2509 700 2553 concludentibus
734 2510 963 2554 rationibus
996 2509 1073 2554 hoc
1108 2510 1251 2553 modo:
1292 2509 1408 2553 «Sed
1452 2509 1553 2553 haec
1596 2511 1732 2565 opinio
1775 2521 1853 2551 non

234 2579 399 2623 videtur
435 2592 545 2624 vera.
583 2580 718 2623 Primo
751 2583 846 2638 quia
882 2585 944 2624 est
986 2593 1181 2636 expresse
1229 2586 1372 2624 contra
1422 2579 1686 2636 privilegium
1739 2579 1855 2622 Petro

227 2650 386 2701 datum„
421 2653 487 2693 cui
521 2651 676 2693 dictum
712 2656 772 2695 est
804 2651 963 2704 (Mattll.
998 2650 1122 2708 XVl),
1158 2656 1201 2694 ut
1233 2652 1342 2709 quod
1378 2653 1416 2693 in
1462 2655 1569 2693 terra
1614 2652 1854 2704 remitteret,

232 2723 271 2763 in
305 2721 420 2764 coelo
455 2723 750 2766 remitteretur,
784 2721 900 2766 Unde
934 2724 1122 2765 remissio
1154 2734 1260 2779 quae
1295 2722 1338 2764 fit
1382 2726 1582 2778 quantuni
1625 2720 1675 2764 ad
1719 2721 1851 2763 forum

351 2875 362 2896 1
390 2874 434 2908 D.
462 2874 533 2908 Th.
563 2874 632 2909 loc.
659 2875 726 2909 eit.
758 2895 798 2900 -—
826 2875 840 2897 2
858 2875 942 2909 Gal.
969 2875 1035 2918 VI,
1063 2877 1097 2908 ⁴2.
1129 2896 1170 2900 —
1199 2874 1333 2919 Suppl.
1364 2886 1398 2919 q.
1429 2846 1581 2908 XXVII
1609 2886 1641 2907 a.
1666 2874 1688 2906 2
1713 2872 1760 2906 ad
1788 2874 1852 2906 11¹1.

1942 2702 1961 2743 a

1943 2775 1948 2789 ”
1958 2779 1960 2807 l
