1971 3261
656 146 812 211 '11T.X
817 147 866 181 ΙΙ.

155 276 259 311 super
285 264 405 300 iisdem
435 264 709 310 impedimentis,
739 266 841 300 etiam
873 278 932 311 pu-

157 312 270 355 blicis,
292 312 326 346 in
347 322 416 347 uno
442 312 631 357 eodemque
649 322 731 347 casu
749 323 931 349 oc··-turien

157 359 261 394 tibus.

204 406 288 441 (ΣΑΝ.
320 404 419 439 1⁰5⁰.
443 427 459 431 -
488 405 523 440 Si
551 406 692 451 quando
718 418 796 441 cum
825 406 932 453 inipe—

156 453 312 489 dimento
338 464 397 488 sen
427 453 687 498 impedimentis
716 453 862 499 publicis
882 467 934 489 su-

159 511 218 547 per
243 500 370 546 quibus
396 512 434 535 ex
464 500 598 535 indulto
627 501 830 546 dispensare
857 504 934 547 quis

160 552 280 594 potest,
310 553 494 583 concurrat
519 548 613 582 alind
643 549 932 594 impedimentum

157 606 260 640 super
286 605 353 639 quo
379 595 582 641 dispensare
604 600 764 641 nequeat,
785 607 843 641 pro
861 607 933 631 om-

158 642 262 677 nibns
288 642 393 677 Sedes
412 642 608 688 Apostolica
634 643 721 678 adiri
751 643 876 683 debet;
906 656 932 677 st

156 694 274 725 tamen
296 689 585 734 impedimentum
605 701 663 725 sen
684 689 936 735 impedimenta

157 747 263 783 super
288 737 415 782 quibus
454 737 657 782 dispensare
692 742 813 783 potest,
843 750 933 773 com-

159 784 339 830 periantur
357 790 430 830 post
446 784 665 830 impetratam
681 784 839 820 aSancta
848 785 935 821 Sede

155 831 466 878 dispensationem,
482 832 553 866 suis
570 832 793 868 facultatibus
813 834 859 867 uti
883 844 934 879 po-

157 880 246 914 terit.

205 925 287 962 cm.
320 925 418 961 10:51.
442 947 456 951 -
480 926 541 962 l'er
559 926 855 972 dispensationem
884 939 936 962 su-

159 984 218 1020 per
245 973 496 1020 impedimento
522 973 708 1010 dirimente
735 986 933 1010 concessam

156 1021 227 1056 sive
252 1032 291 1056 ex
321 1026 487 1066 potestate
505 1021 694 1063 ordinaria
717 1022 788 1056 sive
814 1033 852 1057 ex
881 1034 936 1068 po-

157 1073 279 1103 testate
305 1069 462 1113 delegata
483 1079 540 1114 per
562 1069 737 1104 indultum
764 1070 935 1114 generale,

160 1126 228 1150 non
270 1127 347 1150 vero
386 1127 443 1161 per
481 1116 686 1162 rescriptum
727 1116 762 1150 in
798 1117 937 1152 casibus

160 1163 442 1209 particularibus,
483 1163 685 1198 conceditur
723 1174 860 1210 quoqne
898 1175 936 1199 eo

159 1210 232 1256 ipso
273 1210 474 1254 legitimatio
516 1210 631 1255 proliS‚
660 1211 686 1244 si
716 1222 783 1256 qua
817 1222 856 1246 ex
895 1212 936 1245 iis

158 1268 236 1292 cum
264 1257 391 1303 quibus
417 1258 637 1302 dispensatur
672 1258 738 1292 iam
775 1264 857 1293 nata
884 1259 935 1293 vel

157 1309 325 1350 concepta
352 1304 467 1342 suerit,
493 1310 632 1350 excepta
660 1309 776 1341 tamen
803 1306 936 1341 adulte-

158 1351 236 1386 rina
262 1356 294 1387 et
321 1352 501 1395 sacrilega.

206 1397 290 1433 CAN.
324 1397 425 1433 1052.
447 1419 467 1425 -
489 1398 706 1444 Dispensatio
723 1399 768 1434 ab
792 1399 937 1446 impedi-

159 1450 276 1481 mento
302 1446 619 1491 consanguinitatis
655 1447 704 1482 vel
740 1447 934 1487 allinitatis,

156 1504 322 1529 concessa
351 1494 384 1528 in
412 1494 530 1539 aliquo
552 1494 791 1539 impedimenti
810 1495 934 1539 gradu,

159 1540 261 1580 valet
291 1541 369 1576 licet
396 1541 429 1575 in
461 1540 626 1587 petitione
657 1541 707 1577 vel
735 1542 770 1576 in
797 1553 937 1578 eonces-

157 1588 254 1624 sione
268 1599 362 1623 er1··oi
376 1588 467 1624 cirea
481 1588 627 1633 gradum
645 1588 832 1634 iiwrepseiin
841 1590 938 1625 ‹lum-

160 1635 261 1688 modo
286 1636 414 1680 gradus
441 1646 557 1672 revera
584 1636 754 1672 exsistens
780 1637 824 1671 sit
851 1637 937 1673 infe-

159 1682 240 1724 rior,
273 1688 330 1718 aut
371 1683 449 1718 licet
487 1682 660 1718 reticitum
702 1684 804 1720 fuerit
841 1684 936 1720 aliud

159 1730 449 1776 impedimentum
485 1731 640 1766 eiusdem
668 1731 792 1777 speciei
822 1732 856 1766 in
882 1743 938 1768 ae-

157 1777 251 1823 quali
281 1777 330 1812 vel
361 1778 523 1813 inferiore
548 1779 670 1823 gradu.

207 1823 291 1860 (ΞΑΝ.
326 1824 426 1859 1053.
457 1846 473 1851 -
505 1824 589 1861 Data
626 1837 646 1861 a
684 1825 813 1861 Sancta
851 1826 939 1862 Sede

157 1872 374 1918 dispensatio
413 1883 517 1917 super
556 1873 780 1909 matrimonio
806 1879 880 1909 rato
906 1878 938 1909 et

159 1930 228 1955 non
258 1925 501 1955 consummato
540 1920 591 1956 vel
633 1921 721 1956 facta
757 1921 939 1966 permissio

159 1967 329 2003 transitus
355 1968 397 2002 ad
425 1967 512 2003 alias
539 1969 682 2014 nuptias
700 1968 743 2003 ob
765 1980 939 2015 praesum-

891 147 985 212 -Dc
1013 149 1123 182 Matr
1128 151 1273 183 imonio
1717 149 1784 182 523

1008 271 1100 312 ptam
1128 266 1286 311 coniugis
1314 273 1472 310 mortem,
1490 267 1674 302 secumfcrt
1695 279 1783 303 sem-

1011 325 1068 359 pcr
1109 314 1407 359 dispensationem
1448 294 1491 348 i’ib
1535 314 1785 367 impedimento

1010 361 1232 406 proxeniente
1258 372 1296 396 ex
1322 362 1492 397 adulterio
1525 373 1602 396 cnm
1641 363 1785 414 promis-

1008 409 1104 443 sione
1125 408 1174 443 vel
1193 409 1386 443 attentione
1410 408 1634 449 ni·‚1trimonii
1663 420 1689 443 st
1718 421 1784 454 qua

1007 467 1093 501 opus
1120 456 1175 493 sit,
1207 456 1352 491 minime
1380 467 1457 491 xero
1487 456 1784 502 dispensationem

1008 503 1052 537 ab
1080 503 1330 547 impedimento
1356 504 1398 538 de
1424 515 1491 548 quo
1519 515 1553 537 in
1581 515 1659 538 can.
1684 502 1782 538 1073).

1010 561 1071 584 un.
1101 550 1136 590 2,
1165 549 1198 584 3.

1056 596 1573 643 L'AN.1054.-l)ispcnsati0
1603 609 1623 632 a
1652 598 1786 633 minore

1011 644 1260 697 impedimento
1286 656 1460 686 concessa,
1484 644 1578 679 nullo
1597 645 1668 680 sive
1695 645 1788 680 obre-

1011 691 1138 737 ptionis
1165 692 1237 727 sive
1263 691 1498 738 subreptionis
1517 692 1599 726 vitio
1620 693 1786 731 irritatur,

1008 739 1070 773 etsi
1092 739 1195 773 unica
1210 750 1314 774 causa
1331 739 1445 774 finalis
1466 740 1498 773 in
1518 739 1676 785 precibus
1690 751 1789 786 expo-

1011 786 1120 842 posita
1149 786 1233 821 falsa
1261 786 1377 821 suerit

1057 832 1142 868 (ΣΑΝ.
1177 831 1275 868 1055.
1313 853 1329 860 -
1365 833 1647 879 l)ispcnsationes
1685 844 1789 879 super

1012 880 1159 927 publicis
1187 881 1447 933 impedimentis
1464 880 1652 915 Ordinario
1678 885 1789 916 orato—

1010 940 1082 963 ruin
1102 928 1319 967 commissas
1341 933 1549 973 exsequatur
1576 928 1788 963 Ordinarins

1010 976 1067 1021 qui
1086 976 1216 1010 litteras
1231 975 1483 1010 testimoniales
1497 975 1590 1010 dedit
1605 976 1655 1010 vel
1674 986 1790 1022 preces

1011 1023 1205 1057 transmisit
1219 1023 1260 1057 ad
1278 1022 1400 1058 Sedem
1415 1023 1659 1068 Apostolicam,
1670 1024 1789 1058 etiam-

1011 1070 1036 1104 si
1053 1070 1264 1116 sponsi,quo
1279 1075 1432 1115 tempore
1446 1070 1656 1105 exsecutioni
1674 1070 1788 1105 danda

1010 1128 1044 1153 es
1050 1122 1061 1151 t
1086 1116 1314 1161 dispensatio,
1344 1117 1462 1152 relicto
1501 1117 1594 1151 illins
1625 1118 1791 1153 dioecesis

1010 1164 1187 1199 domicilio
1212 1169 1272 1199 aut
1298 1164 1413 1209 quasi·
1404 1165 1605 1204 d-omicitio.
1623 1165 1654 1199 in
1683 1165 1788 1199 aliam

1011 1211 1195 1247 dioecesim
1223 1211 1447 1246 discesserint
1475 1223 1542 1246 non
1563 1212 1716 1258 amplius
1743 1223 1791 1247 1·-e

1012 1259 1155 1300 versuri‚
1186 1259 1317 1293 monito
1331 1263 1448 1293 tamen
1466 1257 1654 1294 Ordinario
1674 1259 1759 1294 loci
1754 1270 1787 1294 tn

1011 1317 1082 1363 quo
1107 1306 1369 1341 matrimonium
1398 1307 1602 1341 contrahere
1628 1307 1787 1353 cupiunt.

1059 1352 1142 1389 CAN.
1176 1351 1273 1389 1056.
1298 1353 1485 1399 -Excepta
1513 1354 1647 1389 modica
1673 1354 1791 1399 aliqua

1014 1412 1092 1446 pru
1097 1400 1246 1436 statione
1272 1411 1309 1435 ex
1338 1401 1437 1435 titulo
1463 1412 1693 1446 expensarum
1714 1413 1792 1436 can-

1011 1448 1171 1483 ccllariae
1199 1448 1234 1482 in
1261 1448 1583 1494 dispensationibus
1620 1459 1678 1493 pro
1717 1460 1789 1483 non

1015 1494 1236 1541 pauperibus,
1256 1495 1408 1530 locorum
1425 1494 1604 1531 Ordinarii
1626 1507 1790 1532 eorumve

1011 1542 1186 1583 officiales,
1228 1542 1411 1589 reprobata
1453 1543 1575 1588 quavis
1618 1544 1791 1578 contraria

1012 1590 1277 1629 consuetudine,
1299 1595 1490 1636 nequeunt,
1508 1590 1689 1626 occasione
1715 1602 1792 1626 con-

1012 1648 1127 1672 cessae
1145 1637 1725 1683 dispensationis,emolumentum
1746 1639 1792 1674 ul-

1014 1685 1084 1719 lnm
1104 1685 1251 1729 exigere,
1270 1685 1337 1720 nisi
1357 1685 1441 1720 haec
1463 1685 1607 1720 facultas
1625 1696 1645 1720 a
1665 1684 1792 1721 Sancta

1013 1731 1101 1768 Sede
1120 1743 1158 1767 ex
1167 1743 1280 1778 presse
1299 1732 1348 1768 eis
1366 1732 1446 1767 data
1475 1732 1596 1773 l'uerit;
1623 1737 1656 1768 et
1674 1733 1700 1767 si
1721 1744 1793 1768 exe-

1012 1781 1137 1825 gei-int,
1170 1785 1334 1815 tenentur
1358 1780 1401 1814 ad
1430 1780 1698 1816 restitutionem.

1061 1826 1144 1863 CAN.
1176 1825 1274 1862 1057.
1296 1848 1312 1852 —
1335 1826 1400 1871 Qui
1421 1838 1460 1862 ex
1482 1831 1648 1873 potestate
1667 1839 1686 1863 a
1705 1825 1793 1863 Sede

1013 1874 1211 1920 Apostoliea
1228 1875 1385 1920 delegata
1400 1874 1699 1919 dispensationem
1715 1886 1794 1910 con-

1012 1922 1153 1965 cedunt,
1184 1923 1219 1956 in
1245 1922 1366 1958 eadem
1393 1933 1590 1967 expressam
1624 1921 1791 1968 pontificii

1014 1969 1138 2004 indulti
1169 1969 1383 2005 mentionem
1413 1969 1555 2004 faciant.

278 2038 376 2081 426.
413 2041 670 2097 Inscriptio
704 2043 881 2098 capitis
913 2044 962 2087 et
995 2043 1117 2087 ordo
1152 2055 1408 2087 canonum.
1428 2066 1481 2071 —
1506 2040 1665 2084 Deinde
1698 2055 1792 2084 eon·

158 2109 344 2153 siderare
378 2115 540 2167 oportet
563 2109 697 2169 Caput
732 2110 775 2154 II
806 2113 1049 2166 inscriptum
1079 2111 1136 2154 De
1168 2111 1479 2170 impedimentis
1513 2113 1590 2156 hoe
1624 2117 1706 2156 est:
1741 2113 1792 2155 de

161 2179 226 2223 his
259 2193 364 2238 quae
398 2180 562 2225 obstant
596 2195 645 2225 ex
683 2187 797 2238 parte
832 2195 1101 2239 personarum
1138 2185 1403 2226 matrimonio
1434 2183 1569 2227 valide
1603 2197 1650 2227 ae
1684 2183 1794 2226 licite

160 2251 557 2307 contrahendo,1mn
583 2257 788 2310 quatenus
820 2258 881 2296 est
913 2258 1219 2297 sacramentnm
1255 2253 1546 2310 dispositiones
1579 2256 1796 2312 requirens

162 2323 199 2364 in
233 2321 420 2366 subiecto
454 2322 544 2366 aliis
577 2336 745 2381 quoqne
777 2326 1051 2367 sacramentis
1084 2337 1340 2378 communes,
1364 2325 1435 2368 sed
1463 2329 1583 2381 prout
1616 2330 1675 2368 est
1708 2337 1794 2381 spe-

160 2392 265 2436 ciale
298 2398 622 2447 sacramentum,
646 2409 717 2437 scu
753 2394 975 2451 peculiaris
1008 2399 1246 2438 contractus
1268 2408 1317 2438 ex
1344 2397 1433 2439 iure
1467 2401 1639 2439 naturae
1673 2398 1795 2439 intro-

161 2464 311 2507 ductus
353 2476 399 2508 ac
446 2465 653 2521 regendus
691 2479 738 2508 eo
772 2467 875 2517 iure,
912 2468 1087 2522 positix'o
1132 2465 1275 2509 divino
1309 2471 1348 2509 et
1380 2469 1581 2510 canonico
1628 2471 1795 2523 propter

163 2534 412 2591 baptismum
447 2535 498 2579 ab
533 2549 616 2587 uno
646 2536 791 2580 saltem
817 2549 865 2579 ex
891 2536 1233 2580 connubentibus
1266 2543 1503 2593 susceptum
1529 2537 1578 2581 ad
1605 2549 1792 2581 normam

160 2617 250 2648 can.
288 2605 398 2647 1016
434 2605 488 2650 ibi
523 2606 785 2663 explicatam.
820 2606 1061 2664 Completur
1105 2609 1318 2663 inscriptio
1355 2607 1516 2652 verbis:
1552 2608 1595 2650 in
1626 2622 1793 2665 qenere,

160 2675 336 2719 seilicet:
372 2689 551 2720 canones
584 2676 660 2720 sub
696 2678 771 2721 hoe
804 2679 940 2734 eapite
973 2680 1156 2734 congesti
1193 2691 1359 2722 normas
1394 2679 1561 2722 tradunt
1602 2679 1795 2728 omnibus

162 2744 242 2788 illis
274 2758 530 2801 communes,
565 2751 607 2789 ut
641 2746 796 2803 patebit
829 2760 877 2791 ex
913 2760 1056 2790 eorum
1091 2747 1338 2804 explicanda
1378 2748 1704 2794 coordinatione.
1741 2775 1793 2779 —

166 2816 382 2873 Postquam
434 2819 544 2860 notio
594 2818 986 2874 impedimentorum
1039 2821 1222 2862 innuitur
1270 2832 1361 2864 can.
1401 2819 1526 2873 1035,
1565 2833 1794 2876 eorumque

162 2886 269 2930 duae
303 2891 567 2943 exponuntur
599 2887 825 2932 divisiones
859 2891 897 2931 in
932 2901 1022 2932 can.
1062 2888 1188 2943 1036,
1224 2889 1353 2944 1037,
1383 2894 1464 2933 tres
1497 2889 1796 2947 subsequentes
