1971 3261
160 123 229 158 274
554 122 638 156 LIB.
667 121 739 155 ΙΙΙ.
769 141 781 146 -
807 120 919 155 PARS
944 120 974 154 I.
1004 140 1016 145 -
1041 119 1100 155 De
1124 119 1388 155 ‚sacramentis
1548 158 1561 179 Χ
1594 119 1688 155 Gan.
1713 119 1786 154 903

160 245 322 299 signum
356 242 494 300 aliquo
530 245 710 298 peccate,
733 239 960 283 dummodo
993 243 1156 282 ceterae
1188 238 1582 295 dispositiones'per
1609 241 1783 282 exterio-

160 326 248 356 rem
282 312 558 356 humilitatem
592 311 729 368 aliquo
764 310 885 353 modo
919 309 1250 353 ostenderentur.

278 383 450 426 Possunt
483 395 582 438 ergo
617 381 673 424 illi
704 394 781 438 per
814 380 1085 437 interpretem
1107 380 1158 423 ad
1181 379 1455 436 supplendam
1495 382 1777 435 impotentiam

159 454 410 498 declaratam
446 452 648 509 confiteri,
682 452 721 495 id
756 456 837 495 est:
872 450 1227 495 sacramentaliter
1250 453 1544 494 conscientiam
1568 451 1782 495 declarare

159 525 362 568 sacerdoti
397 525 662 579 confessario,
695 525 786 566 sive
819 525 1024 578 interpres
1056 521 1124 565 ille
1153 524 1205 565 sit
1236 522 1432 566 sacerdos
1466 535 1545 565 non
1584 522 1785 565 confessa-

161 598 257 648 rius,
292 597 381 638 sive
415 594 591 638 clericus
623 594 741 645 alius,
790 593 1019 649 religiosus,
1055 595 1183 636 laicus
1228 592 1466 649 baptizatus,
1505 595 1567 635 vir
1610 598 1680 636 aut
1712 606 1785 649 per

160 679 201 709 se
236 667 409 720 femina3
443 665 512 708 sed
548 665 737 707 limitatio
770 663 1017 707 deducenda
1041 662 1214 719 singulis
1238 665 1277 705 in
1311 663 1475 706 casibus
1499 677 1547 707 ex
1573 663 1780 707 clausula:

155 735 446 795 praecavendo
480 736 519 787 a)
557 734 725 790 abusam,
758 748 807 778 ne
840 734 941 778 illud
975 736 1046 777 tiat
1078 737 1165 777 sine
1201 746 1299 777 vera
1339 734 1682 790 impossibilitate,
1731 747 1783 777 ne

160 807 228 850 alii
263 810 417 863 possint
450 807 607 862 audire,
642 820 693 849 ne
726 810 869 862 putent
906 806 1091 848 videntes
1124 805 1200 848 hoc
1233 805 1321 848 fieri
1345 804 1501 862 absque
1524 807 1781 858 necessitate,

161 883 199 919 et
232 876 275 933 b)
309 876 527 931 scandala,
563 890 641 919 non
675 876 932 919 admittendo
964 876 1175 929 feminam,
1207 875 1305 917 dum
1330 875 1436 918 adsit
1472 877 1535 917 vir
1568 874 1699 918 bonus
1721 878 1782 917 iu-

161 953 333 1004 terpres,
367 961 442 991 nec
476 950 742 1003 interpretem
776 947 827 990 de
860 949 978 990 cuius
1010 947 1288 1002 competentia
1321 949 1360 988 et
1383 944 1596 988 honestate
1630 958 1781 988 conve-

160 1021 287 1062 nienti
321 1032 400 1062 non
434 1023 605 1073 constet,
639 1031 715 1061 nec
750 1017 865 1060 illum
912 1019 981 1074 qui
1018 1015 1287 1073 probabiliter
1319 1015 1560 1059 scandalum
1607 1028 1658 1059 ex
1691 1028 1786 1059 con-

161 1089 333 1132 fessione
366 1094 591 1146 sequutura
631 1092 853 1144 pateretur,
890 1087 955 1131 vel
989 1087 1174 1141 demum,
1216 1089 1322 1130 sicut
1369 1087 1547 1130 feminae
1580 1091 1623 1129 ut
1657 1086 1782 1143 pluri-

161 1173 287 1216 mum,
323 1160 535 1203 moraliter
567 1164 680 1203 certo
715 1172 793 1202 non
827 1163 1071 1215 expectetur
1104 1157 1474 1214 adimplementum
1513 1157 1647 1200 finalis
1670 1156 1783 1201 clau-

159 1230 295 1274 sulae:
330 1230 449 1287 firmo
481 1230 745 1288 praescripto
780 1244 869 1272 caii..
904 1231 1014 1283 889,
1047 1231 1072 1283 ἓ
1093 1231 1137 1282 2,
1163 1228 1216 1272 ibi
1251 1228 1457 1284 explicato
1496 1228 1691 1271 servandi
1727 1240 1784 1271 sa—

160 1301 413 1345 cramentale
445 1301 639 1358 sigillum,
675 1306 714 1344 et
747 1301 798 1344 de
831 1313 910 1358 qua
961 1300 1211 1356 obligatione
1245 1305 1352 1343 esset
1387 1301 1590 1355 interpres
1632 1311 1653 1342 a
1687 1312 1783 1342 con-

161 1374 328 1416 fessario
362 1373 605 1419 monendus,
641 1374 716 1415 nisi
752 1374 831 1415 iani
865 1377 977 1415 certo
1020 1371 1088 1414 ille
1120 1373 1235 1414 sciat.
1283 1369 1474 1414 Clausula
1512 1383 1609 1413 vero
1643 1370 1783 1426 penul-

161 1446 259 1487 tima
291 1444 426 1501 quoad
462 1445 784 1501 exequutionem
818 1447 879 1486 est
915 1455 937 1485 a
971 1444 1219 1485 confessario
1255 1443 1476 1497 praecipue
1499 1443 1722 1498 servanda,
1746 1446 1785 1484 et

161 1527 181 1558 a
215 1520 376 1558 rectore
410 1514 621 1558 Ecclesiae
656 1527 728 1570 pro
762 1527 934 1556 munere
966 1526 1053 1567 suo,
1087 1513 1158 1556 sed
1194 1513 1328 1570 quoad
1365 1525 1531 1555 normas
1570 1512 1785 1568 generales

161 1590 198 1628 et
245 1587 285 1628 in
319 1585 483 1628 casibus
528 1598 694 1642 quoque
726 1585 1018 1627 auctoritative
1051 1582 1102 1626 ab
1134 1580 1382 1635 Ordinariis,
1425 1584 1494 1639 qui
1528 1585 1783 1640 ceteroquin,

162 1660 204 1698 ut
236 1655 372 1699 aiebat
405 1654 530 1698 Decffl.
564 1656 603 1699 S.
638 1654 855 1710 Congi·eg⁸,
891 1653 1111 1710 prohibere
1145 1657 1355 1710 nequeunt
1388 1652 1497 1709 quod
1523 1651 1574 1696 ab
1608 1652 1684 1696 hoc
1717 1665 1783 1696 ca-

160 1739 266 1769 none
299 1728 357 1769 sic
390 1725 599 1769 declarato
633 1725 889 1768 conceditur.

278 1806 358 1841 233.
387 1810 676 1842 Denunciatio
703 1809 949 1849 peragenda
975 1809 1039 1841 rei
1066 1808 1392 1841 sollicitationis
1420 1808 1462 1838 in
1499 1805 1787 1839 confessione.

161 1887 205 1891 —
232 1865 357 1902 Bened.
386 1865 461 1901 XIV
481 1866 515 1900 in
543 1870 650 1901 const.
680 1866 744 1900 sub
770 1876 843 1911 seq.
865 1876 943 1900 can.
965 1870 1169 1900 conservata
1194 1865 1277 1899 dicit
1298 1863 1445 1899 motivas
1465 1863 1560 1897 illius
1578 1873 1721 1899 causas:
1743 1874 1786 1899 ne

168 1925 291 1971 «quod
319 1925 354 1959 in
383 1925 542 1967 salutem,
569 1930 601 1960 et
631 1924 847 1960 curationem
885 1924 1099 1965 animarum,
1132 1935 1151 1958 a
1181 1923 1258 1964 Deo,
1287 1925 1344 1969 qui
1374 1924 1468 1960 dives
1503 1929 1554 1960 est
1581 1925 1617 1958 in
1652 1923 1787 1958 miseri—

161 1984 290 2022 cordia,
327 1983 527 2018 institutum
566 1988 617 2019 est
642 1981 923 2027 (Sacramentum
953 1982 1215 2026 Poenitentiae),
1242 1983 1426 2018 execrabili
1454 1983 1675 2019 scelestorum
1703 1992 1785 2028 quo-

162 2043 323 2077 rumdam
350 2042 568 2077 sacerdotum
596 2042 831 2088 improbitate,
852 2041 887 2075 in
911 2052 1030 2077 earum
1051 2041 1240 2087 perniciem
1260 2046 1364 2087 atque
1383 2041 1563 2077 interitum
1583 2045 1735 2076 vertatur
1750 2054 1782 2074 >>.

163 2101 202 2136 Et
229 2106 410 2147 postquam
438 2102 473 2135 in
502 2102 537 2143 §0
558 2101 593 2135 1ο
622 2106 790 2136 memorat
822 2117 835 2130 α
854 2111 875 2135 a
895 2100 950 2136 fel.
980 2111 1047 2135 rec.
1072 2099 1175 2145 Greg.
1199 2099 1256 2135 XV
1286 2111 1344 2147 per
1364 2112 1444 2136 suas
1463 2101 1594 2136 litteras
1620 2100 1655 2134 in
1677 2100 1786 2135 forma

163 2160 323 2196 Brevium
350 2160 414 2195 sub
440 2161 560 2195 datum
588 2159 632 2195 30
660 2162 747 2205 Aug.
774 2158 862 2194 1622
889 2160 1064 2206 sapienter
1084 2160 1257 2205 provisum
1281 2160 1384 2196 fuisse
1409 2164 1530 2195 contra
1549 2170 1785 2206 quoscumque

163 2220 356 2255 sacerdotes
383 2236 397 2250 »
425 2220 628 2265 praedictos,
654 2220 721 2255 ait:
756 2236 770 2249 <x
789 2224 822 2254 et
848 2219 1056 2264 deinceps...
1084 2219 1125 2254 ad
1153 2229 1273 2254 earum
1313 2219 1628 2264 interpretationem
1663 2229 1703 2254 ac
1728 2218 1785 2253 de-

163 2278 404 2322 clarationem,
436 2279 534 2324 plura
560 2279 709 2314 subinde
734 2290 752 2314 e
790 2276 917 2323 Congr.
944 2276 979 2313 S.
1021 2277 1261 2323 inquisitionis
1299 2278 1364 2313 sub
1390 2279 1446 2314 die
1488 2277 1525 2312 11
1554 2277 1652 2313 Febr.
1695 2275 1781 2312 1661

163 2337 334 2383 prodiisse
371 2337 520 2377 decreta,
551 2342 584 2372 et
609 2348 629 2372 a
654 2348 720 2372 rec.
760 2347 866 2372 mem.
897 2337 993 2372 Alex.
1024 2335 1080 2371 Vll
1109 2336 1143 2370 in
1183 2337 1302 2372 eadem
1334 2336 1460 2382 Congr.
1487 2335 1531 2371 24
1570 2335 1665 2382 Sept.
1698 2334 1786 2370 1665

163 2407 277 2432 coram
304 2407 343 2432 eo
369 2396 499 2436 habita,
539 2396 630 2431 inter
654 2397 741 2431 alias
779 2396 822 2430 ab
861 2395 1068 2440 Evangelica
1105 2396 1249 2431 veritate
1282 2401 1315 2431 et
1353 2395 1413 2431 SS.
1452 2395 1594 2431 Patrum
1629 2395 1785 2430 doctrina

161 2456 295 2491 alienas
322 2460 355 2490 et
381 2455 542 2490 dissonas
581 2456 843 2501 propositiones,
871 2459 964 2490 sexta
1001 2454 1172 2497 videlicet,
1198 2459 1231 2490 et
1268 2455 1429 2501 septima,
1458 2455 1525 2489 huc
1562 2454 1784 2493 revocandae,

162 2516 349 2550 damnatae
375 2519 407 2550 et
428 2514 620 2560 prohibitae
647 2515 787 2549 fuerunt
806 2527 837 2549 ».
858 2535 900 2540 -
919 2513 981 2549 His
1001 2513 1107 2559 igitur
1133 2514 1339 2549 memoratis
1365 2514 1564 2558 subiungit:
1595 2527 1613 2546 ‹<
1639 2512 1705 2548 Nos
1727 2512 1786 2547 ita-

162 2585 227 2620 que
254 2578 390 2609 mature
416 2573 681 2619 perpendentes,
718 2573 840 2619 quanti
872 2573 1039 2608 momenti
1067 2572 1111 2607 sit
1136 2573 1179 2608 ad
1205 2577 1384 2608 aeternam
1412 2573 1611 2608 animarum
1639 2571 1785 2607 salutern

161 2643 200 2669 ea
225 2632 355 2678 ubique
380 2637 497 2667 exacte
514 2632 699 2672 observari,
719 2637 752 2667 et
778 2631 900 2677 quanti
926 2632 970 2666 ad
997 2631 1157 2666 infirmas
1183 2642 1263 2666 oves
1281 2632 1467 2672 curandas
1498 2633 1616 2681 (atque
1634 2630 1787 2665 secunda

163 2696 214 2727 est
240 2692 324 2726 haec
350 2691 438 2726 ratio
464 2690 737 2734 constitutionis,
765 2691 855 2726 sicut
881 2690 981 2726 tertia
1007 2692 1171 2735 sequens)
1198 2695 1231 2725 et
1257 2690 1413 2726 decorem
1442 2688 1590 2725 Sanctae
1617 2688 1787 2724 Ecclesiae

164 2750 221 2786 Dei
248 2750 488 2792 retinendum,
522 2750 670 2791 intersit,
700 2761 743 2785 ne
769 2750 876 2795 aliqui
916 2748 1118 2785 Sacerdotes
1146 2748 1383 2784 Poenitentiae
1409 2752 1628 2784 sacramento
1654 2747 1786 2782 nefarie

162 2809 359 2851 abutentes,
379 2808 640 2854 poenitentibus
667 2819 727 2854 pro
753 2809 932 2843 curatione
958 2808 1100 2849 vulnus,
1129 2818 1191 2853 pro
1213 2818 1302 2853 pane
1328 2807 1492 2854 lapidem,
1522 2817 1584 2853 pro
1611 2806 1702 2852 pisce
1719 2816 1783 2840 ser-

164 2872 316 2914 pentem,
346 2879 408 2913 pro
436 2867 611 2903 medicina
638 2878 811 2903 venenum
840 2867 1027 2913 porrigant,
1049 2866 1142 2902 Motu
1169 2867 1308 2913 proprio
1327 2866 1498 2913 praefatas
1517 2865 1649 2901 litteras
1667 2864 1786 2900 huius-
