1971 3261
186 155 256 189 564
589 153 673 186 Ltss.
701 152 771 186 ΠΙ.
797 172 809 177 -
838 152 948 186 PARS
973 151 1004 187 I.
1033 171 1046 178 -
1071 152 1129 186 De
1154 152 1419 187 Sam-amentis
1492 151 1584 188 Gan.
1613 151 1817 187 lom-1065

191 273 331 316 illicite
365 284 510 328 parum
547 272 686 326 refert,
718 270 804 312 sive
826 270 870 312 in
891 270 1068 327 proprio
1092 270 1177 313 sive
1194 270 1237 312 in
1257 270 1397 313 alieno
1418 270 1649 325 territorio,
1669 270 1820 327 quibus

192 343 330 387 verbis
361 343 560 385 asseritur
591 345 834 398 sequentem
869 340 1165 397 obligationem
1200 354 1280 384 non
1316 354 1466 397 urgere
1500 346 1706 397 pastorem
1742 341 1820 384 loci

188 417 424 457 contractus
458 423 582 455 causa
617 413 746 465 istius,
766 411 837 454 sed
863 411 978 454 illum
1005 415 1209 468 pastorem
1235 413 1300 455 cui
1324 411 1556 455 subdantur
1574 413 1613 454 in
1634 413 1818 454 futurum

187 490 373 539 tempore
406 481 661 538 adimplendi
695 481 982 538 obligationes,
1018 481 1236 526 videlicet:
1270 481 1415 525 sedulo
1449 481 1671 539 inoiyilent
1696 495 1819 538 pecu-

185 556 342 599 liariter
375 554 434 597 id:
470 558 516 595 ut
548 553 744 610 eom'uyes
784 552 1090 609 promissiones
1131 552 1272 610 factas
1315 555 1352 595 in
1387 552 1610 597 obtinenda
1646 553 1820 609 impedi-

182 628 310 669 menti
343 625 648 680 dispensatione
681 623 732 667 ad
767 636 969 673 normamv
1001 635 1092 667 can.
1128 623 1257 676 1061,
1288 625 1313 677 ἓ
1348 623 1403 675 1⁰,
1438 624 1497 666 n.⁰
1533 624 1592 678 ⁶20,
1631 622 1816 679 fideliter

182 696 234 740 ob
269 697 555 752 promissionis
597 699 805 747 naturam,
852 695 1021 737 forsitan
1070 696 1193 737 etiam
1240 707 1288 737 ex
1333 693 1546 750 religionis
1580 696 1734 737 virtute
1768 693 1819 737 ob

184 770 478 821 iuramentum,
511 765 716 823 impleant
751 766 873 809 modo
907 765 1058 811 debito,
1095 791 1150 798 —
1182 765 1370 822 Denique
1405 770 1572 822 propter
1595 766 1817 808 connexio·

184 852 279 882 neni
314 839 437 881 etiam
474 839 513 879 in
547 837 798 880 documento
832 835 1119 880 lnsti·uctionis
1160 835 1283 880 Card.
1321 835 1529 878 Antonelli
1564 839 1820 878 memoratur

185 911 249 951 4⁰
283 907 496 951 Assisteozs
529 907 580 950 de
613 908 733 961 facto,
757 909 847 950 sive
880 909 932 949 sit
965 912 1103 963 pastor
1136 909 1371 950 animarum
1405 908 1495 949 sive
1523 905 1718 949 sacerdos
1742 907 1818 948 rite

185 980 408 1036 deputatus
441 978 491 1021 ad
526 978 857 1021 interessendum
893 977 1145 1021 celebrando
1179 977 1464 1028 inatrimomo
1502 980 1666 1019 servent
1695 989 1820 1034 prae-

184 1050 390 1108 scriptum
424 1063 514 1091 ean.
550 1051 666 1092 1102
697 1048 773 1092 sub
807 1048 970 1092 duobus
1004 1048 1290 1105 paragraphis,
1324 1052 1422 1091 tunc
1446 1047 1818 1104 interpretandum.

306 1121 404 1165 460.
439 1121 671 1166 Officium
705 1122 910 1177 parochi
946 1122 1077 1166 circa
1110 1121 1439 1167 matrimonia.
1487 1133 1616 1176 quae
1653 1120 1820 1164 mixtis

185 1194 369 1250 nuptiis
402 1193 582 1238 similia
614 1195 742 1237 sunt.
767 1217 818 1222 ——
843 1190 964 1234 Teste
987 1190 1108 1235 Card.
1134 1190 1304 1234 Monaco
1329 1189 1382 1233 La
1410 1188 1580 1244 Valetta‚
1614 1188 1819 1245 Episcopo

185 1261 382 1317 Ostiensi,
406 1263 444 1305 S.
467 1261 510 1306 C.
536 1264 621 1319 lnq.
646 1262 896 1306 declaravit:
927 1277 946 1302 «
971 1261 1232 1305 Matrimonia
1259 1274 1357 1304 vero
1382 1263 1488 1304 inter
1510 1272 1635 1303 unam
1661 1263 1818 1316 partem

185 1333 433 1378 catholicam
469 1338 507 1376 et
541 1332 728 1385 alteram,
762 1345 868 1390 quae
902 1332 1025 1376 fidem
1071 1331 1223 1376 abiecit
1255 1337 1295 1375 et
1328 1331 1430 1375 nulli
1465 1330 1592 1374 falsae
1631 1330 1821 1386 religioni

187 1406 251 1449 vel
288 1405 523 1448 haereticae
556 1408 693 1447 sectae
726 1417 768 1447 se
803 1403 1037 1460 adscripsit,
1073 1403 1340 1459 impedienda
1372 1404 1542 1445 omnino
1576 1406 1692 1449 sunt;
1726 1414 1820 1458 per-

187 1479 290 1520 mitti
326 1481 462 1519 tamen
498 1488 518 1518 3
552 1474 679 1518 Nobis
713 1475 758 1532 (i.
792 1489 827 1519 e.
861 1480 905 1518 ut
937 1472 1162 1519 Ordinario
1197 1474 1294 1531 loci)
1330 1478 1513 1530 possunt,
1536 1475 1569 1516 si
1594 1472 1822 1530 prudenter

185 1549 394 1602 timeatur,
429 1559 479 1589 ne
513 1559 562 1589 ex
600 1546 804 1602 denegata
839 1547 1093 1589 matrimonii
1138 1547 1370 1589 assistentia
1414 1556 1545 1601 grave
1576 1542 1820 1587 scandalum

188 1617 251 1661 vel
286 1618 484 1661 damnum
518 1619 688 1667 oriatur,
723 1616 951 1660 dummodo
998 1615 1204 1673 parochus
1251 1617 1518 1659 matrimonio
1563 1616 1726 1671 passive
1760 1615 1819 1656 in·

185 1691 301 1732 tersit
334 1688 460 1745 (quae
493 1687 675 1731 conditio
698 1692 759 1731 est
782 1689 821 1730 in
843 1686 996 1731 Codice
1030 1688 1202 1730 inferius
1240 1687 1466 1730 reformata
1490 1684 1708 1741 implicite)
1733 1688 1821 1727 tan-

185 1772 310 1817 quam
344 1761 458 1802 testis
486 1758 766 1802 autorizabilis
799 1763 838 1801 et
871 1762 1039 1802 cautum
1064 1760 1232 1800 omnino
1256 1760 1307 1800 sit
1331 1756 1561 1800 catholicae
1585 1755 1820 1799 educationi

186 1833 410 1874 universae
445 1829 570 1886 prolis
612 1829 786 1886 aliisque
828 1828 1034 1872 similibus
1076 1827 1440 1872 conditionibus».
1485 1826 1601 1870 Hanc
1635 1826 1819 1870 declara-

186 1903 341 1944 tionem
375 1900 527 1944 additis
560 1899 859 1943 mutationibus
892 1899 1061 1943 exhibet
1094 1913 1186 1942 caiz.
1221 1901 1354 1942 1065.
1377 1898 1405 1956 ξ
1429 1899 1467 1940 1.
1493 1896 1822 1940 Absterreanlur

185 1985 359 2029 (suoque,
392 1973 499 2014 sicut
532 1973 833 2027 praescriptum
868 1975 929 2013 est
963 1972 1001 2012 in
1035 1975 1190 2025 praec*
1222 1975 1329 2013 can.⁸
1351 1969 1410 2013 n.⁰
1437 1968 1497 2022 10,
1519 1967 1661 2024 fideles
1685 1981 1710 2010 α
1732 1981 1819 2010 ma-

186 2042 384 2085 trimomo
417 2040 717 2092 contrahendo,
756 2054 835 2084 non
869 2042 978 2084 enim
1013 2043 1149 2083 minus
1182 2040 1254 2083 sed
1288 2039 1539 2096 quandoque
1579 2040 1712 2081 maius
1744 2039 1819 2080 im-

186 2115 313 2156 minet
344 2113 592 2156 damnorum
628 2111 860 2169 periculum
904 2123 1027 2169 quam
1069 2113 1109 2154 in
1154 2113 1284 2153 mixto
1329 2111 1608 2163 matrimonio,
1642 2123 1733 2151 eum
1766 2108 1820 2151 iis

185 2189 258 2248 qui
290 2188 331 2246 a)
364 2189 541 2246 notorie,
576 2191 630 2233 ita
664 2193 708 2232 ut
742 2188 853 2232 nulla
888 2190 1014 2244 possit
1046 2188 1393 2244 tergiversatione
1425 2186 1566 2240 celari,
1600 2185 1643 2242 b)
1668 2186 1821 2229 disiun-

185 2263 319 2304 ctive:
359 2265 434 2303 aul
466 2258 719 2304 catholicam
753 2259 873 2315 fidem
923 2258 1178 2314 abiecerunt,
1223 2271 1263 2301 v.
1307 2271 1367 2314 gr.
1404 2256 1522 2301 liberi
1556 2258 1818 2313 cogitatores,

186 2336 396 2388 apostatae
429 2344 451 2374 a
485 2331 582 2382 fide,
631 2331 710 2373 etsi
758 2330 813 2373 ad
859 2335 1014 2372 sectam
1064 2328 1358 2384 aeatltolicam,
1409 2341 1482 2384 pro
1521 2327 1819 2384 impedimento

186 2405 341 2445 mixtae
374 2401 586 2458 religionis
619 2401 874 2445 declaratam
894 2405 1089 2458 tanquam
1117 2399 1227 2443 illius
1244 2398 1506 2442 essentialem
1525 2397 1820 2453 conditionem,

186 2485 269 2515 non
304 2471 567 2525 transierim,
602 2472 674 2515 sed
710 2476 953 2515 remaneant
986 2472 1155 2514 forsitan
1200 2469 1357 2527 absque
1401 2468 1615 2525 religione,
1649 2469 1725 2511 etsi
1758 2481 1822 2511 su-

187 2555 379 2598 premum
413 2541 507 2596 Ens,
544 2542 606 2585 vel
641 2541 772 2585 Deum
809 2545 1154 2597 recognoscentes
1188 2552 1235 2584 ac
1261 2539 1512 2596 profitentes,
1537 2543 1612 2581 aut
1643 2537 1819 2581 societa-

186 2611 295 2654 tibus
331 2625 369 2653 v.
404 2625 464 2668 gr.
501 2613 757 2665 massonicis,
807 2611 982 2668 aliisque
1030 2610 1079 2653 ab
1118 2609 1311 2653 Ecclesia
1359 2607 1575 2652 damnatis
1608 2610 1647 2650 in
1681 2608 1819 2664 specie

188 2681 251 2725 vel
286 2684 325 2724 in
360 2695 526 2739 genere,
550 2682 621 2725 sed
647 2687 759 2726 certo
785 2684 898 2725 iuxta
931 2681 1100 2724 diversa
1123 2681 1162 2725 S.
1186 2680 1304 2723 Sedis
1326 2680 1590 2733 documenta,
1610 2676 1819 2735 adscripti

184 2757 294 2808 smil,
329 2765 377 2796 eo
410 2752 519 2810 quod
555 2764 703 2796 nomen
738 2754 797 2795 eis
837 2751 1056 2795 dederunt.

301 2820 403 2866 Cum
437 2826 577 2865 autem
609 2821 753 2865 fideles
785 2834 928 2864 amore
960 2820 1118 2864 seducti
1154 2820 1227 2863 has
1260 2819 1568 2863 exhortationes
1591 2819 1814 2874 parvipen-

186 2893 298 2948 dant,
334 2891 544 2949 velintque
591 2892 748 2935 similes
795 2891 1042 2935 contrahere
1093 2892 1271 2947 nuptias,
1314 2894 1436 2933 cavet
1466 2887 1495 2946 ἓ
1527 2889 1567 2932 ⁶2.
1604 2886 1814 2931 Porcellus
