1971 3261
106 136 200 172 Cau.
230 126 432 172 1120-1121
618 137 702 170 Trr.
733 137 819 171 VII.
850 157 860 162 -
889 138 945 172 De
975 139 1233 172 Matrimonio
1672 139 1740 173 (ΞΠ

107 259 248 315 quitur
281 256 330 299 ad
364 255 561 304 secunda,
595 258 626 299 si
667 256 858 303 volum-it,
888 262 979 300 rota
1015 257 1218 306 transibit,
1244 262 1280 300 et
1318 260 1354 300 in
1391 257 1466 301 boc
1490 271 1587 301 casu
1623 246 1737 301 intelss

109 327 276 384 ligimus
307 326 415 384 quod
451 328 507 369 ait
540 326 783 382 Apostolus:
832 328 872 371 Si
918 327 1095 371 inlidelis
1137 328 1327 382 discedit,
1361 328 1569 371 discedat:
1615 330 1741 372 frater

108 400 218 442 enim
253 397 317 440 vel
351 410 468 440 soror
502 409 580 439 non
616 402 676 439 cst
708 400 899 440 servituti
935 399 1147 441 subiectus
1181 402 1218 441 in
1255 398 1516 447 liuiusmodi;
1551 405 1588 442 et
1623 413 1740 443 cano-

108 482 200 512 nem
235 469 356 511 etiam
394 469 431 509 in
466 480 548 524 quo
581 467 754 511 dicitur:
790 466 1047 512 Contumelia
1083 469 1291 513 Creatoris
1338 470 1462 513 solvit
1507 472 1567 513 ius
1601 473 1737 513 matri-

111 540 234 581 monii
268 540 379 581 circa
413 551 523 592 eum,
557 540 626 595 qui
664 538 970 595 relinquitur».

224 607 340 652 Hanc
363 621 463 664 ergo
490 607 742 652 voluntatem
781 609 958 652 infidelis
994 615 1133 666 utpote
1168 611 1445 654 conditionem
1483 625 1579 655 usus
1613 614 1738 668 priri-

107 679 200 736 legii
235 692 324 722 esse
356 680 674 737 exquirendam,
710 680 894 723 declarat
940 683 1053 725 aiens
1097 696 1187 726 caii.
1224 684 1341 725 1121.
1379 684 1402 736 ,ξ
1437 685 1470 725 1.
1507 683 1739 740 Antequam

106 749 260 793 eonium
291 764 513 793 conversus
541 765 591 794 ex
627 751 883 800 infidelitate,
909 755 1003 809 quia
1038 752 1230 796 subditur
1263 759 1300 795 el
1334 753 1582 811 baptizalus.
1610 754 1738 811 (unde

106 820 457 878 interpellationes
504 827 724 879 sequentes
770 823 901 866 factae
935 828 1028 867 ante
1074 823 1262 880 baptismi
1307 827 1611 880 susceptionem
1659 839 1735 868 non

105 892 347 948 sufficiunt),
384 897 502 936 utens
537 892 756 949 privilegio
793 893 976 943 Paulino,
1011 895 1107 937 dum
1144 895 1248 937 alter
1281 897 1430 938 coniux
1478 901 1613 938 manet
1651 897 1739 938 inli-

105 962 221 1013 delis,
246 976 393 1005 norum
429 963 744 1006 triatrimonimn
770 963 907 1006 valide
939 963 1178 1019 contrahat,
1203 964 1317 1008 dehet
1352 966 1521 1022 quidem
1548 980 1595 1009 ex
1639 969 1738 1009 iuris

105 1033 235 1076 divini
273 1036 526 1090 praescripto
555 1036 691 1091 quoad
729 1048 847 1078 usum
885 1035 1092 1092 privilegii
1131 1035 1301 1089 Paulini,
1326 1036 1440 1079 salvo
1471 1038 1737 1095 praescripsti

105 1119 196 1148 etin.
222 1107 347 1159 1125,
372 1105 480 1162 quod
516 1108 700 1149 continet
728 1105 1031 1149 declarationes
1068 1109 1158 1150 sive
1193 1107 1302 1150 illius
1334 1108 1597 1151 determinati
1636 1111 1736 1151 iuris

105 1245 323 1289 tribuentis
358 1245 491 1290 Rom⁰.
530 1246 713 1290 Pontilici
749 1247 984 1291 facultatem
1022 1248 1088 1291 illo
1124 1250 1160 1290 in
1196 1253 1302 1292 can⁹.
1328 1251 1539 1303 insertam,
1570 1255 1736 1307 pai-lem

104 1330 186 1359 ivon
219 1316 473 1374 baptizatam
517 1317 820 1375 interpellare,¹
854 1318 919 1376 (ac
963 1318 1113 1375 quibus
1155 1322 1332 1363 servatis
1366 1320 1528 1363 dicetur
1573 1322 1611 1363 in
1647 1334 1734 1364 can.

102 1388 233 1445 seq.):
258 1414 315 1418 —
341 1388 382 1430 1⁰
412 1389 476 1431 An
511 1388 608 1431 velit
640 1394 677 1431 el
713 1389 807 1446 ipsa
840 1390 1026 1432 converti
1062 1404 1171 1446 vere,
1197 1405 1246 1433 ac
1279 1391 1451 1447 proinde
1485 1390 1734 1449 baptismium

102 1458 339 1516 suseipere‚·
373 1485 425 1490 —
460 1458 509 1502 Et
541 1462 573 1502 si
607 1460 657 1503 ad
708 1460 819 1503 illam
855 1463 1222 1517 interrogationem
1259 1464 1453 1518 negative
1491 1464 1737 1519 respondeat

100 1529 246 1574 saltem
281 1530 494 1587 implicite,
530 1529 573 1574 20
596 1531 659 1574 An
692 1530 843 1574 sallem
876 1531 974 1575 velit
1006 1546 1144 1575 seeum
1177 1531 1421 1576 cohabitare
1448 1533 1625 1591 pacifice
1646 1534 1738 1576 sine

102 1600 357 1644 contumelia
384 1600 612 1650 Creatoris,
649 1607 769 1658 prout
802 1602 939 1646 lnnoc.
975 1602 1025 1646 lll
1051 1603 1290 1660 explicavit.
1325 1604 1365 1648 Si
1402 1607 1612 1661 responsio
1647 1607 1734 1649 infi-

103 1671 207 1715 delis
229 1674 418 1729 coniugis
450 1674 610 1716 sincera
635 1675 687 1716 sit
720 1674 969 1717 affirmativa
1005 1676 1073 1718 uni
1102 1674 1163 1718 vel
1193 1675 1312 1718 alteri
1345 1677 1547 1733 quaesito,
1573 1678 1733 1719 interim

105 1741 218 1786 locus
250 1755 329 1785 non
364 1748 425 1786 est
457 1742 681 1800 Privilegio
717 1743 898 1789 Paulino.

220 1814 286 1857 Sic
310 1816 419 1857 enim
455 1813 606 1871 legitur
640 1816 678 1857 in
713 1827 801 1871 cap.
829 1815 853 1858 8
887 1816 938 1859 de
973 1815 1171 1860 Divortiis
1205 1815 1413 1874 (tv,19):
1454 1818 1572 1873 «Qui
1596 1823 1733 1862 autem

102 1885 332 1928 secundum
379 1887 531 1928 rituum
565 1898 685 1929 suum
736 1885 963 1942 legitimam
1010 1887 1248 1944 repudiavit
1284 1902 1480 1932 uxorem:
1516 1903 1610 1932 cum
1656 1889 1735 1933 tale

103 1956 322 2012 repudium
360 1959 512 2000 veritas
546 1958 584 2000 in
618 1956 847 2014 Evangelio
888 1957 1187 2015 reprobaverit,
1223 1972 1448 2017 numquam
1485 1973 1531 2004 ea
1569 1963 1736 2004 vivente

103 2026 213 2070 licite
246 2029 395 2083 poterit
427 2026 566 2081 aliam,
601 2030 723 2071 etiam
760 2028 811 2071 ad
847 2028 969 2072 fidem
1005 2027 1154 2072 Christi
1189 2042 1431 2083 conversus,
1465 2029 1634 2086 babere,
1658 2033 1733 2074 nisi

104 2102 194 2154 post
223 2101 541 2142 conversionem
592 2101 719 2155 ipsius
769 2099 835 2143 illa
887 2105 1035 2143 renuat
1078 2100 1319 2144 cohabitare
1362 2115 1456 2144 cum
1507 2103 1616 2158 ipso:
1665 2108 1733 2145 aut

102 2170 262 2223 etiamsi
296 2171 541 2224 consentiat,
559 2182 638 2213 non
674 2174 810 2213 tamen
844 2170 1000 2228 absque
1034 2170 1284 2214 contumelia
1316 2170 1535 2227 Creatoris,
1579 2172 1640 2216 vel
1692 2178 1732 2216 ut

101 2252 196 2283 eum
241 2239 451 2296 pertrabat
483 2241 532 2283 ad
580 2240 753 2284 mortale
801 2245 1043 2297 peccatum:
1095 2243 1132 2284 in
1169 2255 1251 2297 quo
1284 2254 1381 2286 casu
1432 2245 1730 2287 restitutionem

103 2313 271 2367 petenti,
304 2313 498 2368 quamvis
539 2311 591 2354 de
635 2313 783 2354 iniusta
824 2311 1068 2368 spoliatione
1101 2317 1322 2366 constaret,
1358 2315 1560 2356 restitutio
1605 2327 1730 2370 nega-

101 2386 236 2426 retur:
272 2383 367 2439 quia
400 2382 630 2426 secundum
656 2382 915 2439 Apostolum,
937 2383 1064 2426 trater
1085 2387 1156 2426 aut
1188 2397 1306 2426 soror
1331 2397 1408 2426 non
1434 2388 1495 2427 est
1529 2386 1567 2427 in
1593 2384 1734 2428 huius-

104 2452 213 2495 modi
246 2452 457 2496 subiectus
489 2455 695 2496 servituti.
721 2451 840 2506 Quod
875 2455 909 2496 si
941 2466 1191 2497 conversum
1227 2454 1277 2497 ad
1313 2455 1451 2511 sidem,
1477 2460 1516 2498 et
1551 2455 1616 2498 illa
1641 2470 1733 2500 con-

104 2534 221 2565 versa
254 2528 466 2580 sequatur,
495 2528 716 2580 antequam
752 2528 919 2580 propter
952 2537 1098 2568 causas
1132 2525 1365 2581 praedictas
1399 2525 1625 2582 legitimam
1663 2526 1731 2570 ille

101 2592 226 2636 ducat
261 2606 447 2645 uxorem,
480 2606 570 2637 eam
607 2596 792 2650 recipere
825 2594 1102 2650 compellitur.
1137 2593 1342 2648 Quamvis
1385 2609 1551 2654 quoque
1584 2611 1729 2641 secun-

102 2662 199 2706 dum
235 2663 522 2720 evangelicam
550 2668 781 2717 veritatem,
804 2667 873 2723 qui
907 2666 1074 2709 duxerit
1107 2666 1338 2720 dimissam,
1371 2667 1626 2724 moechatur,
1652 2681 1728 2711 non

101 2737 237 2776 tamen
262 2733 456 2778 dimissor
489 2737 638 2791 poterit
660 2735 841 2779 obiicere
870 2737 1183 2780 fornicationem
1210 2736 1404 2781 dimissae
1439 2751 1511 2794 pro
1535 2752 1597 2793 eo,
1622 2739 1728 2796 quod

103 2806 241 2861 nupsit
272 2804 340 2848 alii
376 2810 465 2861 post
499 2806 734 2863 repudium,
768 2809 844 2850 nisi
879 2806 980 2850 alias
1014 2808 1137 2851 fuerit
1172 2808 1434 2852 fornicata».

219 2874 371 2919 Tamen
406 2875 518 2920 solus
551 2876 761 2920 Romanus
795 2877 980 2921 l'ontil'ex
1025 2877 1148 2922 habet
1192 2879 1426 2923 facultatem
1463 2880 1728 2937 dispensandi
