1971 3261
112 163 205 199 Can.
234 162 433 198 1065-1066
642 162 727 194 T1T.
762 160 844 195 VII.
874 181 886 186 -
914 161 970 196 De
997 161 1256 195 Matrimonia
1677 161 1746 195 565

110 281 346 341 praedictis
373 280 547 338 nuptiis,
596 282 671 323 etsi
721 293 800 322 non
847 281 1058 335 impeditis
1092 284 1258 336 propter
1294 282 1463 323 mixtam
1501 280 1743 337 religionem

114 355 279 410 proprie
312 353 480 407 dictam,
516 366 567 393 ue
599 351 791 400 assistat,
828 350 923 394 huic
968 364 1067 407 ergo
1101 350 1223 393 datur
1263 350 1499 406 prohibitio,
1533 364 1581 394 ac
1616 353 1743 408 impe-

49 439 53 444 ’
112 425 342 468 (limentum
378 435 532 466 novum
567 435 646 464 uon
673 422 882 476 indicitur,
910 421 994 463 uisi
1017 420 1205 464 consulto
1234 420 1483 474 Ordinario,
1507 434 1554 465 ac
1579 421 1745 465 obtenta

115 496 400 551 permissione,
435 493 485 536 de
519 506 599 550 qua
634 492 848 536 subditur:
887 492 958 549 qui
981 492 1022 547 a)
1049 492 1247 549 inspectis
1271 492 1460 535 omuibus
1484 492 1547 534 rei
1570 491 1745 535 adiunc-

114 565 181 617 tis,
217 570 257 608 ut
293 564 511 621 prudentia
548 563 737 620 postulat,
784 563 822 605 ei
861 576 1034 619 nempe:
1076 564 1256 619 parocho
1296 563 1544 621 permittere
1573 563 1744 620 polerit,

114 636 222 680 nulla
257 637 295 679 S.
330 635 448 679 Sedis
481 635 789 690 dispensatione
825 636 1035 691 requisita,
1070 649 1117 678 eo
1151 635 1260 692 quod
1288 635 1631 690 impedimentum
1659 647 1747 690 pro-

112 709 199 764 prie
232 707 389 750 dictum
424 719 503 749 uon
538 705 666 752 obest.
704 711 747 748 ut
782 705 1066 758 matrimonio,
1101 706 1227 750 idest:
1267 721 1286 746 «
1308 706 1530 762 praedictis
1549 707 1741 761 nuptiis»

112 777 288 820 assistat
322 791 394 833 pro
427 790 570 820 eorum
620 777 831 820 validitate
876 791 949 833 per
981 791 1023 820 se
1061 778 1123 820 vel
1160 791 1231 834 per
1268 777 1527 833 deputatum,v
1564 776 1602 829 b)
1634 775 1746 819 dum-

113 847 231 891 modo
267 854 414 905 urqeat
445 847 592 905 araris
627 862 770 901 caiisa,
804 862 972 905 nempe:
1014 851 1084 892 «si
1122 848 1349 905 prudenter
1383 850 1593 901 timeatur,
1620 860 1669 890 ne
1694 860 1742 890 ex

110 919 310 976 denegata
364 921 614 962 matrimonii
665 921 895 962 assistentia
945 932 1075 975 grave
1123 918 1367 962 scandalum
1426 918 1488 962 vel
1544 918 1743 961 damnum

110 991 306 1033 oriatur»
346 994 388 1032 ut
420 992 474 1033 ait
509 992 576 1034 cit.
611 989 843 1033 Declaratio
877 992 914 1034 S.
950 988 1132 1046 Congu-f,
1171 989 1232 1033 vel
1269 989 1367 1046 quid
1402 989 1512 1032 aliud
1538 988 1614 1031 sub
1637 988 1746 1031 clau-

108 1060 194 1104 sula
231 1060 595 1117 cormuehensum,
628 1060 750 1104 simul
785 1066 823 1103 et
854 1075 932 1117 pro
956 1075 1030 1103 suo
1048 1060 1255 1119 prudenti
1277 1059 1457 1103 arbitrio
1486 1058 1746 1102 Ordiuarius

109 1131 158 1175 ad
194 1144 317 1189 quem
363 1134 539 1187 pertinet
579 1132 813 1175 concedere
854 1134 1168 1193 permissionem
1216 1130 1372 1174 i'mlicet
1414 1130 1552 1187 (cuius
1591 1130 1745 1173 iudicio

108 1202 378 1246 deserendum
415 1201 494 1259 est)
528 1202 568 1259 c)
602 1202 710 1245 satis
743 1208 911 1245 cautum
946 1217 1034 1245 esse
1069 1201 1413 1259 promissionibus
1449 1200 1512 1245 vel
1537 1201 1660 1244 aliter
1683 1215 1746 1242 ca-

112 1272 292 1316 tholicae
324 1272 568 1316 educationi
619 1273 841 1316 universae
886 1273 1037 1331 prolis,
1088 1286 1181 1316 nam
1217 1274 1268 1316 de
1303 1273 1507 1329 baptismo
1541 1271 1746 1316 catholice

109 1344 247 1388 dando
280 1348 439 1387 constat
472 1344 522 1388 ad
558 1357 747 1388 normam
782 1357 871 1388 can.
897 1346 995 1399 7:50,
1019 1345 1046 1403 ἓ
1072 1345 1109 1400 2,
1137 1344 1178 1387 1⁰
1198 1344 1242 1401 d)
1267 1350 1306 1387 et
1325 1343 1550 1387 remotioni
1563 1341 1748 1401 periculi

111 1414 413 1473 perversiouis,
464 1429 500 1456 v.
535 1429 595 1471 gr.
631 1415 684 1459 ob
725 1415 962 1472 personales
1000 1415 1223 1473 qualitates
1265 1414 1483 1459 acatholici
1526 1414 1589 1458 vel
1621 1416 1749 1457 socie-

113 1485 267 1530 tatibus
309 1486 523 1543 adscripti,
567 1492 757 1543 respectu
803 1486 984 1530 alterius
1023 1486 1230 1543 coniugsis,
1262 1489 1293 1529 si
1334 1488 1444 1530 enim
1487 1485 1747 1529 conditiones

111 1556 188 1600 sub
221 1556 368 1600 litteris
401 1558 441 1614 c)
474 1569 522 1601 ac
555 1557 600 1614 d)
634 1571 714 1600 nou
748 1562 954 1611 extarent,
986 1559 1049 1601 ius
1083 1558 1273 1601 ditinum
1312 1562 1470 1600 vetaret
1503 1556 1580 1599 hoc
1606 1557 1745 1598 matri-

113 1630 312 1683 monium,
347 1641 424 1672 nec
456 1631 670 1672 temeritas
703 1642 802 1685 erga
836 1629 946 1673 idem
980 1631 1043 1672 ius
1077 1629 1250 1684 deesset,
1286 1631 1317 1672 si
1353 1628 1511 1685 absque
1535 1630 1654 1684 grati
1684 1640 1747 1670 ur-

113 1704 236 1756 gente
269 1712 394 1743 causa
429 1701 604 1743 iniretur
638 1700 736 1744 illud
774 1703 1100 1744 matrimonium.

232 1770 328 1813 461.
365 1772 577 1817 Parochi
596 1773 840 1828 obligatio
859 1774 905 1817 in
924 1773 1035 1818 aliis
1059 1774 1383 1829 quorumdam
1407 1772 1746 1817 matrimoniis-

110 1867 167 1871 ——
184 1841 285 1885 Cum
323 1844 635 1886 matrimonium
672 1845 709 1885 in
747 1844 834 1886 tieri
859 1845 911 1886 sit
938 1846 1129 1886 vivorum
1153 1848 1478 1896 sacramentum,
1503 1847 1542 1885 et
1566 1841 1748 1898 parocho

112 1911 326 1956 incumbat
358 1925 470 1966 cura,
506 1918 549 1956 ut
582 1918 843 1957 sacramenta
878 1916 916 1956 in
941 1927 1013 1957 sua
1039 1914 1232 1970 parochia
1259 1916 1335 1957 rite
1358 1915 1627 1969 recipiantur,
1651 1925 1747 1955 eum

112 1983 258 2027 edocet
292 1983 343 2026 de
378 1983 501 2026 modo
538 1998 581 2027 se
619 1985 792 2040 gerendi
843 1989 1033 2041 respectu
1083 1987 1337 2028 matrimonii
1388 1999 1479 2027 can.
1530 1986 1662 2026 1066.
1697 1982 1748 2026 Si

112 2053 153 2110 a)
184 2052 376 2112 publicus
404 2059 617 2112 peccator,
653 2055 817 2111 publice
835 2068 1002 2113 quoque
1024 2056 1231 2099 arcendus
1254 2068 1276 2099 a
1299 2057 1585 2109 sacramentis,
1612 2053 1653 2111 b)
1673 2059 1748 2096 aut

113 2137 291 2167 censura
326 2125 489 2167 notorie
522 2124 764 2179 innodatuS,
800 2128 854 2169 ita
886 2131 929 2169 ut
965 2126 1075 2170 nulla
1110 2128 1457 2183 tergiversatione
1482 2126 1662 2182 idipsum
1685 2138 1750 2168 ce-

114 2194 188 2238 lari
222 2200 359 2252 queat,
409 2198 570 2239 etiamsi
618 2196 845 2240 declaratio
896 2197 1004 2241 illius
1038 2211 1110 2254 per
1141 2200 1387 2241 seutentiam
1433 2211 1512 2240 non
1547 2209 1745 2252 superve-

114 2268 234 2320 nerit,
269 2279 362 2310 cum
398 2279 470 2322 per
504 2266 614 2310 illam
650 2280 672 2310 a
705 2259 982 2325 suscipiendis
1014 2271 1288 2312 sacramentis
1325 2281 1492 2326 quoque
1527 2266 1746 2329 prohibea-

114 2342 193 2391 tur,
228 2340 318 2380 sive
352 2340 732 2382 excommunicatio
763 2341 830 2392 sit,
862 2342 952 2383 sive
985 2340 1251 2384 interdictum
1295 2339 1524 2397 personale,
1558 2339 1595 2381 si
1624 2338 1748 2395 prius

113 2407 154 2464 a)
178 2407 234 2450 ad
251 2407 601 2452 sacramentalem
622 2409 925 2467 confessionem
944 2411 1152 2465 accedere,
1175 2416 1217 2454 ut
1235 2424 1255 2454 a
1277 2415 1445 2467 peccato
1468 2424 1511 2453 se
1535 2409 1747 2463 emundet,

113 2477 274 2522 obicem
309 2481 564 2522 matrimonii
597 2483 847 2524 sacramenti
881 2481 1107 2537 deponens,
1144 2481 1186 2539 b)
1219 2487 1292 2524 (tut
1328 2496 1418 2524 cum
1452 2480 1645 2525 Ecclesia
1684 2493 1746 2522 re-

114 2547 339 2591 conciliari
379 2562 454 2605 per
495 2563 697 2594 censurae
740 2551 1042 2595 absolutionem
1087 2553 1361 2605 recusaverit,
1395 2552 1566 2609 proinde
1610 2552 1747 2608 parvi-

115 2618 299 2685 pendens
336 2625 695 2664 sacramentorum
733 2624 1096 2679 suscipiendorum
1141 2624 1466 2668 ecclesiasticam
1511 2622 1751 2680 prohihitio-

114 2702 225 2743 nem,
253 2689 467 2747 parochus
499 2691 589 2734 eius
619 2693 889 2737 matrimonio
924 2708 974 2737 ne
1005 2694 1195 2750 assistat,
1227 2697 1286 2739 sic
1321 2708 1542 2739 removens
1575 2694 1691 2737 illum
1726 2706 1746 2736 a

114 2761 315 2816 patrando
347 2762 582 2819 sacrilegio.
616 2763 695 2807 Sed
730 2766 824 2821 quia
859 2765 910 2808 de
943 2770 1158 2809 contractu
1193 2768 1299 2810 inse
1325 2765 1501 2810 naturali
1534 2768 1683 2821 agitur,
1709 2767 1750 2807 et

114 2831 341 2874 secumtert
373 2831 593 2887 denegatio
626 2845 778 2889 graves
810 2834 1015 2892 sequelas,
1051 2848 1204 2891 pravae
1240 2836 1348 2880 illius
1384 2837 1583 2879 voluntati
1622 2846 1749 2892 quan-

114 2899 252 2958 doque
285 2914 536 2946 concurrere
569 2905 679 2947 circa
714 2904 905 2948 ellectum
941 2905 1050 2962 licet,
1082 2919 1154 2950 seu
1180 2911 1223 2950 ut
1245 2910 1301 2950 ait
1321 2920 1472 2951 canon:
1499 2905 1747 2963 uisiyraris
