1971 3261
86 162 181 199 Can.
211 160 414 197 1073-1074
593 160 678 194 'rm
707 160 794 194 VII.
824 180 835 186 -
864 160 920 195 De
947 161 1205 195 illatrimouio
1648 159 1717 193 583

89 293 179 337 cap.
216 280 239 322 6
273 292 372 322 sess.
408 275 538 321 XXlV
563 278 614 322 de
639 277 728 322 Res.
756 281 1022 322 matrimonii.
1048 278 1114 321 Ait
1140 280 1249 321 enim
1277 277 1414 322 lnnoc.
1441 277 1489 320 lll
1516 280 1552 320 in
1577 290 1667 333 cap.
1702 297 1711 319 t

89 353 159 395 cit.
193 350 308 393 Tit.¹:
349 349 609 393 «Aeeedens
641 348 690 392 ad
726 348 913 404 Aplcam.
963 349 1125 393 Sedern.
1178 349 1305 406 Rapta
1357 348 1490 405 puella
1536 348 1718 404 legitime

89 421 306 465 contrahet
339 433 432 463 cum
471 425 649 475 raptore,
692 421 724 461 si
767 422 878 475 prior
920 421 1130 463 dissensus
1166 425 1345 463 transeat
1384 419 1644 476 postmodum
1680 421 1717 461 in

91 504 363 536 consensum:
399 495 438 533 et
469 490 578 548 qnod
629 494 723 533 ante
770 490 979 546 displicuit
1028 491 1192 533 tandein
1245 493 1413 547 incipiat
1445 489 1721 547 complacere,

89 562 319 606 dummodo
352 561 402 605 ad
437 561 767 604 contrahendum
805 561 1014 618 legitimae
1047 564 1127 604 sint
1163 574 1420 617 personae».

209 631 334 676 Cone.
374 645 472 675 vero
505 631 792 675 'l‘ridentintnn
828 645 980 675 novum
1017 637 1158 688 raptus
1191 632 1353 675 induxit
1377 632 1718 688 impedimentum

89 704 293 747 dirimens
326 703 421 760 (loe.
467 703 556 759 cit.)
601 703 745 765 iisdem
784 703 923 746 verbis
965 716 1011 746 ac
1056 706 1198 757 utitur,
1240 703 1399 746 adiecta
1437 702 1723 759 praecedentis

92 777 194 818 iuris
228 776 568 831 interpretatione
612 777 892 818 communiter
940 775 1134 828 admissa,
1178 788 1268 820 can.
1314 777 1445 817 1074,
1481 776 1506 825 ξ
1539 776 1572 816 1.
1610 772 1724 815 Inter

90 846 227 889 cirum
261 858 573 903 quemcumque
606 851 822 903 raptorem
854 846 998 888 saltem
1034 859 1107 902 per
1139 845 1241 889 alios
1272 846 1342 888 sed
1379 858 1451 902 pro
1484 858 1542 897 se,
1577 848 1620 887 ut
1652 857 1721 900 ap-

92 922 209 974 paret
242 930 290 960 ex
327 921 537 967 contextu,
572 922 609 959 et
644 916 861 959 mulierem
881 916 1101 960 cuiuslibet
1126 917 1374 960 conditionis
1409 915 1617 972 1)l1}‘sicae,
1644 927 1724 957 mo·

93 987 190 1031 ralis
222 1000 269 1031 ac
303 987 482 1039 socialis,
516 1000 595 1030 non
629 991 767 1030 autem
802 987 987 1044 qualibet
1019 988 1070 1030 de
1102 1000 1225 1030 causa
1260 989 1381 1030 etiam
1424 986 1619 1039 libidinis,
1653 984 1725 1027 sed

91 1059 251 1102 intuita
287 1058 563 1111 matrimonii,
598 1060 720 1101 etiam
755 1058 806 1101 de
839 1071 921 1115 quo
956 1058 1136 1101 ineundo
1171 1062 1389 1101 tractatum
1426 1057 1626 1100 hactenus
1644 1069 1721 1098 non

93 1130 228 1183 suerit,
248 1134 418 1186 raptam
442 1145 460 1169 (ι
479 1128 710 1172 secundum
733 1131 940 1185 propriam
966 1128 1078 1172 xerbi
1099 1130 1444 1184 significationem
1469 1146 1483 1164 ›=
1510 1128 1616 1183 (jcan.
1641 1126 1725 1183 18),

92 1212 200 1258 quae
233 1206 291 1244 est
327 1202 439 1242 iuxta
466 1199 662 1243 Doctores
690 1215 712 1240 a
738 1200 917 1243 violenta
941 1200 1075 1255 quoad
1104 1199 1318 1242 mulierem
1345 1198 1540 1242 abductio
1564 1201 1652 1241 eius
1675 1198 1724 1240 do

94 1270 184 1314 loco
218 1273 256 1313 in
294 1271 489 1323 locum»,
525 1273 632 1326 (sive
668 1269 733 1313 illa
772 1272 833 1313 vis
874 1274 923 1312 sit
951 1270 1123 1327 physica
1152 1284 1189 1313 v.
1213 1284 1275 1326 gr.
1299 1269 1574 1326 apprehensio
1599 1271 1726 1325 ipsius

96 1354 309 1398 personae.
345 1343 435 1384 sive
470 1340 652 1396 moralis,
687 1341 815 1386 idest:
865 1355 938 1397 per
985 1354 1156 1396 gravem
1208 1346 1362 1384 metum
1415 1343 1623 1383 incussum
1662 1339 1723 1381 rel

94 1425 167 1468 per
198 1411 355 1464 dolum,
389 1413 458 1468 qui
498 1413 535 1452 vi
570 1411 901 1468 aequiparetur),
935 1412 1165 1455 secundum
1202 1411 1301 1455 illud
1339 1411 1362 1455 l.
1398 1411 1421 1454 3
1446 1411 1497 1454 de
1522 1410 1727 1455 incendio,

94 1484 226 1526 ruina.
249 1481 412 1525 «Aliud
447 1486 584 1525 autem
620 1495 709 1525 esse
745 1484 845 1539 rapi,
878 1483 989 1525 aliud
1024 1484 1213 1526 amoveri
1249 1482 1381 1538 palam
1417 1487 1490 1525 est.
1514 1480 1724 1538 Siquidem

93 1555 281 1597 amoveri
316 1552 471 1610 aliquid
506 1555 594 1596 sine
631 1555 669 1595 vi
705 1557 850 1609 potest,
900 1556 986 1610 rapi
1035 1558 1173 1597 autem
1223 1555 1311 1596 sine
1348 1555 1384 1595 vi
1418 1566 1497 1595 non
1534 1556 1725 1609 potest».

93 1623 178 1668 lam
215 1637 314 1667 vero
350 1623 528 1667 violenta
565 1626 622 1667 rei
661 1624 887 1668 materialis
933 1625 1093 1668 alienae
1141 1624 1338 1668 abductio
1376 1624 1529 1668 dicitur
1570 1625 1726 1679 rapina,

97 1696 174 1738 viri
212 1694 275 1738 vel
311 1695 488 1738 feminae
521 1695 674 1738 dieitur
718 1700 871 1752 raptus.
920 1695 994 1738 Pro
1037 1709 1119 1752 quo
1163 1709 1332 1739 necesse
1375 1700 1448 1743 est,
1485 1700 1527 1738 ut
1561 1694 1674 1737 loeus
1707 1706 1727 1737 a

93 1779 177 1823 quo
210 1765 434 1809 abducitur
466 1771 506 1809 et
540 1765 654 1809 locus
702 1769 752 1809 ad
804 1779 926 1824 quem
977 1769 1058 1809 sint
1105 1766 1318 1810 moraliter
1351 1766 1507 1810 diversi
1540 1768 1613 1809 etsi
1649 1778 1727 1808 non

96 1836 271 1880 multum
307 1837 520 1892 distantes,
555 1849 602 1880 ae
636 1836 733 1881 lieet
766 1842 907 1894 raptor
937 1838 986 1881 ad
1024 1837 1158 1881 locum
1203 1838 1453 1881 destinatum
1501 1837 1729 1893 perducere

99 1907 318 1950 mulierem
354 1909 607 1964 nequiverit.
646 1923 668 1949 a
693 1907 803 1951 lnter
851 1913 1058 1964 raptorem
1105 1910 1230 1964 igitur
1262 1913 1302 1951 el
1335 1914 1538 1965 raptam»
1576 1907 1727 1951 solum-

97 1978 220 2022 modo
253 1978 370 2021 adest
403 1979 764 2035 impedimentum,
797 1984 922 2037 atque
947 1984 990 2022 ut
1013 1979 1159 2023 melior
1191 1982 1393 2023 sententia
1429 1978 1728 2036 propugnabat,

96 2062 174 2093 non
210 2051 317 2092 inter
352 2048 568 2092 mulierem
605 2052 827 2107 rapti-icem
861 2063 909 2093 ac
947 2052 1080 2093 virum
1117 2055 1294 2107 raptum,
1318 2052 1350 2094 si
1375 2051 1626 2108 quandoque
1663 2063 1730 2093 ac-

94 2120 266 2164 cideret.
302 2118 386 2163 Nee
421 2120 765 2176 impedimentum
803 2123 909 2164 inter
942 2121 1032 2164 illas
1067 2135 1264 2178 personas
1286 2126 1347 2165 est
1373 2126 1632 2178 perpetuum,
1657 2121 1727 2165 sed

95 2190 285 2249 quandia
321 2191 413 2249 ipsa
445 2193 592 2247 supple
630 2207 649 2231 a
677 2191 825 2235 mulier
859 2197 973 2249 rapta
1000 2208 1018 2233 ))
1057 2192 1098 2235 ia
1131 2198 1342 2250 potestate
1363 2193 1565 2250 raptoris,
1590 2206 1731 2250 quam-

98 2263 158 2305 vis
190 2261 267 2306 sub
299 2262 470 2305 alterius
503 2261 682 2305 hominis
714 2263 918 2315 custodia,
965 2263 1182 2318 manserit,
1227 2277 1298 2307 sen
1334 2264 1431 2307 dnm
1469 2268 1610 2320 raptus
1647 2265 1728 2306 xir-

98 2332 263 2376 tualiter
297 2332 510 2389 perdurat,
542 2332 706 2376 mellum
735 2338 874 2391 potest
907 2334 1136 2377 consistere
1169 2334 1502 2388 matrz'mom'um,
1526 2334 1633 2391 quod
1656 2335 1732 2376 for-

98 2405 218 2446 tassis
249 2404 300 2447 de
335 2405 456 2459 facto,
489 2404 561 2447 sed
599 2404 740 2448 illicite
773 2409 1047 2448 attentaretur
1090 2404 1141 2449 ob
1185 2405 1484 2449 inhabilitatem
1532 2418 1731 2462 personae

100 2476 276 2529 raptoris
309 2486 407 2530 erga
443 2474 659 2518 mulierem
711 2475 982 2531 praedictam,
1031 2488 1138 2533 quae
1187 2475 1423 2520 inhabilitas
1473 2478 1560 2519 iure
1593 2475 1731 2519 (lonc.i

97 2542 225 2586 Trid.¹
259 2544 425 2588 inducta
463 2546 537 2588 suit
573 2547 686 2588 iuxta
721 2545 839 2588 lnstr.
880 2546 1031 2602 Congr.
1065 2547 1104 2591 S.
1138 2543 1276 2591 Officii
1302 2546 1315 2569 ¹
1354 2562 1377 2587 «
1399 2551 1484 2590 tum
1521 2559 1568 2589 ex
1616 2559 1731 2603 prae·

97 2616 333 2670 sumptione
367 2628 446 2658 non
479 2629 705 2660 consensus
738 2621 822 2660 tum
860 2619 897 2659 in
933 2617 1072 2660 odium
1110 2619 1208 2660 tanti
1243 2618 1493 2661 facinoris».

219 2684 508 2741 Impedimenti
557 2689 733 2730 cessatio
780 2686 1051 2744 sequentibus
1098 2687 1406 2732 conditionibus
1453 2688 1660 2731 addicitur
1694 2690 1730 2729 in

97 2755 126 2813 ἓ
160 2755 216 2798 20.
256 2754 377 2809 Quod
408 2756 447 2799 si
477 2762 605 2815 rapta
641 2757 791 2801 mulier
822 2770 948 2815 supra
982 2757 1205 2813 declarata,
1232 2758 1263 2801 1ο
1288 2773 1312 2801 a
1335 2764 1510 2816 raptore
1531 2764 1731 2816 separata

221 2910 232 2931 1
263 2910 305 2943 15
332 2909 442 2946 Febr.
471 2910 572 2944 1901.
