1971 3261
505 128 717 162 Eoi-mulae
742 125 984 169 facultatum
1011 126 1050 161 S.
1084 127 1116 162 C
1152 127 1198 161 de
1226 128 1269 161 P.
1300 128 1344 161 F.
1669 127 1735 162 721

219 245 249 281 7.
279 245 503 281 Permittendi
533 245 813 291 thurificationem
844 245 878 279 in
908 244 1025 279 Missis
1051 245 1202 280 cantatis
1237 256 1257 280 a
1289 245 1360 281 solo
1386 245 1583 281 celebrante
1608 246 1740 292 absque

101 305 285 347 ministris,
313 304 502 339 dummodo
529 304 598 340 duo
624 304 746 340 saltem
775 303 890 339 clerici
918 303 1168 350 superpelliceo
1195 304 1308 339 induti
1338 304 1462 339 Missae
1489 305 1694 340 inserviant.

219 361 253 398 8.
288 362 516 398 Permittendi
546 368 582 398 ut
611 363 644 397 in
672 363 828 398 ecclesiis
855 362 907 397 sui
936 362 1097 398 territorii
1120 369 1186 398 tres
1205 362 1331 398 Missae
1348 363 1465 398 statim
1496 368 1569 409 post
1588 364 1737 399 mediam

100 427 236 458 noctem
275 420 482 458 Natiuitatis
508 420 646 456 Domini
672 421 837 456 celebrari
868 420 1013 467 possint,
1041 432 1120 456 cum
1158 426 1324 467 potestate
1357 422 1628 457 administrandi
1658 422 1738 458 fide-

101 481 194 517 libus
219 493 248 516 s.
279 480 592 522 Communionem,
622 485 724 515 cauto
752 484 866 515 tamen
896 484 930 515 ut
958 480 1077 515 omnia
1103 491 1181 515 cuin
1211 479 1329 515 debita
1355 481 1548 516 reverentia
1576 480 1673 516 fiant.

219 538 251 575 9.
280 539 508 575 Permittendi
538 543 574 574 ut
602 538 638 573 in
665 538 824 574 ecclesiis
850 540 902 573 sui
931 538 1093 573 territorii
1119 538 1310 584 functiones
1339 537 1482 574 Maioris
1511 538 1740 575 Hebdomadae

99 598 265 635 celebrari
294 598 433 633 valeant
459 598 554 633 iuxta
575 597 788 644 peculiarem
820 596 934 632 Ritum
962 608 982 632 a
1000 609 1027 631 s.
1051 608 1098 631 m.
1121 596 1307 633 Benedicto
1336 597 1395 643 l'p.
1423 597 1495 632 xm
1526 599 1737 644 propositum

101 669 161 705 pro
186 657 341 698 ecclesiis
369 656 565 691 minoribus
594 656 860 702 paroecialibus,
883 656 916 690 in
946 656 1074 702 quibus
1104 656 1345 691 ministrorum
1375 667 1544 691 numerus
1572 657 1621 692 vet
1640 658 1739 703 copia

98 721 280 752 cantorum
301 716 344 751 ad
366 716 561 762 praedictas
588 726 706 750 sacras
735 715 933 750 functiones
952 715 1155 750 solemniter
1183 715 1398 761 peragendas
1418 715 1535 751 haberi
1565 722 1735 761 nequeat:

97 776 287 811 dummodo
314 780 429 812 tamen
457 779 590 810 constet
617 774 746 809 ibidem
775 774 860 810 satis
876 785 951 810 esse
977 775 1175 809 consultum
1196 774 1410 810 reverentiae
1437 775 1544 810 sacris
1564 776 1739 822 mysteriis

96 835 246 876 debitae,
272 839 305 870 et
331 834 422 880 quod
451 833 548 869 nulla
574 833 701 869 exinde
728 833 854 868 abusui
880 837 1000 879 pateat
1027 833 1182 868 occasio:
1201 838 1233 868 et
1262 838 1434 879 quatenus
1463 844 1575 878 neque
1603 834 1735 880 praedi-

95 898 172 929 ctus
197 893 295 929 Ritus
320 894 448 928 servari
483 892 605 939 possit,
638 892 861 939 permittendi
891 897 927 927 ut
965 893 1000 926 in
1030 892 1153 928 iisdem
1180 892 1335 927 ecclesiis
1364 892 1467 927 unica
1502 892 1606 928 Missa
1634 893 1732 931 lecta.

95 953 168 989 loco
193 953 372 998 solemnis,
393 952 559 988 celebrari
584 951 691 998 possit
720 951 806 987 feria
838 950 861 986 V
884 951 917 985 in
947 949 1063 987 Coena
1092 950 1230 986 Domini
1258 956 1291 986 et
1310 949 1462 986 Sabbato
1481 956 1600 986 sancto
1620 950 1735 990 (Com—

97 1012 214 1047 munis
240 1012 397 1058 quinque
426 1011 608 1046 Formulis.
642 1009 726 1046 Vide
751 1010 1024 1046 declarationem
1052 1011 1087 1044 in
1117 1021 1195 1056 pag.
1229 1009 1322 1053 136).

216 1070 270 1106 10.
302 1070 530 1106 Permittendi
561 1074 597 1104 ut
625 1070 661 1104 in
687 1069 843 1105 ecclesiis
861 1069 912 1105 sui
942 1069 1105 1104 territorii
1134 1074 1185 1105 ter
1213 1068 1247 1103 in
1279 1069 1508 1111 hebdomada,
1527 1074 1623 1105 extra
1642 1070 1732 1113 Qua-

93 1130 341 1175 dragesimam,
368 1128 477 1164 Missa
501 1129 636 1176 priuata
656 1129 693 1163 de
716 1127 842 1176 Reqaie
860 1128 1025 1164 celebrari
1056 1129 1175 1175 possit,
1197 1129 1301 1164 etiam
1329 1128 1453 1164 diebus
1472 1129 1560 1164 ritus
1585 1129 1735 1175 duplicis

96 1189 237 1224 maioris
261 1193 295 1224 et
321 1188 480 1232 minoris,
501 1188 653 1234 exceptis
682 1187 885 1230 Dominicis,
904 1199 968 1223 nec
996 1199 1064 1223 non
1094 1187 1200 1227 seriis,
1232 1187 1360 1232 vigiliis
1385 1192 1489 1233 atque
1515 1188 1646 1223 octavis
1666 1189 1734 1234 pri—

95 1247 279 1293 vilegiatis,
305 1247 428 1283 diebus
454 1252 585 1290 tamen,
608 1247 742 1293 quibus
760 1247 880 1282 eadem
908 1246 1009 1282 Missa
1037 1257 1055 1281 a
1079 1246 1238 1282 llubricis
1266 1246 1490 1292 permittitur,
1511 1248 1731 1293 computatis.

212 1330 275 1374 Ad
312 1344 349 1373 n.
385 1331 424 1383 7,
459 1331 483 1373 8
517 1335 557 1373 et
595 1331 663 1374 10.
700 1355 752 1360 —
792 1329 878 1372 Hae
911 1329 1127 1372 facultates
1162 1331 1432 1372 inveniuntur
1472 1331 1510 1371 in
1550 1332 1733 1387 quinque

94 1400 310 1445 Formulis.
352 1399 450 1444 Vide
484 1401 813 1444 declarationem
849 1413 993 1443 earum
1029 1403 1066 1443 in
1103 1412 1194 1456 pag.
1234 1400 1313 1442 13⁶2
1348 1405 1387 1443 et
1425 1400 1499 1442 141
1540 1405 1649 1443 nota.

213 1505 270 1542 11.
302 1505 527 1542 Permittendi
554 1505 661 1541 etiam
691 1505 725 1539 in
755 1505 923 1541 omnibus
949 1505 1074 1541 diebus
1102 1506 1198 1541 sestis
1216 1510 1249 1540 et
1284 1505 1471 1540 dominicis
1490 1503 1634 1540 Missam
1653 1505 1734 1540 voti-

95 1577 171 1602 vam
196 1565 235 1601 de
261 1564 301 1601 Β.
332 1564 381 1601 M.
420 1563 455 1599 V.
485 1565 527 1599 iis
553 1565 627 1610 qui,
656 1565 700 1600 ob
726 1565 898 1600 defectum
935 1564 1114 1599 oculorum
1154 1564 1305 1599 aliamve
1339 1563 1595 1607 infirmitatem,
1623 1564 1734 1609 legere

92 1630 269 1671 nequeant
307 1624 432 1660 Missas
470 1624 620 1668 singulis
658 1623 782 1659 diebus
808 1629 1031 1660 occurrentes
1071 1624 1164 1659 iuxta
1204 1623 1354 1658 Missalis
1394 1622 1539 1659 Romani
1576 1623 1733 1659 rubricas

93 1682 316 1729 (Communis
337 1689 486 1730 quatuor
513 1682 696 1719 Formulis.
730 1682 814 1718 Vide
840 1683 1114 1719 declarationem
1143 1682 1179 1717 in
1209 1694 1285 1728 pag.
1320 1681 1412 1725 132).

875 1815 955 1871 ἐκ*

211 1944 266 1979 12.
299 1942 528 1979 Permittendi
559 1947 607 1987 ut,
630 1942 722 1978 iusta
747 1942 789 1978 de
816 1953 931 1983 causa,
951 1940 1082 1977 Ssihum
1111 1941 1363 1978 Sacramentum
1390 1953 1465 1977 cum
1483 1942 1609 1978 duobus
1636 1942 1734 1978 lumi-

90 2004 232 2040 naribus
265 2014 306 2040 ex
334 2013 558 2049 quacumque
593 2001 792 2037 substantia
829 2002 996 2037 confectis
1035 2001 1155 2049 eoeponi
1190 2002 1296 2048 possit
1335 2000 1559 2047 (Communis
1585 2007 1734 2048 quatuor

94 2063 295 2108 Formulis).

216 2157 280 2206 Ad
315 2170 354 2203 n.
390 2157 457 2200 12.
491 2185 546 2192 —
581 2157 623 2200 ln
666 2156 861 2202 Narnien.
897 2155 1143 2210 Quaesitum
1188 2157 1402 2200 humiliter
1440 2158 1537 2200 fuit:
1577 2157 1731 2212 «Quot

87 2224 252 2272 lumina
286 2231 367 2272 sint
414 2227 651 2272 adhibenda
687 2230 725 2271 in
761 2230 1020 2285 expositione
1053 2228 1165 2271 SSmi
1215 2228 1487 2283 Sacramenti,
1520 2240 1627 2286 quae
1661 2229 1730 2272 ssat

86 2298 137 2343 ad
173 2301 301 2342 instar
334 2301 588 2356 proscaenii3
615 2312 689 2342 nec
722 2311 802 2341 non
836 2311 887 2342 an
922 2303 961 2342 et
994 2303 1095 2357 quot
1131 2301 1398 2357 requirantur
1431 2301 1470 2342 in
1506 2299 1573 2342 tali
1598 2312 1724 2355 expo-

88 2372 241 2413 sitione
274 2372 397 2414 etiam
434 2370 589 2413 lumina
624 2369 894 2413 candelarum
931 2369 1208 2426 spectabilia‘.>
1231 2385 1253 2411 ›>
1282 2369 1330 2413 Et
1362 2369 1400 2413 S.
1426 2369 1471 2414 R.
1496 2368 1539 2414 C.
1566 2383 1730 2426 respon-

88 2441 148 2484 dit
182 2441 220 2482 ²:
261 2456 281 2482 ((
306 2440 524 2484 Luminum
560 2443 832 2498 quantitatem
868 2442 1010 2496 pietati
1045 2442 1233 2485 facientis
1256 2443 1556 2498 expositionem
1592 2443 1728 2484 remit-

86 2511 269 2565 tendam,
301 2516 341 2555 et
372 2514 411 2554 in
446 2511 576 2555 Altari
609 2524 735 2568 super
767 2511 1030 2555 candelabris
1063 2512 1112 2555 ad
1151 2514 1286 2555 minus
1316 2525 1389 2555 sex
1428 2512 1624 2556 candelas
1656 2524 1721 2556 ac-

81 2594 227 2626 censas
258 2595 349 2626 esse
383 2583 619 2626 retinendas
644 2598 681 2627 ³).
727 2582 862 2640 Atque
911 2597 932 2623 c(
954 2582 1349 2627 Sanctimonialibus
1388 2583 1721 2639 postulantibus:

84 2678 140 2684 —
175 2654 210 2696 1.
244 2653 306 2697 An
350 2656 389 2697 in
423 2666 519 2697 casu
563 2653 825 2697 delicis->ntiae
860 2653 1084 2707 redituum,
1121 2656 1159 2697 in
1204 2656 1462 2710 expositione
1507 2655 1613 2697 Ssmi
1648 2656 1720 2698 Sa-

83 2726 283 2768 cramenti
320 2724 472 2768 lumina
497 2737 546 2768 ex
571 2724 676 2779 oleo,
699 2724 843 2768 saltem
871 2738 919 2768 ex
948 2729 1062 2781 parte
1084 2724 1277 2769 substitui
1303 2727 1458 2782 possint
1492 2724 1720 2768 luminibus

211 2875 223 2896 1
252 2874 295 2908 15
321 2873 456 2908 Martii
485 2874 588 2909 1698.
618 2873 762 2909 Collec.
790 2874 902 2909 auth.
932 2886 970 2910 n.
998 2875 1101 2910 1992.

174 2952 271 2980 BLA'r
293 2967 312 2974 -
338 2952 461 2982 Comm.
491 2953 577 2981 Text.
603 2952 679 2982 Cod.
704 2953 777 2981 Iur.
802 2953 885 2982 Can.
1602 2954 1641 2982 46
