1971 3261
147 138 238 174 can.
265 135 336 171 964
720 133 805 167 TIT.
838 135 901 168 VI.
932 156 943 160 —
964 136 1020 170 De
1050 137 1194 171 Ordine
1706 137 1775 171 375

147 254 288 302 spositio
313 259 407 288 cane.
434 250 500 286 964
530 251 697 297 implicite
723 252 933 288 continetur.
961 253 995 288 ln
1025 258 1066 295 §g
1093 254 1112 288 2
1131 259 1163 289 et
1191 254 1209 288 3
1240 254 1391 300 loquitur
1408 255 1450 290 de
1479 255 1659 300 privilegio
1689 266 1783 301 prae-

146 314 258 349 dictae
282 310 485 355 obligationi
513 311 670 356 opposito
688 322 726 345 ac
756 311 894 347 limitat.
915 312 948 346 ln
970 316 989 354 ἓ
1010 311 1026 347 ft
1048 314 1088 347 de
1106 313 1186 347 aliis
1207 313 1407 359 privilegiis,
1430 313 1557 359 quibus
1576 314 1782 349 eximuntur

145 372 190 408 ab
217 371 276 406 illa
303 369 529 414 obligatione,
560 369 712 415 loquitur
737 375 769 403 et
798 370 1002 406 inconcusse
1030 372 1204 407 observari
1237 373 1421 418 praecepit.

271 483 289 507 ((
314 466 371 509 Ex
410 471 522 522 parte
558 470 714 508 tantuin
740 480 832 508 cum
870 466 947 509 boc
976 470 1102 509 veteri
1140 470 1227 509 iuro
1259 470 1490 524 congruit»
1518 450 1623 520 (can).
1651 471 1688 517 ti,
1717 468 1779 526 30)

145 551 235 582 ean.
271 537 353 580 9⁴54
399 537 497 580 dum
533 537 656 579 edicit
695 536 731 578 1⁰
768 536 914 585 Alilms,
952 537 988 579 id
1025 543 1106 581 est:
1145 538 1219 580 lioc
1256 538 1371 581 titulo
1407 539 1589 595 legitime
1616 542 1780 595 potitus.

144 608 373 666 repuleris,
406 608 586 651 scilicet:
626 610 739 664 «qui
778 613 867 650 rota
906 612 1159 665 nuncupavit
1207 611 1243 651 in
1278 607 1452 660 Ordine,
1487 624 1592 666 quae
1626 615 1685 653 est
1721 624 1781 654 re-

148 680 244 737 ligio
270 682 306 722 in
333 692 412 736 qua
451 684 542 722 vota
567 678 782 722 sollemnia
817 685 1147 735 nuncupantur»
1185 680 1293 736 (can.
1331 680 1428 731 488,
1458 680 1516 729 70,
1543 680 1619 737 ⁴2⁰).
1654 681 1694 738 a)
1730 681 1781 724 de

148 751 364 807 iqu'iiii'ne,
390 764 468 793 non
493 750 579 793 solo
604 750 720 792 titulo
744 753 938 806 quamvis
973 753 1060 794 iure
1086 757 1242 794 retento
1266 752 1314 793 ad
1348 766 1534 794 normam
1562 765 1651 795 can.
1680 753 1778 797 5125.

148 822 320 878 proinde
358 838 380 862 α
403 823 599 877 Superior
634 823 807 863 maior»
847 826 938 863 actu
977 821 1084 877 (can.
1120 822 1216 867 488.
1253 821 1314 877 8⁰]
1348 822 1389 878 b)
1422 823 1502 864 elsi
1534 823 1624 865 sine
1658 824 1779 865 terri-

147 893 255 936 torio
288 892 462 947 nullius,
499 892 607 934 unde
642 905 661 934 a
699 893 856 934 fortiori
897 908 916 931 «
938 892 1076 935 Abbas
1112 892 1300 935 nullius»
1330 906 1495 950 quoque
1527 899 1664 951 potes!
1688 908 1781 937 eow-

144 964 273 1021 ferre,
301 968 341 1007 ut
370 976 545 1006 «sacrae
570 962 841 1005 ordinationis
876 965 1062 1005 minister
1085 963 1480 1006 extraordinarius»
1504 978 1523 1006 a
1561 967 1649 1007 iure
1672 971 1777 1007 can³.

149 1035 268 1077 liuius
315 1036 575 1085 constitutus,
610 1032 797 1090 primam
833 1038 1047 1075 tows-aram
1093 1039 1131 1075 el
1176 1033 1346 1075 ‹ii-dines
1391 1034 1571 1077 minores
1617 1039 1777 1078 tantum

146 1109 425 1161 congruenter
459 1106 534 1147 iuri
573 1104 724 1159 praeci.
748 1108 787 1145 et
811 1104 913 1148 cani.
939 1104 1037 1155 9357,
1062 1103 1138 1146 sub
1176 1104 1306 1147 tribus
1341 1104 1443 1148 bene
1475 1106 1780 1161 perpendendis

144 1175 453 1220 conditionibus
486 1188 533 1218 ex
564 1177 691 1217 veteri
728 1177 830 1227 iure,
865 1188 1035 1230 nempe:
1071 1174 1111 1232 a)
1145 1174 1368 1218 (lattiniodo
1397 1176 1704 1233 promovendus
1728 1177 1776 1219 ad

149 1249 376 1304 praefatam
426 1251 636 1289 tonsuram
673 1251 713 1289 et
759 1245 944 1302 singulos
977 1260 1045 1289 eos
1079 1247 1245 1289 ordines
1277 1246 1333 1289 sil
1382 1247 1463 1304 ipsi
1505 1247 1697 1290 subditus
1740 1248 1780 1289 m·

142 1317 424 1376 professionis
456 1317 604 1360 saltem
639 1317 844 1374 siiieplz'eis
883 1333 905 1358 (‹
926 1320 1030 1360 votis
1062 1317 1333 1360 sollemnibus
1368 1319 1694 1373 praemittendae
1728 1319 1776 1361 ad

145 1392 369 1433 triennium
417 1388 618 1431 valiturae
656 1388 718 1431 vel
762 1389 811 1431 ad
859 1388 1021 1445 longius
1065 1393 1272 1444 tempus»
1319 1402 1427 1444 ixcan.
1463 1389 1565 1446 574)
1610 1390 1776 1432 forsitan

145 1464 268 1504 etiam
308 1464 572 1503 «renovatae
597 1458 648 1502 ob
684 1461 881 1515 temporis
916 1462 1311 1515 prorogationem»,
1343 1472 1466 1516 quam
1498 1461 1776 1503 conditionem

144 1531 339 1576 evolvit1
389 1530 614 1574 declaratio
663 1530 815 1574 Urbani
854 1529 936 1573 Vlll
978 1530 991 1550 ‘²
1025 1544 1225 1588 sequens:
1280 1530 1507 1575 «Abbates
1551 1531 1780 1587 Regulares

146 1603 474 1647 Beiiedictiiios„.
513 1601 713 1645 habentes
745 1603 869 1644 etiam
905 1604 993 1644 iura
1028 1593 1321 1658 episcopalia...
1346 1614 1394 1645 ac
1428 1602 1662 1645 laenitatem
1700 1605 1779 1658 pri-

148 1687 254 1716 mam
300 1678 511 1716 tonsuram
547 1678 585 1715 et
638 1675 818 1716 minores
851 1673 1017 1716 ordines
1050 1674 1291 1716 conferendi
1341 1686 1418 1716 non
1465 1688 1581 1730 posse
1624 1674 1776 1717 dictam

146 1751 358 1788 tonsuram
396 1743 458 1787 vel
506 1746 686 1787 minores
720 1744 887 1787 ordines
931 1746 1005 1787 nisi
1041 1747 1126 1787 suis
1169 1744 1344 1787 subditis
1389 1744 1649 1801 regularibus
1682 1758 1776 1788 con-

145 1816 268 1870 ferre,
304 1828 380 1857 non
415 1819 552 1857 autem
591 1814 853 1870 regularibus
876 1814 1047 1857 alterius
1069 1814 1414 1870 Congregationis
1445 1820 1483 1857 et
1507 1812 1677 1859 Ordinis
1714 1815 1776 1857 vel

146 1886 335 1939 instituti,
379 1888 539 1928 etiamsi
586 1884 763 1928 habeant
807 1885 963 1929 litteras
1006 1886 1263 1928 dimissorias
1303 1888 1563 1942 superiorum
1607 1899 1775 1929 suorum

145 1956 416 2013 regularium,
450 1961 489 1999 et
521 1969 768 1999 consensum
803 1954 1122 2001 Ordinariorum
1164 1959 1268 1999 intra
1303 1970 1479 2012 quorum
1516 1955 1774 2000 Dioecesiuni

147 2028 248 2070 fines
292 2029 365 2083 ipsi
411 2026 623 2083 regulares
666 2027 883 2071 ordinandi
920 2014 1114 2081 existunt,
1149 2033 1187 2070 et
1237 2027 1364 2070 multo
1414 2029 1549 2070 minus
1593 2029 1778 2083 personis

144 2097 428 2141 saecularibus
461 2100 584 2141 etiam
621 2097 868 2142 habentibus
902 2098 1058 2141 litteras
1091 2098 1348 2142 dimissorias
1370 2112 1390 2141 a
1421 2101 1506 2141 suis
1527 2095 1775 2144 Ordinariis,

144 2182 191 2212 ac
227 2173 442 2225 propterea
478 2168 678 2214 inhibet...
712 2169 928 2226 Episcopis
961 2175 1000 2213 et
1033 2169 1123 2212 aliis
1159 2169 1396 2213 PraelatiS...
1432 2174 1474 2212 ut
1517 2171 1554 2211 in
1591 2170 1775 2212 futurum

144 2239 375 2284 concedere
409 2253 488 2282 non
522 2239 702 2283 audeant
744 2241 1005 2297 supradictas
1050 2241 1206 2283 litteras
1239 2240 1495 2283 dimissorias
1539 2240 1774 2283 huiusmodi

144 2309 376 2354 Abbatibus
408 2311 602 2369 directas,
630 2324 706 2354 nec
739 2311 790 2354 ab
825 2313 922 2367 ipsis
957 2314 1141 2367 recipi».
1175 2311 1294 2365 Quod
1332 2311 1585 2367 intelligatur
1618 2311 1669 2353 de
1693 2310 1775 2354 Ab·

145 2381 308 2424 batibus
326 2381 377 2424 de
400 2381 486 2424 solo
513 2384 715 2438 regimine
751 2385 862 2425 iuxta
898 2384 1278 2438 interpretationem
1305 2387 1407 2426 can⁸.
1434 2382 1533 2436 957,
1557 2382 1585 2439 ἓ
1610 2382 1646 2432 2,
1673 2394 1776 2438 quos

145 2457 302 2495 tantum
339 2451 586 2508 respiciebat
618 2452 858 2498 declaratio.

261 2523 456 2580 Sequitur
489 2525 527 2565 in
562 2526 732 2567 canonis
776 2525 910 2568 num0.
948 2523 990 2566 1ο
1024 2525 1204 2567 secunda
1240 2524 1444 2567 conditio:
1480 2523 1520 2581 b)
1557 2524 1644 2582 ipse
1678 2538 1774 2566 cero

148 2593 365 2637 «Abbas»
404 2594 641 2649 praedictus
674 2595 731 2637 sit
761 2594 993 2653 presbyter,
1018 2609 1066 2638 ex
1103 2607 1183 2652 qua
1215 2596 1486 2638 confirmatur
1519 2595 1612 2638 data
1649 2597 1773 2637 inter-

145 2666 319 2720 pretatio
367 2670 470 2708 can⁸.
521 2665 620 2716 951,
653 2665 926 2724 additumque
975 2668 1046 2708 tuit
1096 2665 1159 2709 bic
1213 2665 1383 2709 verbum
1436 2665 1673 2709 huiusmodi
1724 2665 1772 2708 ad

143 2734 396 2778 innuendam
441 2736 772 2780 conformitatem
822 2739 898 2779 iuri
950 2737 1226 2793 praecedenti,
1272 2742 1395 2794 atque
1446 2739 1500 2780 uti
1547 2742 1650 2779 can·.
1691 2736 1772 2777 154

258 2890 269 2912 ¹
296 2888 484 2932 Bizzarri,
514 2889 809 2924 Collectanea...
838 2901 925 2935 pag.
958 2890 1036 2925 128.
1078 2911 1123 2915 —
1150 2891 1162 2912 2
1192 2890 1234 2924 17
1262 2890 1341 2925 Ian.
1373 2891 1473 2924 1642.
