1971 3261
141 140 234 176 Can.
265 140 330 174 727
730 137 816 171 L1ss.
847 136 920 170 ΙΙΙ.
950 156 960 162 -
988 136 1045 170 De
1070 136 1182 170 rebus
1756 137 1776 169 ,5

139 262 320 301 sertum:
357 256 418 299 ita
451 261 495 298 ut
527 268 595 298 res
630 253 876 312 temporalis
909 253 1001 296 siue
1033 252 1259 310 spirituali
1282 251 1400 295 ‘nullo
1429 251 1547 296 modo
1572 267 1661 295 esse
1681 267 1775 310 pos-

139 328 210 380 sit,
245 341 308 370 eoe.
339 341 420 383 sliu,
453 325 692 382 beneficium
724 324 1069 379 eeclesiasticam,
1103 329 1194 377 ete„
1232 326 1294 367 ius
1330 323 1567 367 deeimandi
1592 337 1663 367 seu
1691 338 1777 380 per-

138 399 318 456 cipiendi
352 411 374 442 a
407 397 600 441 tidelibus
633 395 876 452 temporalia
914 397 1071 438 ratione
1117 396 1333 438 ministerii
1385 398 1507 449 sacri,
1559 394 1674 438 labor
1718 397 1775 438 in-

139 472 316 513 trinsece
359 470 619 512 necessarius
655 471 1014 511 sacramentorum
1049 466 1399 509 administrationi
1434 478 1505 508 seu
1544 466 1775 509 olliciorum

138 540 376 584 divinorum
411 538 696 583 celebrationi.
747 536 831 581 «Et
868 541 1035 593 propter
1070 536 1146 580 hoe
1181 549 1227 579 ea
1265 535 1376 579 nullo
1426 536 1549 579 modo
1597 537 1777 579 vendere

139 610 246 660 licet,
291 612 400 667 quia,
435 611 494 652 eis
530 608 721 662 venditis,
766 607 1052 663 intelliguntur
1101 608 1224 650 etiam
1271 606 1502 663 spiritualia
1550 608 1775 650 venditioni

137 680 299 725 subiici.
337 706 388 711 —
422 679 637 735 Quaedam
671 684 809 723 autem
843 683 938 722 sunt
981 678 1144 721 adnexa
1188 676 1489 734 spiritualibus,
1531 680 1774 735 inquantum

138 753 187 796 ad
223 750 453 808 spiritualia
486 750 754 802 ordinantur;
789 752 896 793 sieut
939 752 999 792 ius
1035 753 1289 805 patronatus,
1326 748 1435 805 quod
1475 748 1692 792 ordinatur
1725 749 1774 791 ad

139 822 486 879 praesentandum
520 821 695 864 elericos
737 821 787 864 ad
823 820 1103 864 ecelesiastica
1141 818 1367 873 beneficia,
1411 824 1450 862 et
1499 832 1593 863 vasa
1643 832 1774 867 sacra,

131 904 243 951 ‘quae
285 893 531 936 ordinantur
573 892 623 936 ad
668 897 1024 936 sacramentorum
1062 904 1205 934 usuin:
1259 890 1368 933 unde
1419 890 1655 934 huiusmodi
1697 903 1773 932 non

138 969 477 1021 praesupponunt.
499 963 745 1020 spiritualia,
768 963 838 1006 sed
867 965 997 1018 magis
1029 974 1075 1005 eu
1111 961 1270 1004 ordinis
1295 965 1481 1018 tempore
1508 961 1774 1017 praecedunt.

137 1035 186 1079 Et
220 1035 312 1079 ideo
350 1035 489 1092 aliquo
529 1034 651 1077 modo
699 1034 819 1077 vendi
865 1038 1046 1090 possunt,
1094 1046 1170 1076 non
1206 1037 1346 1076 autem
1394 1035 1637 1089 inquantum
1683 1037 1774 1074 sunt

136 1105 422 1162 spiritualibus
445 1105 645 1149 adnexa»
671 1105 698 1147 ¹.
737 1105 906 1161 Propter
939 1104 1048 1162 quod
1086 1108 1197 1146 reete
1231 1103 1393 1146 addidit
1430 1115 1587 1147 canon:
1614 1109 1778 1145 autres

136 1176 380 1235 spiritualis
403 1176 458 1219 sit
481 1176 697 1229 obiectum,
722 1176 802 1218 elsi
823 1174 1027 1233 partiale,
1051 1179 1306 1222 contractus,
1333 1188 1398 1217 er.
1420 1187 1483 1229 qr.
1517 1174 1776 1217 consecratio

139 1249 182 1291 in·
214 1247 360 1291 ealieis
384 1247 619 1291 consecrati
641 1246 894 1290 venditione.
932 1246 987 1289 De
1012 1250 1094 1289 tota
1119 1245 1304 1289 studiosa
1334 1245 1545 1288 voluntate
1569 1245 1774 1300 descripta

139 1318 308 1371 ibidem,
341 1323 380 1361 et
413 1331 509 1361 eum
544 1316 591 1360 D.
624 1316 781 1360 Tlioma
813 1321 1107 1367 commentata,
1142 1316 1269 1359 edicit
1304 1316 1466 1359 Codex:
1502 1321 1562 1358 est
1596 1315 1776 1357 simonia

138 1388 246 1431 iuris
278 1387 438 1434 diripi:
468 1388 650 1432 seilicet:
676 1400 697 1431 a
723 1390 811 1430 iure
840 1387 983 1430 divino
1008 1387 1217 1437 damnata,
1246 1392 1368 1443 prout
1394 1386 1613 1443 probatum
1641 1390 1776 1428 manet

136 1463 175 1503 in
209 1459 509 1512 declaratione3
543 1471 591 1503 ae
627 1463 815 1515 respectu
840 1460 1011 1502 canonis
1033 1460 1253 1501 commatis
1282 1461 1477 1514 postremi
1508 1458 1683 1500 sufficiat
1711 1457 1776 1500 ad-

135 1531 235 1574 dere
261 1530 468 1574 Paschalis
494 1530 625 1587 Papae
664 1529 791 1573 verba
813 1528 851 1574 ²:
892 1527 1131 1586 «Quisquis
1175 1528 1252 1571 hoe
1286 1528 1462 1572 alterum
1502 1529 1658 1579 vendit,
1690 1530 1778 1571 siue

135 1614 217 1658 quo
251 1614 326 1645 nec
359 1601 537 1645 alterum
563 1603 771 1657 provenit,
806 1601 914 1655 (sive
937 1602 1033 1657 quia
1074 1602 1200 1642 «sine
1235 1599 1365 1642 altero
1400 1599 1660 1641 nullomodo
1690 1611 1778 1641 esse

139 1674 320 1728 possit»,
355 1674 445 1715 sive
478 1674 574 1729 quia
618 1673 707 1714 «sit
747 1671 970 1721 obtectum,
1005 1672 1078 1713 etsi
1123 1670 1295 1726 partiale
1329 1669 1632 1726 contractus»)
1680 1682 1777 1711 neu-

139 1748 247 1786 trum
274 1742 534 1786 invenditum
561 1741 829 1799 derelinquit.
855 1741 1000 1785 Nullus
1023 1755 1123 1797 ergo
1157 1746 1265 1784 emat
1300 1740 1544 1793 Ecclesiam,
1572 1740 1633 1782 sel
1663 1753 1776 1796 prae-

139 1814 317 1858 bendam
354 1813 418 1857 vel
453 1814 608 1870 aliquid
651 1813 1045 1857 ecclesiasticum».

257 1886 428 1929 Praeter
462 1885 569 1929 hane
603 1885 861 1941 distinguunt
896 1887 1237 1928 communissime
1273 1883 1470 1927 Doctores
1502 1884 1624 1926 aliam
1659 1885 1780 1925 simo-

136 1958 245 2000 niam
281 1958 382 1999 iuris
416 1956 705 2006 ecelesiastici,
740 1968 846 2014 quae
883 1957 1047 2012 proprie
1081 1968 1160 1998 non
1197 1957 1427 2011 praesefert
1459 1957 1774 1997 nrm-eventium

137 2030 174 2070 in
217 2041 280 2070 res
319 2040 472 2081 sacras,
507 2027 700 2083 *periculo
743 2032 883 2070 autem
919 2029 1221 2070 irreverentiae
1267 2026 1475 2070 multoties
1521 2039 1598 2068 non
1650 2030 1777 2077 earet,

138 2103 305 2154 propter
348 2098 458 2156 quod
494 2103 611 2142 actus
644 2098 1142 2154 emptionis-venditionis
1179 2097 1415 2153 praedictae
1454 2097 1504 2139 de
1548 2096 1611 2139 his
1657 2095 1778 2138 rebus

135 2182 156 2213 a
193 2169 283 2226 lege
323 2169 603 2213 ecelesiastica
649 2174 827 2213 vetatur.
870 2168 925 2212 De
961 2168 1036 2211 hae
1073 2171 1198 2224 igitur
1234 2172 1381 2211 tractat
1414 2170 1438 2221 ,ξ
1472 2168 1508 2209 ’2.
1540 2166 1650 2210 Dare
1686 2180 1777 2208 vero

136 2243 174 2292 a)
207 2253 272 2283 res
307 2239 558 2298 temporales
591 2239 814 2298 spirituali
847 2239 1036 2282 aslnetras
1082 2252 1160 2296 pro
1207 2237 1510 2296 temporalibus
1554 2236 1778 2295 spiritimli

137 2309 328 2365 adiieoeis,
365 2313 402 2354 in
428 2311 574 2355 eodem
611 2313 736 2368 igitur
768 2311 926 2364 ordine,
969 2313 1023 2353 ita
1061 2315 1102 2353 ut
1136 2310 1379 2353 viderentur
1413 2311 1661 2353 commutari
1698 2321 1775 2364 qua

135 2382 385 2438 spirituales,
418 2395 465 2426 ac
501 2384 539 2425 in
574 2385 784 2439 emptione
817 2394 864 2425 ao
907 2381 1146 2425 venditione
1199 2383 1341 2424 venire
1389 2393 1468 2437 qua
1515 2379 1776 2435 temporales,

138 2452 178 2501 bl
214 2452 275 2496 vel
306 2467 375 2496 res
397 2452 648 2511 spirituales
670 2467 746 2511 pro
765 2452 1080 2510 spiritualibus,
1109 2452 1175 2496 ubi
1205 2454 1381 2508 pretium
1409 2451 1635 2507 temporale
1661 2449 1774 2493 abest

137 2526 321 2577 omnino,
354 2523 394 2580 c)
430 2523 492 2566 vel
524 2524 652 2566 etiam
688 2523 940 2582 temporales
969 2536 1050 2580 pro
1097 2522 1413 2580 temporalibus,
1458 2521 1565 2578 quod
1616 2521 1778 2563 xidvtur

137 2608 227 2638 esse
260 2595 381 2651 plene
415 2597 561 2638 rationi
597 2608 830 2652 congruum
865 2608 913 2638 ac
951 2596 1108 2647 virtuti,
1160 2599 1295 2636 tarneu
1344 2593 1381 2635 si
1416 2592 1458 2635 id
1508 2594 1692 2648 praecise
1732 2590 1778 2633 ol)

133 2664 371 2722 periculam
403 2665 709 2708 irreverentiae
741 2679 842 2723 erqa
877 2679 944 2707 res
977 2664 1242 2722 spirituales,
1291 2677 1410 2707 secus
1443 2666 1473 2705 si
1512 2667 1678 2719 propter
1712 2662 1776 2705 ‹le-

134 2736 290 2779 vfectum
324 2735 501 2780 alieuius
532 2736 835 2788 sollemnitatis,
873 2750 994 2792 v.gr.
1031 2735 1275 2792 beneplaciti
1311 2735 1432 2790 apici.
1470 2736 1505 2776 in
1544 2746 1680 2776 rerum
1717 2747 1777 2774 er-

257 2890 268 2911 *
295 2889 340 2923 D.
369 2889 450 2930 Th„
477 2889 550 2923 loo.
579 2890 646 2923 cit.
677 2894 751 2923 art.
780 2889 847 2929 IV,
877 2900 908 2922 c.
939 2908 981 2914 —
1012 2889 1025 2910 2
1046 2888 1158 2922 Caus.
1191 2888 1207 2921 Ι
1227 2899 1262 2931 q.
1285 2887 1341 2920 ΙΙΙ
1362 2898 1393 2920 c.
1417 2886 1457 2920 Si
1477 2886 1564 2930 quis
1583 2885 1777 2919 obiicerit.
