1971 3261
155 183 200 216 74
556 179 640 212 Lm.
671 178 740 212 ΙΙΙ.
772 198 781 202 -
810 178 920 212 PARS
946 178 976 211 Ι.
1007 198 1018 203 -
1045 178 1102 212 De
1127 178 1392 213 &loramentis
1593 179 1685 215 Gan.
1715 180 1783 216 780

275 300 342 341 71.
380 301 635 354 Inscriptio
667 299 806 343 tituli.
842 323 867 326 —
902 296 993 339 Post
1038 295 1287 352 baptismum
1322 298 1587 342 considerare
1620 304 1781 355 oportet

164 370 341 412 situlam
380 368 428 413 ΙΙ.
464 368 528 411 De
560 366 889 423 confirmatione,
924 379 971 410 ac
1004 372 1064 409 est
1090 369 1149 410 sic
1191 372 1382 411 vocatum
1408 367 1484 413 hoc
1508 382 1640 413 novae
1665 370 1782 427 Legis

156 442 483 487 5001-(1111010001,
519 441 615 495 quia
649 451 697 481 ex
733 437 830 480 Dec.
865 437 1037 492 Eugenii
1062 436 1112 479 lV
1138 437 1188 480 ad
1213 437 1440 483 Armenos:
1480 455 1499 481 <(
1526 442 1563 483 in
1589 454 1636 483 eo
1660 441 1782 484 datur

156 512 331 565 Spiritus
364 510 537 552 Sanctus
571 508 620 551 ad
657 507 783 550 robur
814 506 1056 563 (spiritualis
1089 520 1266 564 pugnae,
1302 513 1345 552 ut
1378 512 1434 552 ait
1467 509 1511 553 D.
1547 509 1639 567 Th.)
1669 512 1698 563 ¹,
1730 514 1782 554 si-

157 586 224 623 cut
258 580 377 622 datus
409 584 469 622 est
504 577 709 634 Apostolis
744 580 782 620 iu
817 577 884 620 die
920 577 1193 627 Pentecostes‚
1228 582 1271 622 ut
1311 579 1506 624 videlicet
1527 579 1785 625 Christianus

157 651 354 693 audacter
387 649 529 705 (etiam
565 650 670 691 inter
702 648 967 691 adversarios
1000 648 1109 703 fidei,
1147 653 1267 704 prout
1289 649 1404 693 addit
1426 649 1472 693 D.
1497 649 1568 694 Th.
1596 651 1670 695 loc.
1696 651 1783 708 cit.)

157 720 304 764 Christi
340 720 585 762 confiteatur
619 731 767 761 nomen
792 734 830 758 ».
866 717 907 761 In
942 718 1020 762 1100
1063 717 1196 762 Titulo
1244 722 1564 776 praemittuntur
1606 734 1785 765 canones

156 791 237 833 duo
271 790 321 833 de
356 794 500 832 natura
534 787 656 831 huius
688 788 943 832 Sacrameuti
978 801 1025 832 ac
1057 788 1108 832 de
1143 791 1274 845 ipsius
1308 793 1479 834 materia
1514 795 1600 835 tum
1627 796 1781 835 remota

162 866 245 903 tum
282 862 483 916 proxima.

275 930 340 973 722.
377 932 528 976 Huius
572 932 869 976 sacramenti
917 933 1067 977 notio.
1100 957 1127 961 —
1164 929 1263 975 Can.
1311 933 1416 974 780.
1460 930 1783 976 Sacramentum

157 1000 489 1057 confirmationis
522 999 710 1057 conferri
741 999 857 1043 debet
890 1001 941 1044 ad
980 1003 1069 1044 eius
1096 1001 1366 1055 validitatem,
1386 1004 1439 1046 ita
1465 1007 1788 1062 utquocumque

159 1074 196 1113 10
231 1083 387 1114 canone
419 1071 625 1114 dictorum
660 1070 899 1126 deficiente,
935 1074 1085 1115 iterum
1120 1073 1417 1116 conferendum
1450 1075 1523 1116 sit:
1545 1087 1789 1131 permanus

159 1143 395 1197 inungentis
429 1140 751 1198 impositionem,
787 1154 885 1184 nam
921 1142 972 1185 de
1007 1142 1214 1199 Apostolis
1259 1143 1376 1186 Petro
1410 1148 1450 1187 et
1483 1143 1632 1187 loanne
1657 1146 1791 1188 missis

158 1213 207 1255 ad
242 1213 470 1255 Samariam
507 1214 639 1268 inquit
671 1212 854 1255 Actuum
904 1212 1196 1269 Apostolorum
1249 1213 1374 1257 liber:
1415 1213 1571 1258 «Tunc
1606 1217 1788 1271 impone-

160 1283 255 1326 bant
291 1295 436 1325 manus
468 1296 595 1339 super
629 1282 718 1326 illos
753 1288 794 1326 et
826 1283 1087 1340 accipiebant
1119 1285 1316 1341 Spiritum
1337 1284 1580 1328 Sanctum»
1610 1284 1638 1337 ²,
1661 1290 1700 1329 et
1723 1286 1792 1329 ad-

160 1353 217 1396 dit
252 1352 347 1397 Dec.
382 1353 432 1396 ad
468 1353 696 1398 Armenos:
736 1353 882 1398 «Loco
905 1359 1043 1398 autem
1069 1354 1179 1398 illius
1203 1368 1351 1399 manus
1375 1358 1647 1412 impositionis
1669 1357 1792 1400 datur

161 1427 199 1466 in
234 1423 418 1467 Ecclesia
453 1425 774 1475 confirmatio»,
808 1438 897 1467 eum
933 1425 1127 1469 unctione
1145 1424 1402 1481 chrismatis,
1437 1439 1530 1470 nan]
1556 1426 1709 1471 ibidem
1734 1427 1793 1471 di-

159 1497 289 1537 citur:
330 1510 350 1534 ‹<
370 1497 488 1538 cuius
523 1497 694 1539 materia
728 1501 789 1538 est
811 1494 991 1539 chrisma
1017 1497 1250 1540 confectum
1276 1510 1324 1540 ex
1351 1497 1454 1551 oleo,
1480 1497 1589 1554 quod
1615 1500 1789 1541 nitorem

160 1567 364 1621 siguificat
401 1568 692 1617 conscientiae,
726 1570 763 1608 et
800 1565 994 1622 balsamo,
1044 1567 1153 1624 quod
1204 1567 1371 1610 odorem
1421 1569 1627 1623 significat
1661 1567 1792 1612 bonae

162 1638 307 1689 fatuae,
343 1649 414 1692 per
448 1635 699 1692 Episcopum
737 1635 993 1680 benedicto»
1027 1663 1075 1667 —-
1106 1636 1326 1692 ((Ε111001,
1352 1641 1408 1681 ait
1433 1638 1476 1683 D.
1510 1638 1582 1683 Th.
1608 1639 1637 1695 3,
1663 1638 1790 1682 multa

160 1707 237 1750 alia
272 1708 350 1750 sint
385 1707 607 1761 odorifera,
662 1712 796 1751 tamen
848 1710 1070 1765 praecipue
1119 1710 1322 1765 accipitur
1362 1709 1589 1753 balsamum
1626 1715 1794 1767 propter

161 1777 237 1821 hoc
271 1777 379 1834 quod
415 1777 539 1822 habet
574 1780 842 1834 praecipuum
878 1779 1064 1834 odorem,
1098 1785 1137 1823 et
1170 1782 1264 1836 quia
1289 1782 1411 1823 etiam
1438 1783 1792 1837 incorruptionem

164 1853 364 1904 praestat;
401 1848 510 1891 uude
545 1847 691 1905 (Eccli.
726 1847 871 1904 xxiv,
909 1849 982 1906 21)
1015 1850 1192 1895 dicitur:
1242 1850 1411 1905 «Quasi
1449 1850 1678 1894 balsamum
1713 1864 1792 1895 uon

166 1922 340 1962 mixtum
374 1920 477 1963 odor
513 1933 685 1965 meus».
722 1947 774 1950 ἡ
811 1920 981 1977 10501101·
1016 1923 1127 1964 iuxta
1164 1934 1391 1966 canonem:
1426 1922 1469 1964 in.
1500 1920 1642 1979 fronte
1678 1938 1700 1962 α
1724 1922 1791 1966 0111

166 1990 441 2034 verecundiae
475 1990 594 2033 sedes
628 1996 701 2043 051,
750 1992 1061 2035 confirmandus
1105 1994 1331 2048 inungitur,
1368 2006 1417 2035 110
1449 1990 1597 2036 Christi
1642 2006 1791 2036 nomen

162 2062 348 2103 conliteri
383 2060 601 2104 erubescat
633 2067 673 2104 et
707 2064 929 2118 praecipue
962 2076 1130 2106 crucem
1165 2065 1265 2116 0105,
1301 2076 1406 2119 quae
1439 2063 1602 2107 ludaeis
1624 2064 1792 2121 quidem

163 2137 220 2174 est
265 2132 522 2187 scandalum,
566 2132 767 2176 Gentibus
809 2138 947 2176 autem
990 2133 1203 2177 stultitia4
1248 2134 1477 2178 secuudum
1523 2134 1791 2191 Apostolum;

163 2207 329 2258 propter
362 2203 470 2260 quod
505 2205 624 2259 siguo
658 2206 794 2247 crucis
825 2206 1051 2260 signatur.»
1082 2205 1119 2257 ⁵3
1155 2210 1193 2247 et
1225 2218 1302 2262 per
1340 2204 1462 2247 verba
1496 2205 1539 2248 in
1570 2205 1792 2262 pontifica-

163 2271 270 2314 libus
303 2272 438 2327 libris,
473 2275 510 2315 in
545 2273 696 2330 quibus
731 2277 1047 2330 praecipuarum
1083 2275 1338 2318 functionum
1373 2276 1670 2332 episcopalium
1693 2278 1794 2319 ritus

164 2348 200 2385 et
237 2346 523 2386 coeremoniae
559 2345 793 2398 traduntur,
826 2345 875 2387 ab
898 2343 1089 2388 Ecclesia
1112 2346 1302 2398 probatis
1326 2360 1521 2403 expresso
1545 2347 1794 2391 documento

168 2413 228 2456 vel
264 2414 406 2456 saltem
433 2428 480 2457 ex
506 2414 702 2458 diuturno
728 2415 911 2471 legitimo
947 2429 1036 2471 usu,
1060 2421 1099 2459 et
1122 2416 1173 2460 ab
1198 2416 1260 2459 his
1285 2416 1412 2465 libris,
1436 2419 1507 2475 qui
1538 2422 1633 2461 sunt
1658 2417 1795 2473 plures

167 2497 238 2539 pro
275 2486 425 2526 rituum
461 2485 716 2537 diversitate,
769 2487 823 2528 uti
873 2485 996 2529 verba
1044 2488 1278 2530 unctionem
1318 2489 1636 2530 concomitantia
1667 2501 1791 2545 prae-

165 2555 337 2611 scripta.
377 2582 425 2584 —
452 2555 491 2597 10
521 2556 746 2599 Pontilicali
769 2556 952 2600 Romano
976 2558 1105 2600 forma
1131 2562 1212 2600 est:
1252 2558 1415 2614 «Signo
1441 2563 1478 2601 te
1501 2560 1618 2613 siguo
1643 2560 1796 2612 crucis,

164 2630 202 2667 et
236 2626 436 2668 contirmo
471 2630 507 2669 te
541 2626 764 2670 chrismate
796 2627 953 2681 salutis,
989 2630 1027 2670 in
1053 2629 1217 2670 nomine
1244 2628 1372 2671 Patris
1389 2633 1428 2671 et
1449 2627 1536 2671 Filii
1556 2633 1595 2671 et
1618 2629 1795 2684 Spiritus

164 2697 300 2737 Sancti
323 2714 359 2739 ».
398 2695 452 2739 De
485 2709 564 2753 qua
601 2696 644 2740 D.
680 2697 858 2741 Thomas
891 2698 1010 2741 docet
1035 2699 1073 2740 6;
1114 2713 1134 2739 ((
1157 2699 1266 2755 quod
1303 2699 1431 2742 forma
1456 2704 1517 2742 est
1540 2701 1794 2743 conveniens

284 2826 291 2845 ¹
323 2825 518 2869 Supplem.
550 2838 583 2869 q.
610 2826 775 2869 LXXII,
803 2831 878 2862 art.
907 2829 942 2870 2,
971 2838 1001 2861 0.
1032 2848 1075 2852 -
1101 2827 1115 2849 ‘³
1141 2828 1228 2868 Act,
1256 2827 1361 2867 VIII,
1391 2828 1434 2860 14
1448 2839 1552 2872 seqq.
1574 2827 1792 2872 --SSuppL

166 2883 200 2915 q.
227 2871 391 2913 LXXII,
432 2878 504 2905 art„
534 2874 555 2905 2
583 2884 613 2906 c.
655 2895 695 2897 —
736 2876 748 2896 ⁴
777 2876 794 2907 1
822 2874 870 2908 ad
897 2874 999 2915 Con,
1025 2874 1055 2915 1,
1080 2874 1137 2908 23.
1182 2894 1224 2898 ——
1261 2875 1274 2895 5
1301 2874 1392 2908 Dec.
1423 2875 1490 2908 cit.
1516 2874 1563 2908 ad
1592 2875 1794 2908 Armenos.

167 2938 208 2942 —
236 2918 249 2939 ὃ
275 2920 315 2951 315³·
344 2918 401 2959 R,
431 2930 466 2963 q.
498 2919 657 2959 LXXII,
689 2932 721 2954 a.
749 2922 781 2954 4.
