1971 3261
205 132 273 165 434
605 129 689 163 Lus.
717 128 785 163 ΙΙΙ.
813 149 825 153 -
852 128 962 161 PARS
987 128 1017 162 Ι,
1044 148 1055 152 -
1083 127 1140 162 De
1165 127 1431 162 Sam-amentis

1641 126 1735 162 Gan.
1760 126 1832 161 985

207 248 368 292 nalibus
400 253 439 291 et
472 245 791 304 poenitentiis»,
839 259 945 303 quae
991 245 1042 289 ad
1093 259 1179 289 rem
1229 244 1338 302 quod
1387 247 1530 289 attinet
1565 258 1645 288 non
1678 243 1832 288 habent

206 319 361 371 locum)
398 330 572 374 «poena
607 319 805 361 canonica
828 332 850 357 ›>
888 317 1158 372 distinguitur
1190 315 1396 372 complete
1420 327 1492 372 per
1519 314 1668 360 verba:
1702 314 1831 358 medi—

205 389 336 432 cinali
368 394 442 432 aut
474 387 744 441 vindicaliva,
781 387 822 444 b)
856 387 942 430 sive
973 386 1114 439 locali,
1151 386 1279 430 verbo
1301 387 1497 430 adiuncto
1521 390 1688 443 propter
1711 387 1832 428 inter—

205 461 361 504 dictum
396 459 526 503 locale
560 458 624 502 vel
659 460 930 502 cessationem
964 469 987 501 a
1020 457 1188 512 divinis,
1231 469 1338 514 quae
1379 456 1537 500 directe
1577 456 1712 500 locum
1745 456 1831 500 affi-

206 533 335 584 ciunt,
364 528 584 587 prohibiti,
605 530 833 586 praeiatum
868 528 1066 572 delictum
1102 532 1311 585 patrantes
1335 528 1373 570 iu
1398 526 1521 570 huius
1539 525 1833 583 prohibitionis

207 604 296 645 sive
328 613 350 644 a
384 603 474 644 iure
507 602 596 644 sive
630 599 682 644 ab
715 599 882 643 homine
906 599 1037 643 factae
1061 601 1401 655 transgressione.
1425 596 1555 641 Valde
1580 596 1740 641 facilior
1761 597 1831 640 sed

207 671 328 716 simul
363 671 539 728 amplior
571 671 732 715 reddita
766 675 827 714 est
858 670 980 713 liuius
1012 669 1330 726 irregularitatis
1361 668 1595 725 disciplina,
1634 673 1677 711 ut
1703 667 1833 710 videri

210 747 341 800 potest
372 756 422 786 ex
446 742 631 785 eiusdem
658 743 969 797 comparatione
991 754 1085 784 cum
1112 740 1375 797 praecedenti
1396 738 1624 783 Auctorum
1643 737 1829 781 doctrina

208 812 260 857 ab
294 815 473 857 invicem
509 815 547 856 in
583 812 792 855 nonnullis
824 812 1171 855 dissentientium.

327 917 406 954 352.
434 921 502 953 lus
528 920 795 961 praecedens
822 919 873 952 de
899 919 1122 959 postrema
1148 927 1200 951 ex
1227 917 1385 951 delicto
1419 916 1761 958 irregularitate.
1789 935 1830 939 -

209 979 246 1014 ln
273 989 349 1024 cap.
377 977 390 1012 1
427 977 504 1012 «de
529 976 654 1012 clerico
691 987 762 1011 non
802 976 962 1011 ordinato
1002 975 1256 1010 ministrante»
1287 973 1474 1010 Hormisda
1512 973 1604 1020 Papa
1628 973 1732 1008 dicit:
1762 985 1778 1006 «
1797 971 1834 1009 Si

208 1038 287 1084 quis
314 1036 550 1084 baptizaverit,
576 1040 636 1071 aut
661 1035 803 1081 aliquod
837 1034 997 1069 divinum
1017 1034 1168 1069 officium
1186 1032 1377 1069 exercuerit
1395 1044 1464 1068 non
1483 1032 1679 1075 ordinatus,
1699 1036 1838 1078 propter

208 1097 437 1133 temeritatem
463 1093 654 1130 abiiciatur
679 1094 722 1130 de
748 1093 914 1138 Ecclesia,
933 1097 966 1129 et
984 1104 1179 1139 numquam
1206 1092 1434 1128 ordinetur».
1456 1091 1608 1136 Quidam
1630 1090 1697 1126 DD.
1716 1091 1839 1127 dicunt

208 1160 312 1202 caput
338 1155 401 1190 hoc
428 1153 654 1189 limitandum
681 1164 755 1188 esse
780 1153 823 1188 ad
851 1152 1008 1196 clericos,
1037 1152 1133 1187 iuxta
1159 1151 1334 1187 rubricam
1361 1150 1480 1186 Tituli.
1510 1149 1576 1185 Sed
1603 1149 1692 1185 nihil
1719 1150 1838 1192 refert,

209 1215 292 1261 quia
316 1213 455 1249 rubrica
482 1212 686 1258 imperfecta
711 1212 823 1247 solum
849 1211 1050 1247 adhibenda
1075 1215 1127 1246 est
1155 1221 1214 1256 pro
1240 1209 1543 1256 interpretatione,
1575 1219 1665 1255 quae
1691 1208 1746 1244 bic
1778 1220 1836 1244 ne—

209 1273 360 1310 cessaria
396 1283 467 1308 non
506 1276 576 1314 est;
615 1270 720 1306 verba
757 1270 852 1306 enim
879 1269 1003 1316 capitis
1030 1274 1148 1316 utpote
1177 1273 1296 1315 aperte
1321 1268 1499 1314 generalia
1536 1267 1839 1314 comprehendunt

209 1333 314 1370 etiam
342 1332 459 1374 laicos,
486 1332 521 1366 in
549 1330 678 1377 quibus
704 1330 808 1366 etiam
836 1330 1014 1365 temeritas
1040 1329 1240 1364 huiusmodi
1268 1328 1379 1364 maior
1412 1328 1479 1363 dici
1509 1332 1638 1374 potest;
1665 1331 1699 1363 et
1725 1327 1759 1362 in
1789 1338 1840 1362 ve-

210 1392 341 1429 teribus
367 1390 545 1426 codicibus
571 1389 733 1436 Corporis
760 1389 846 1424 iuris
873 1389 1018 1434 legitur:
1051 1403 1065 1421 (ι
1088 1387 1135 1424 De
1160 1399 1233 1423 non
1261 1387 1423 1423 ordinato
1450 1386 1721 1422 ministrante».

328 1449 395 1486 Sed
421 1449 503 1485 ordo
529 1459 600 1484 non
628 1453 808 1494 susceptus
834 1447 1048 1484 exercendus
1074 1452 1125 1482 est
1150 1446 1362 1488 solemniter,
1383 1445 1488 1482 idest:
1508 1457 1546 1481 ex
1566 1445 1676 1481 officio
1693 1456 1734 1481 ac
1751 1446 1841 1480 sicut

210 1522 231 1546 a
257 1520 329 1545 non
354 1508 525 1544 ordinatis
551 1507 700 1543 exerceri
729 1506 851 1552 nequit
876 1507 913 1541 in
941 1506 1110 1541 hodierna
1135 1505 1334 1551 disciplina.

332 1567 500 1603 Delictum
529 1567 584 1602 hic
610 1566 868 1602 consideratum
896 1565 1075 1600 evidenter
1101 1563 1136 1599 in
1164 1565 1391 1610 usurpatione
1418 1563 1602 1599 ministerii
1622 1562 1756 1598 ordinis
1769 1573 1840 1597 non

212 1629 337 1675 recepti
365 1626 537 1667 consistit,
567 1625 759 1662 secundum
788 1624 912 1660 verba:
945 1623 1116 1670 «aliquod
1155 1623 1315 1658 divinum
1354 1622 1503 1658 officium
1543 1621 1737 1658 exercuerit
1769 1632 1839 1657 non

211 1687 445 1723 ordinatus».
475 1706 516 1710 -
540 1684 579 1720 Et
606 1685 669 1720 hoc
694 1683 797 1720 debet
836 1683 908 1719 fieri
948 1693 1026 1719 cum
1066 1682 1273 1723 temeritate,
1310 1681 1392 1728 quia
1434 1688 1599 1728 «propter
1626 1680 1838 1716 temeritatem

211 1746 410 1783 statuitur»
440 1745 531 1791 quod
563 1754 796 1789 «numquam
823 1743 1055 1778 ordinetur».
1082 1741 1299 1787 Proindeque
1324 1752 1403 1776 cum
1430 1740 1645 1776 conscientia
1671 1739 1761 1785 quod
1788 1750 1840 1774 or-

212 1806 354 1842 dinatus
381 1804 493 1840 valide
519 1814 588 1839 non
617 1803 675 1843 sit,
704 1802 805 1838 debet
831 1801 965 1837 ordinis
990 1806 1108 1836 actum
1136 1811 1276 1848 ponere,
1304 1811 1345 1836 ac
1370 1800 1476 1836 etiam
1510 1809 1716 1844 cognoscere
1741 1797 1841 1833 illum

209 1869 325 1900 actum
350 1874 425 1899 esse
450 1862 691 1898 ordinatorum
720 1861 914 1907 proprium,
941 1865 973 1896 et
1001 1859 1143 1906 quidem
1171 1859 1206 1894 in
1235 1859 1383 1895 materia
1417 1858 1511 1903 gravi
1545 1862 1646 1903 prout
1673 1856 1841 1902 irregula-

212 1923 296 1958 ritas
321 1922 457 1957 intlicta
480 1920 645 1966 exposcit.
674 1918 772 1963 Quae
792 1919 909 1954 valent
934 1919 1038 1954 etiam
1067 1918 1103 1953 in
1130 1928 1276 1953 canone.
1396 1915 1398 1918 ’

331 2016 591 2073 Applicando
626 2015 732 2058 lianc
769 2015 1001 2058 doctrinam
1045 2012 1220 2070 singulis
1262 2011 1492 2064 ordinibus.
1534 2010 1730 2055 sacerdos
1771 2011 1841 2068 qui

214 2092 253 2131 in
289 2088 412 2131 latina
445 2086 631 2130 Ecclesia
665 2086 1023 2129 confirmationem
1061 2084 1187 2127 audet
1228 2085 1465 2126 ministrare
1498 2084 1586 2125 sine
1619 2081 1664 2125 R.
1700 2080 1844 2124 Pont.³⁸

217 2159 448 2215 privilegio,
473 2162 543 2200 aut
565 2157 740 2200 clericos
764 2156 970 2208 ordinare,
993 2167 1112 2198 sacra
1145 2154 1233 2198 olea
1258 2154 1479 2208 conticere,
1513 2153 1844 2196 consecrationes

218 2242 429 2286 peragere,
468 2227 530 2272 vel
565 2227 668 2271 alios
700 2226 948 2284 episcopalis
990 2226 1147 2269 ordinis
1190 2229 1306 2268 actus
1339 2237 1551 2278 exercere,
1582 2223 1627 2266 fit
1660 2223 1844 2279 protecto
1908 2241 1914 2249 ¹
1959 2262 1962 2269 ,

216 2299 473 2356 irregularis.

331 2369 464 2412 Etiam
501 2370 743 2425 irregularis
775 2368 917 2411 evadit
950 2367 1162 2421 diaconus,
1196 2370 1424 2409 extremam
1450 2367 1685 2408 unctionem
1710 2365 1840 2407 admi-

216 2444 406 2493 nistrans,
455 2438 671 2482 Missaruin
721 2438 1044 2482 celebrationem
1094 2448 1296 2493 usurpare
1330 2448 1598 2492 praesumens
1621 2436 1690 2492 qui
1725 2436 1837 2477 iuxta

216 2524 305 2568 cap.
341 2511 364 2554 ⁶2
399 2510 437 2553 h.
473 2515 499 2553 t.
538 2510 632 2552 «ad
666 2509 902 2553 Sacerdotis
934 2508 1113 2551 officium
1147 2520 1227 2550 non
1262 2508 1412 2563 poterit
1446 2508 1681 2562 promoveri
1700 2521 1741 2559 ³),
1778 2504 1841 2547 vel

216 2584 494 2640 poenitentem
526 2580 883 2624 sacramentaliter
915 2579 1135 2623 absolvens
1167 2579 1325 2635 (contra
1359 2590 1449 2634 cap.
1484 2578 1522 2631 6,
1555 2590 1652 2620 sess.
1687 2574 1778 2618 XlV
1803 2577 1841 2618 in

217 2654 339 2697 Cone.
372 2651 517 2704 Trid.),
554 2665 632 2694 non
670 2665 767 2694 vero
801 2653 833 2694 si
866 2649 1172 2694 Eucharistiam
1206 2651 1441 2708 ministret,
1489 2649 1683 2705 quamvis
1716 2646 1842 2690 licen-

218 2726 315 2767 tiam
352 2726 388 2765 in
423 2721 586 2765 casibus
620 2724 859 2778 requisitam
893 2734 973 2764 non
1008 2719 1244 2763 obtinuerit.
1278 2719 1357 2762 Alii
1395 2731 1492 2762 vero
1527 2718 1742 2761 inferiores
1760 2716 1842 2759 cle-

220 2797 292 2838 rici
327 2793 617 2837 eucharistiam
655 2795 935 2835 ministrantes
969 2792 1115 2834 tierent
1138 2789 1404 2846 irregulares,
1423 2802 1516 2832 cum
1541 2793 1719 2845 potestas
1741 2786 1844 2830 haec

218 2865 267 2908 ad
304 2865 490 2908 ordinem
526 2864 768 2906 diaconatus
800 2863 944 2906 saltem
978 2863 1193 2918 pertineat.
