1971 3261
717 138 799 173 ΤιΤ.
827 139 890 174 VI.
918 161 929 166 -
958 141 1014 175 De
1045 142 1188 176 Ordine

1700 142 1780 201 359-

94 260 96 262 ’
143 260 216 306 ipse
240 259 283 294 de
307 269 474 303 germana
502 258 695 293 litterarum
725 258 790 294 tide
816 259 915 294 dubi-

142 312 214 342 tare
234 305 434 340 nullatenus
453 305 574 350 possit,
596 305 690 341 salvo
711 306 919 352 praescripto

141 364 220 390 can.
250 351 332 393 994,
361 355 381 394 ξ
407 351 439 386 3.

189 399 274 436 CAN.
296 398 375 433 963.
398 420 413 424 -
437 398 582 434 Litterae
608 398 828 434 dimissoriae
849 411 919 445 pos-

140 447 291 482 suntab
319 447 393 492 ipso
422 446 634 481 concedente
673 447 723 481 vel
761 447 805 481 ab
844 447 918 481 eius

139 505 336 530 successore
375 493 518 528 limitari
558 498 617 529 aut
656 494 818 535 revocari,
859 495 916 529 sed

139 542 246 577 semel
272 551 457 576 concessae
483 552 551 576 nou
587 541 842 585 extinguuntur
869 552 918 576 re-

139 589 250 624 soluto
278 589 352 624 iure
377 588 506 623 dantis.

187 635 272 672 CAN.
302 634 382 670 964.
410 656 451 660 —-
481 634 580 679 Quod
608 635 731 670 attinet
757 635 799 670 ad
828 635 918 670 ordi-

142 683 322 718 nationem
350 682 609 727 religiosorum:

195 730 237 765 Ι.Ο
264 730 381 765 Abbas
407 730 576 775 regularis
594 730 636 765 de
655 729 838 773 regimine.
855 729 916 764 etsi

140 778 216 813 sine
243 777 414 812 territorio
440 777 582 817 nullius,
621 781 728 823 potest
760 777 919 811 conferre

142 827 289 870 primam
318 830 498 859 tonsuram
524 829 557 860 et
582 824 722 860 ordines
751 824 916 862 minores,

140 872 330 908 dummodo
347 872 601 918 promoxendus
615 872 659 906 sit
676 871 739 918 ipsi
757 871 918 906 subditus

142 920 171 954 vi
210 919 432 966 professionis
470 919 593 955 saltem
632 919 816 965 simpliciS‚
847 919 919 964 ipse

142 978 220 1002 vero
246 967 291 1001 sit
319 967 498 1013 presbyter
514 971 548 1002 et
565 966 844 1001 benedictionem
864 966 921 1001 ab·

141 1014 303 1049 batialem
333 1014 485 1059 legitime
518 1014 702 1059 acceperit.
730 1013 831 1048 Extra
858 1014 919 1049 hos

141 1061 240 1101 fines,
269 1061 456 1105 ordinatio,
484 1061 527 1096 ab
553 1062 672 1097 eodem
701 1061 838 1103 collata,
868 1072 920 1096 re-

140 1114 258 1144 vocato
284 1109 439 1154 quolibet
465 1109 639 1144 contrario
660 1108 851 1154 privilegio,
869 1113 918 1143 est

141 1156 254 1199 irrita,
285 1156 350 1191 nisi
378 1156 547 1192 ordinans
573 1156 772 1192 charactere
793 1156 921 1200 cpisco-

141 1204 207 1250 pali
239 1204 384 1249 polleat;

188 1251 240 1286 2.0
268 1250 429 1295 Religiosi
456 1251 606 1297 exempti
647 1262 667 1286 a
707 1251 802 1286 nullo
843 1250 919 1296 Epi-

139 1309 242 1344 scopo
267 1299 422 1333 ordinari
452 1298 542 1333 licite
572 1303 714 1344 possunt
734 1299 811 1333 sine
831 1298 918 1333 litte·

140 1346 188 1380 ris
213 1345 422 1381 dimissoriis
450 1346 578 1392 proprii
608 1344 804 1392 Superioris
839 1356 917 1380 ma,-

142 1403 244 1432 loris:

189 1439 241 1474 3.⁰
260 1439 461 1486 Superiores
481 1440 645 1486 professis
665 1445 820 1475 votorum
840 1439 920 1474 sim-

143 1487 298 1533 plicium,
324 1488 367 1523 de
393 1487 521 1534 quibus
541 1487 575 1522 in
595 1498 674 1523 can.
693 1485 771 1527 574,
788 1487 920 1522 litteras

141 1535 359 1570 dimissorias
373 1535 561 1571 concedere
581 1540 723 1580 possunt
738 1535 920 1570 dumtaxat

140 1583 183 1618 ad
214 1582 361 1629 primam
398 1587 577 1618 tonsuram
618 1587 651 1618 et
688 1582 828 1617 ordines
856 1582 920 1617 mi-

992 261 1191 295 lumnorum
1231 261 1383 295 cuiusvis
1423 261 1600 305 religionis
1640 262 1770 305 regitur

990 308 1063 342 iure
1089 307 1334 345 saecularium.
1364 313 1521 343 revocato
1540 308 1693 354 quolibet
1717 309 1769 343 in-

989 354 1084 389 dulto
1112 353 1356 400 Superioribus
1382 366 1545 390 concesso
1563 356 1668 391 dandi
1696 367 1769 401 pro-

993 402 1089 435 fessis
1116 414 1134 436 a
1156 402 1241 436 votis
1260 403 1478 448 temporariis
1498 403 1630 438 litteras
1648 403 1771 438 dimis-

990 449 1098 483 sorias
1125 449 1166 483 ad
1196 449 1336 483 ordines
1365 450 1524 486 maioreS.

1038 495 1123 531 Cis.
1154 494 1232 530 965.
1263 517 1278 521 -
1310 496 1497 542 Episcopus
1523 497 1565 532 ad
1586 508 1688 542 quem
1710 497 1771 532 Su-

993 543 1104 588 perior
1145 543 1326 585 religiosus
1375 544 1505 579 litteras
1552 544 1771 580 dimissorias

993 590 1128 625 mittere
1154 590 1266 630 debet,
1293 596 1343 625 est
1373 590 1561 637 Episcopus
1587 591 1767 631 dioecesis,

992 637 1026 670 in
1069 648 1135 682 qua
1176 638 1239 671 sita
1279 642 1328 673 est
1367 638 1491 673 domus
1527 639 1697 683 religiosa,
1727 640 1769 674 ad

991 684 1090 730 cuius
1119 684 1286 719 familiam
1318 686 1462 730 pertinet
1491 686 1720 721 ordinandus.

1040 731 1123 765 CAN.
1155 731 1235 765 tuiti.
1268 753 1283 756 -
1312 737 1330 773 ξ
1363 733 1388 766 l.
1418 732 1514 767 Tunc
1543 738 1678 768 tantum
1708 733 1771 768 Su-

993 779 1106 823 perior
1131 778 1312 821 religiosus
1346 780 1387 813 ad
1426 780 1534 814 alium
1565 780 1769 826 Episcopum

993 825 1124 860 litteras
1151 825 1366 860 dimissorias
1394 827 1529 861 mittere
1550 833 1670 871 potest,
1692 839 1769 862 cum

993 872 1180 918 Episcopus
1195 873 1421 908 dioecesanus
1438 874 1614 909 licentiam
1627 875 1772 912 dederit.

992 925 1051 955 aut
1070 920 1112 954 sit
1132 920 1259 954 diversi
1281 920 1381 955 ritus.
1403 925 1461 955 aut
1490 922 1532 955 sit
1562 922 1698 961 absens
1714 927 1772 957 aut

993 978 1062 1002 non
1079 967 1123 1002 sit
1138 968 1395 1002 ordinationem
1418 968 1773 1014 habiturusproximo

993 1015 1147 1059 legitimo
1163 1020 1317 1060 tempore
1336 1015 1376 1050 ad
1401 1026 1558 1050 normam
1576 1028 1652 1050 can.
1672 1015 1772 1057 1006,

993 1066 1011 1104 ξ
1038 1062 1071 1105 ’2,
1103 1062 1152 1097 vel
1180 1062 1332 1108 denique
1370 1074 1448 1097 cum
1481 1063 1648 1098 dioecesis
1677 1069 1770 1098 vacet

993 1121 1055 1145 nec
1070 1120 1146 1144 eam
1167 1114 1261 1155 regat
1280 1109 1337 1155 qui
1366 1110 1564 1145 charactere
1584 1111 1769 1156 episcopali

995 1157 1133 1203 polleat.

1040 1208 1059 1246 ξ
1073 1205 1106 1238 ’2.
1126 1204 1270 1239 Necesse
1289 1209 1393 1239 estut
1412 1204 1563 1249 singulis
1581 1205 1614 1238 in
1631 1204 1770 1239 casibus

991 1251 1025 1286 id
1052 1251 1213 1297 episcopo
1247 1251 1450 1286 ordinaturo
1484 1257 1616 1287 constet
1643 1263 1683 1287 ex
1710 1262 1770 1286 au-

992 1299 1145 1334 thentico
1171 1299 1296 1334 Curiae
1322 1299 1530 1345 episcopalis
1557 1299 1767 1334 testimonio.

1040 1344 1125 1381 CAN.
1156 1344 1236 1380 967.
1269 1367 1285 1371 -
1314 1345 1468 1382 Caveant
1496 1345 1697 1392 Superiores
1722 1357 1774 1381 re-

993 1393 1104 1437 ligiosi
1133 1404 1177 1429 ne
1203 1393 1238 1427 in
1269 1394 1425 1429 fraudem
1454 1393 1610 1440 Episcopi
1643 1394 1776 1429 dioece-

993 1441 1068 1476 sani
1097 1440 1277 1475 subditum
1309 1441 1546 1476 ordinandum
1586 1441 1628 1476 ad
1667 1441 1773 1476 aliam

994 1487 1191 1532 religiosam
1218 1488 1361 1523 domum
1383 1489 1538 1528 mittant,
1555 1493 1615 1523 aut
1634 1499 1774 1523 conces—

993 1535 1127 1571 sionem
1148 1535 1342 1571 litterarum
1362 1536 1641 1571 dimissoriarum
1661 1536 1703 1572 de
1723 1535 1775 1570 in-

993 1583 1127 1618 dustria
1167 1583 1201 1617 in
1244 1583 1276 1618 id
1316 1587 1454 1629 tempus
1493 1583 1670 1622 differant.
1708 1594 1776 1628 quo

142 1641 243 1665 nores
257 1641 264 1674 3

993 1629 1183 1676 Episcopus
1212 1631 1262 1664 vel
1291 1630 1486 1669 abfuimus,
1509 1631 1559 1665 vel
1580 1631 1696 1666 nullas
1716 1631 1774 1665 ha—

189 1676 238 1712 4.0
266 1675 451 1713 Ordinatio
477 1682 670 1713 ceterorum
698 1677 858 1712 omnium
885 1687 919 1712 a·

994 1677 1131 1713 biturus
1159 1678 1202 1712 sit
1234 1678 1488 1713 ordinationes.

262 1820 360 1864 297.
396 1822 655 1877 Inscriptio
691 1822 869 1877 capitis
902 1824 951 1866 et
984 1835 1225 1867 canonum
1260 1822 1587 1866 coordinatio.
1633 1846 1688 1851 —
1734 1821 1773 1864 ln

140 1889 312 1936 Ordinis
353 1896 630 1943 sacramento,
665 1896 828 1948 praeter
870 1894 1045 1948 gratiam
1091 1891 1451 1946 sacramentalem,
1486 1904 1610 1949 (ruam
1651 1909 1669 1933 <‹
1696 1906 1774 1935 non

143 1961 390 2019 ponentibus
413 1961 573 2006 obicem
601 1964 775 2016 confert,
800 1975 966 2019 semper
989 1967 1026 2005 et
1051 1962 1257 2013 omnibus,
1276 1966 1477 2019 quantum
1503 1967 1563 2006 est
1586 1976 1635 2006 ex
1662 1968 1776 2019 parte

141 2032 230 2087 Dei,
261 2035 293 2076 si
330 2035 406 2076 rite
441 2032 539 2076 illud
586 2035 879 2089 suscipiant»,
924 2038 966 2076 ut
1009 2033 1225 2076 delinitum
1269 2038 1327 2076 est
1372 2035 1409 2075 iu
1454 2031 1578 2077 Cone.
1610 2033 1721 2077 Trid.
1749 2035 1774 2083 ¹,

147 2103 408 2147 «character
442 2105 696 2160 imprimitur
729 2106 799 2161 qui
834 2117 909 2147 nec
948 2103 1094 2156 deleri,
1133 2117 1207 2147 nec
1250 2104 1404 2146 auferri
1451 2109 1581 2159 potest
1604 2119 1625 2144 ›>
1655 2103 1683 2157 ²,
1720 2107 1775 2147 uti

142 2177 291 2219 Sancta
325 2173 436 2218 Trid.
471 2174 663 2231 synodus
696 2175 889 2218 delinivit
920 2175 1016 2231 (loc.
1053 2177 1119 2217 cit.
1155 2187 1243 2217 can
1270 2173 1328 2231 9),
1358 2189 1378 2215 ((
1400 2174 1507 2217 unde
1532 2177 1670 2218 iterari
1697 2188 1775 2217 non

145 2250 278 2302 potest
299 2260 339 2286 ».
373 2244 480 2289 Hinc
514 2247 703 2303 sequitur
737 2259 856 2302 posse
896 2245 1004 2289 hunc
1037 2245 1268 2289 seeundum
1304 2246 1590 2288 tantummodo
1615 2259 1689 2302 per
1712 2259 1776 2289 or-

142 2317 396 2360 dinationem
441 2329 602 2360 sacram
647 2316 843 2374 subsequi
888 2317 1095 2369 effectum,
1129 2329 1209 2359 uon
1248 2329 1345 2359 vero
1384 2318 1576 2372 gratiam,
1611 2321 1777 2373 propter

141 2388 304 2432 obicem
339 2390 516 2444 positum
551 2390 640 2431 sive
673 2390 711 2430 in
746 2387 932 2432 subiecto
966 2390 1131 2431 conscio
1176 2390 1333 2444 peccati
1379 2387 1564 2431 mortalis
1602 2401 1680 2430 uon
1716 2388 1775 2430 di-

143 2461 271 2514 missi,
303 2461 394 2502 sive
428 2460 466 2501 in
505 2463 702 2515 peccante
741 2459 840 2502 dum
880 2459 1153 2502 ordinationis
1184 2461 1493 2501 sacramentum
1529 2460 1687 2514 recipit.
1721 2484 1777 2488 —

146 2529 321 2572 Proinde
353 2541 469 2572 sacra
504 2529 710 2572 ordinatio
748 2529 882 2573 valida
916 2531 1095 2572 existere
1129 2530 1292 2585 poterit,
1325 2530 1516 2585 quamvis
1560 2533 1774 2584 peccatum

147 2602 237 2643 eius
269 2598 393 2643 causa
425 2600 653 2643 admissum
691 2602 827 2655 fuerit,
861 2602 950 2643 sive
982 2599 1033 2643 ab
1066 2613 1114 2642 eo
1147 2601 1216 2657 qui
1241 2611 1332 2643 eam
1357 2598 1512 2648 tribuit,
1536 2601 1626 2642 sive
1655 2598 1706 2642 ab
1730 2612 1777 2642 eo

145 2672 216 2728 qui
250 2670 440 2714 eamdem
475 2673 659 2728 suscipit,
693 2673 782 2715 sive
825 2684 847 2714 a
891 2673 1010 2714 tertia
1057 2683 1244 2726 persona,
1279 2682 1385 2727 quae
1418 2669 1527 2712 illius
1561 2672 1777 2713 occasione

145 2741 373 2799 quidquam
410 2746 619 2798 praestare
655 2742 719 2804 vel
754 2744 944 2785 omittere
979 2744 1091 2785 iuxta
1124 2754 1176 2784 ss.
1200 2753 1380 2784 canones
1402 2739 1622 2796 obligetur.
1659 2739 1777 2792 Quae

254 2847 277 2928 Ξ
301 2846 403 2880 Sess.
433 2847 519 2881 VH.
541 2847 598 2881 De
618 2846 885 2882 sacramentis
904 2847 944 2881 in
965 2857 1122 2892 genere.
1145 2846 1238 2881 Can.
1252 2847 1274 2880 6
1292 2857 1336 2880 ac
1354 2846 1385 2880 7.
1403 2866 1444 2870 ——
1464 2846 1477 2867 *2
1498 2845 1599 2880 Sess.
1625 2845 1774 2885 XXIII,

143 2905 225 2939 cap.
280 2920 288 2929 .
