1971 3261
166 161 260 198 can.
286 160 444 196 909-910
705 159 790 192 TIT.
821 159 883 193 IV.
905 179 916 184 -
939 159 992 193 De
1022 160 1261 193 Poenilentz'a
1725 159 1794 193 283

167 281 219 324 de
252 292 332 338 qua
375 281 413 322 in
458 290 614 322 canone
659 277 978 334 praescribitur:
1012 280 1053 328 a)
1088 291 1264 335 semper,
1298 277 1408 320 nulla
1451 279 1695 333 exceptione
1730 277 1794 321 bic

166 351 359 394 admissa.
386 348 612 392 collocetur
642 347 776 391 stabili
803 347 925 390 modo
962 348 1022 390 rel
1059 348 1106 391 ad
1143 360 1262 390 casus
1298 348 1337 390 in
1373 347 1460 390 loeo
1496 347 1722 404 &patenti
1745 361 1793 391 ex

166 435 210 465 se
243 420 449 475 omnibus,
472 421 540 477 qui
578 419 711 462 locum
745 432 909 461 sacrum
949 421 1124 463 risitant.
1151 418 1190 474 c)
1224 424 1263 460 el
1295 418 1530 474 conspicuo,
1555 420 1650 475 quia
1680 418 1797 461 facile

168 492 219 536 ab
252 494 311 535 eis
333 493 462 547 aspici
489 494 632 546 potest,
657 495 694 532 et
716 489 967 545 yeueratim,
990 489 1097 545 quod
1124 490 1369 532 adim-bium
1401 490 1565 532 videtur
1589 489 1795 533 adiectum

168 568 335 620 propter
366 562 407 621 ξι
441 562 580 612 finem,
604 565 641 604 et
676 559 727 603 ob
760 560 1059 602 admittendam
1096 562 1382 615 ext-optionem
1419 562 1456 602 in
1492 572 1588 603 casu
1625 563 1799 603 necessi-

169 637 276 687 tatis,
311 636 348 677 in
386 634 473 676 loco
512 630 868 675 «sacramentalis
911 633 1378 687 confessionis-proprio
1402 647 1422 669 »
1464 643 1568 674 can.
1603 630 1719 688 908).
1756 632 1792 675 id

170 711 253 749 est:
288 708 330 757 a)
364 704 404 746 in
438 702 612 746 ecelesia
646 701 712 744 vel
741 701 931 744 oratorio
967 701 1009 757 b)
1041 700 1206 758 publico
1240 700 1279 757 c)
1315 707 1386 742 «inl
1422 701 1703 758 xemipnhlieo,
1737 707 1796 745 at-

170 782 307 820 tamen
341 774 419 818 hoc
470 778 676 830 postremo
725 785 802 814 non
848 785 1127 828 quocumque.
1163 772 1232 814 sed
1285 771 1529 813 mulierilms
1573 771 1796 820 destinato,

169 848 363 905 quamvis
405 845 634 888 secundum
684 845 851 886 oratorii
896 842 1170 898 senii-publici
1207 843 1488 885 definitionem
1525 843 1573 885 ad
1611 857 1796 887 normam

167 924 274 962 can²².
315 917 439 967 1188,
473 918 498 969 ἓ
532 916 569 968 2,
595 915 637 958 :2⁰
678 914 822 957 «illud
856 913 1015 956 adire»
1059 915 1157 955 xii-is
1191 927 1355 970 quoque
1390 913 1598 956 nonnullis
1633 917 1799 970 permis-

168 1002 259 1033 sum
295 989 439 1041 fueritf,
473 987 543 1030 sed
570 999 648 1028 non
685 987 723 1028 in
748 986 928 1028 oratorio
962 984 1025 1026 his
1049 989 1205 1027 tantum
1242 984 1459 1036 destinato,
1485 987 1558 1027 nisi
1588 998 1658 1040 per
1681 999 1798 1029 exce-

172 1063 352 1116 ptionem
388 1061 498 1101 iuxta
536 1056 710 1100 verbum
751 1057 1072 1111 «generatim»
1110 1068 1232 1111 supra
1268 1054 1513 1099 adbibituni.

287 1130 316 1188 ξ
347 1130 385 1172 ⁶2.
420 1127 551 1172 Sedes
586 1125 911 1185 confessionalis
945 1129 1059 1169 iuxta
1092 1125 1132 1184 ξι
1169 1126 1207 1167 ’1ἰ
1241 1125 1573 1182 explicationem,
1608 1129 1802 1184 quamvis

171 1202 247 1245 boc
282 1214 360 1243 non
394 1199 697 1243 determinetur
733 1200 770 1240 in
806 1196 883 1240 boc
916 1197 977 1255 §Q
1010 1202 1127 1239 crate
1169 1196 1268 1252 [ἴα-(ι,
1302 1209 1407 1253 quae
1447 1210 1595 1252 nempe
1628 1196 1679 1240 ab
1711 1197 1802 1240 aliis

173 1271 358 1328 partibus
389 1271 500 1314 sedis
534 1271 692 1312 moveri
744 1282 821 1312 non
858 1271 995 1325 possit,
1031 1268 1281 1324 additurque
1329 1267 1500 1310 verbum
1535 1268 1721 1320 Ritualis,
1755 1282 1803 1309 ae

172 1343 357 1387 temciler
376 1341 615 1400 perforata,
652 1340 781 1384 idest:
810 1353 881 1396 per
914 1345 1044 1383 totum
1079 1339 1149 1382 sed
1181 1341 1349 1381 minutis
1384 1338 1666 1388 foraminibus,
1692 1339 1803 1381 inter

167 1415 450 1473 poenitentem
484 1418 522 1455 et
556 1410 865 1470 confessarium.
898 1424 969 1454 seu
1005 1413 1110 1453 inter
1143 1423 1286 1453 eorum
1324 1411 1449 1452 facies
1482 1410 1536 1452 sil
1579 1410 1800 1455 instructa.

171 1485 255 1530 Nec
291 1487 422 1528 maius
455 1488 639 1527 tutamen
665 1485 703 1525 in
738 1487 850 1526 crate
885 1495 958 1538 pro
985 1481 1271 1538 religiosarum
1305 1480 1632 1524 confessionibus
1665 1486 1723 1524 est
1750 1480 1804 1523 ul-

173 1557 242 1601 libi
278 1557 592 1613 praescriptum.
619 1553 726 1597 Bene
762 1558 898 1596 monet
923 1552 1090 1608 D'Hert,
1114 1554 1413 1595 convenienter
1436 1552 1596 1608 disponi
1630 1554 1688 1595 sic
1712 1565 1802 1595 con·

171 1627 403 1682 fessionale,
437 1631 480 1670 ut
512 1629 564 1669 sit
598 1627 812 1682 poenitens
845 1627 1013 1668 omnino
1046 1629 1262 1681 separatus
1295 1622 1346 1666 ob
1391 1623 1499 1666 illius
1531 1623 1641 1666 sedis
1672 1623 1804 1679 dispo-

170 1702 365 1744 sitionem
399 1711 420 1741 a
454 1698 720 1741 confessario.

289 1768 522 1814 Concordat
546 1768 669 1812 huius
692 1770 862 1812 canonis
897 1769 1239 1824 interpretationi,
1266 1778 1442 1823 eamque
1475 1765 1711 1809 authentice
1735 1765 1803 1809 de·

169 1841 336 1886 claraus
368 1840 586 1884 confirmat
632 1840 744 1882 Pont.
780 1838 996 1883 Commiss.
1032 1839 1197 1896 quando
1241 1838 1291 1881 ad
1337 1837 1573 1880 Dubiumz¹
1615 1852 1633 1877 a
1658 1836 1803 1881 Utrum

169 1925 261 1958 can.
298 1912 396 1966 909,
423 1910 452 1969 ξ
486 1912 534 1956 2:
562 1911 619 1969 (et
653 1913 752 1954 citat
785 1909 980 1966 textum),
1005 1923 1078 1966 pro
1112 1908 1357 1952 mulieribus
1390 1913 1571 1957 tantunn
1596 1920 1645 1951 an
1679 1921 1804 1963 gene-

173 1984 314 2028 raliter
346 1997 420 2041 pro
444 1982 750 2040 poenitentibus
784 1984 840 2025 uti
876 1983 1007 2025 forma
1034 1983 1198 2037 propria
1233 1979 1429 2023 audiendi
1464 1980 1743 2022 confessiones
1767 1981 1804 2022 in

169 2055 359 2099 ecclesiis
391 2058 432 2098 et
464 2054 641 2110 publicis
673 2055 865 2097 oratoriis
912 2055 963 2095 sit
995 2052 1216 2095 servanda.
1252 2075 1304 2081 —-
1340 2050 1484 2107 Resp.:
1520 2049 1721 2106 Negative
1754 2049 1802 2093 ad

173 2126 247 2169 1ειη
270 2130 443 2183 partem,
467 2125 717 2168 affirmative
741 2124 791 2168 ad
818 2124 904 2177 ΞΜ,
931 2124 1049 2167 firmo
1074 2132 1209 2166 tamen
1236 2123 1489 2178 praescripto
1513 2123 1682 2164 canonis
1706 2121 1804 2174 910,

169 2196 199 2255 ἓ
231 2197 255 2240 2
282 2212 322 2250 ›>‚
354 2196 463 2254 quod
500 2194 595 2239 huic
629 2207 720 2239 can.
755 2195 839 2238 999
874 2207 953 2237 non
988 2193 1249 2236 adversatur.

291 2267 389 2312 239.
427 2268 757 2324 Exceptiones
789 2268 956 2324 quoad
989 2269 1249 2321 utrumque
1281 2265 1454 2309 locum.
1475 2287 1528 2292 —
1548 2261 1625 2306 Rit.
1653 2261 1768 2306 Rom.
1790 2263 1803 2284 ²

173 2338 284 2382 iubet
317 2337 380 2381 his
417 2337 577 2381 verbis:
608 2337 857 2381 «Sacerdos
892 2339 930 2379 in
966 2335 1155 2387 ecclesia,
1181 2347 1259 2377 non
1294 2338 1432 2376 autem
1469 2335 1506 2376 in
1543 2335 1716 2389 privatis
1738 2345 1804 2376 ae-

169 2409 308 2464 dibus,
341 2410 618 2453 confessiones
650 2408 808 2462 audiat,
831 2410 907 2451 nisi
943 2420 990 2450 ex
1027 2418 1151 2449 causa
1187 2403 1434 2457 rationabili,
1458 2416 1563 2461 quae
1596 2417 1690 2447 cum
1713 2406 1806 2447 inci-

169 2479 292 2534 derit,
326 2479 491 2523 studeat
523 2483 660 2522 tamen
695 2479 733 2521 id
770 2478 932 2522 decenti
967 2490 1014 2520 ac
1060 2478 1213 2532 patenti
1263 2474 1351 2518 loco
1387 2479 1659 2531 praestare».
1696 2473 1805 2518 Haec

178 2550 413 2606 «liturgica
449 2549 514 2593 lex
538 2562 735 2606 expresse
768 2550 992 2604 corrigitur
1018 2564 1036 2586 ³>
1075 2546 1184 2604 (can.
1216 2545 1257 2602 2)
1294 2544 1522 2601 partialiter
1556 2546 1804 2600 insequenti

171 2635 263 2664 cau.
297 2622 398 2664 910.
433 2623 552 2664 cuius
593 2620 622 2678 ξ
656 2620 715 2662 1“’
748 2632 926 2676 sequens
972 2618 1239 2661 christianam
1275 2616 1535 2672 prudentiam
1580 2620 1638 2657 est
1685 2614 1806 2657 buius

172 2694 348 2736 tenoris:
383 2689 655 2734 Feminarwn
700 2689 982 2747 consessiones
1028 2691 1138 2730 iuxta
1187 2692 1290 2738 cap⁶.
1329 2688 1638 2742 inscriptionem
1684 2690 1804 2727 (Ἧι-(ι

169 2761 309 2806 sedem
332 2760 681 2819 eonfessiomzlem
706 2761 962 2803 moderatam
987 2758 1122 2816 quoad
1158 2760 1246 2801 eius
1269 2757 1579 2813 dispositionem
1611 2768 1657 2798 ac
1681 2758 1803 2798 situm

267 2869 279 2890 1
305 2868 352 2902 24
375 2867 473 2927 No-v.
503 2867 593 2901 1920
620 2883 632 2896 »
659 2866 715 2900 De
742 2865 831 2900 sede
858 2863 1135 2899 confessionali
1154 2876 1187 2896 ›>.
1210 2862 1286 2898 CO.
1308 2862 1398 2902 XII,
1420 2862 1502 2896 576.
1524 2880 1562 2887 -—
1585 2863 1597 2882 ·-’
1616 2860 1697 2894 Tit.
1728 2860 1802 2896 ΙΙΙ.

171 2916 267 2961 Cap.
294 2915 326 2956 Ι,
355 2926 394 2949 n.
431 2923 457 2950 c.
