1971 3261
161 131 231 164 424
601 130 686 164 LIB.
715 129 788 164 111.
818 149 829 155 —
857 129 967 163 PARS
993 129 1024 162 Ι.
1054 148 1063 154 -
1092 129 1149 164 De
1174 129 1439 164 Sacramentis
1598 129 1690 164 Can.
1717 129 1788 163 985

164 252 354 306 provenit
387 263 436 293 ex
473 251 606 293 famae
638 250 801 293 defectu
841 249 909 292 illa
946 248 1098 292 delicta
1136 251 1456 304 concomitante,
1494 249 1674 293 exclusis
1715 263 1787 306 per

162 322 461 376 praescriptum
496 321 714 363 contrariis
747 322 857 363 circa
890 319 992 363 haec
1025 319 1304 376 opinionibus.
1337 346 1395 350 —
1426 319 1484 363 Ex
1511 322 1600 362 iure
1618 321 1787 377 antiquo

162 402 267 432 unus
298 389 475 432 sufficiat
508 394 644 432 textus
679 389 823 433 Leonis
857 388 906 434 M.
942 388 1132 446 Loquens
1169 391 1279 432 enim
1313 389 1365 433 de
1398 389 1461 432 his
1489 405 1509 430 ((
1533 392 1600 446 qui
1625 402 1646 432 a
1672 389 1790 432 nobis

163 463 199 503 ιιι
235 460 539 503 haereticorum
573 465 698 518 atque
731 460 1090 504 schismaticorum
1126 464 1281 503 sectam
1306 460 1432 518 (quod
1459 460 1581 503 hodie
1603 472 1788 503 necessa-

161 533 266 573 rium
302 543 380 573 non
414 530 492 587 est)
529 531 684 588 delapsi
718 535 814 574 sunt
847 535 886 574 et
907 544 950 574 se
974 535 1201 588 utcumque
1225 530 1459 575 haereticae
1484 532 1790 574 communionis

161 604 405 657 contagione
440 601 686 645 macularint
712 619 748 656 »‚
781 604 935 659 quique
959 601 1110 645 deinde
1133 602 1184 644 ad
1209 601 1454 645 catholicam
1482 602 1696 644 redierunt
1718 600 1790 645 Ec-

159 671 344 725 clesiam,
377 675 515 715 statuit
542 674 583 715 ¹:
623 671 786 717 «Circa
819 686 921 729 quos
965 672 1262 729 (presbyteros,
1306 675 1397 715 sive
1436 672 1648 727 diaconos,
1700 673 1789 715 sive

162 743 382 786 cuiuslibet
412 743 569 787 ordinis
601 744 650 787 ad
686 730 932 787 catholicam
959 743 1080 787 tidem
1106 742 1425 800 revertentes)...
1447 742 1557 787 iliam
1582 756 1788 786 canonum

162 816 493 857 constitutionem
530 817 807 871 praecipimus
839 814 1052 869 custodiri,
1073 819 1117 857 ut
1140 816 1178 856 in
1200 826 1349 870 magno
1373 813 1551 857 habeant
1571 813 1787 862 beneficio,

161 887 192 927 si
227 885 419 941 adempta
443 885 528 928 'sibi
564 888 675 928 omni
708 898 780 941 spe
816 887 1098 941 promotionis,
1135 887 1172 927 in
1206 897 1288 942 quo
1323 886 1592 927 inveniuntur
1625 884 1784 937 ordine,

162 954 385 998 stabilitate
419 960 615 1012 perpetua
653 961 912 999 maneant».

280 1042 358 1078 346.
387 1047 430 1078 ln
459 1046 734 1086 baptismatis
761 1047 1050 1086 susceptione.
1078 1065 1121 1069 —
1148 1043 1186 1078 ln
1213 1054 1288 1089 cap.
1316 1041 1335 1077 9
1362 1043 1404 1079 de
1429 1042 1596 1089 apostatis
1629 1047 1662 1078 et
1694 1052 1793 1078 reite-

161 1102 321 1138 rantibus
347 1103 521 1149 baptisma
547 1103 614 1147 (tit.
641 1101 660 1137 9
690 1102 762 1138 Lib.
796 1102 834 1148 V)
863 1103 1094 1139 Decretalium
1121 1103 1266 1148 legitur:
1303 1119 1316 1133 «
1335 1102 1426 1148 quod
1453 1102 1596 1148 quidam
1680 1106 1716 1137 ut
1742 1111 1793 1136 sa-

162 1167 312 1201 naretur,
350 1173 408 1208 per
446 1163 665 1198 iterationem
693 1163 773 1198 fecit
802 1162 969 1198 iniuriam
996 1162 1218 1209 baptismatis
1244 1167 1463 1198 sacramento
1491 1178 1521 1196 ».
1550 1161 1587 1196 Et
1614 1160 1792 1206 respondit

162 1221 258 1257 Alex.
289 1221 328 1256 ΙΙΙ
344 1222 386 1257 de
400 1222 579 1268 Acolytho,
612 1237 625 1252 ‹
645 1233 748 1268 quem
766 1221 880 1257 minor
897 1227 1004 1264 aetas,
1021 1227 1054 1257 et
1069 1222 1218 1257 intentio
1238 1221 1410 1256 fraternae
1428 1221 1549 1256 salutis
1564 1230 1728 1256 excusare
1747 1221 1794 1254 vi-

161 1279 296 1315 detur...
311 1281 401 1326 quod
417 1281 460 1315 ad
473 1280 669 1327 superiores
684 1281 824 1316 ordines
842 1281 1033 1327 promoveri
1052 1281 1092 1324 (si
1111 1280 1470 1326 publieun1est‚quod
1490 1279 1706 1326 proponitur)
1720 1290 1788 1314 non

164 1337 334 1373 valebit...
363 1337 397 1374 Si
426 1349 505 1374 vero
530 1339 703 1374 occultum
731 1344 791 1379 est,
816 1339 1006 1385 promoveri
1030 1339 1191 1385 poterit...
1212 1355 1244 1373 ι.
1267 1338 1337 1374 Hoc
1356 1338 1410 1373 ius
1429 1338 1547 1373 multis
1565 1337 1791 1384 opinionibus

164 1397 346 1432 Doctorum
376 1403 512 1444 propter
537 1398 660 1444 capitis
686 1398 862 1433 clausulas
889 1398 1100 1440 subiectum,
1128 1398 1328 1443 ceteroquin
1356 1408 1427 1433 non
1456 1397 1644 1443 practicum
1665 1395 1793 1432 nostris

160 1456 389 1502 temporibus,
426 1457 488 1492 fuit
517 1468 576 1503 per
603 1456 740 1493 Codicis
767 1457 995 1493 omissionem
1022 1457 1227 1502 abrogatum
1254 1457 1297 1493 ad
1325 1468 1485 1492 normam
1512 1467 1588 1495 can.
1615 1456 1647 1498 6,
1674 1455 1722 1492 60.
1751 1476 1787 1480 -

164 1514 319 1551 Praefata
345 1516 582 1561 irregularitas
610 1517 723 1562 quoad
744 1516 1002 1562 rebaptizatum
1023 1516 1087 1551 suit
1105 1521 1235 1551 statuta
1253 1516 1358 1551 simul
1377 1527 1456 1551 cum
1475 1515 1584 1551 altera
1602 1525 1692 1561 quae
1710 1514 1794 1559 ligat

162 1573 376 1620 baptizatum
401 1575 445 1610 ab
471 1575 654 1616 haeretico.
686 1575 723 1610 in
749 1586 828 1611 can.
866 1575 904 1610 ll)
931 1587 1009 1610 can.
1037 1575 1046 1610 l
1074 1586 1108 1621 q.
1140 1575 1158 1610 7
1185 1575 1368 1621 desumpto
1402 1586 1441 1610 ex
1482 1574 1633 1620 Epistola
1673 1573 1793 1609 Felicis
1835 1617 1837 1622 y

165 1633 225 1668 PP.
263 1633 303 1668 ΙΙΙ
338 1634 380 1669 ad
413 1645 535 1669 omnes
563 1633 761 1680 Episcopos
790 1633 848 1669 Sic
874 1634 946 1669 ait:
979 1649 997 1667 «
1017 1632 1083 1677 Qui
1112 1634 1149 1668 in
1177 1634 1332 1680 qualibet
1357 1638 1468 1669 aetate
1494 1633 1591 1676 alibi,
1621 1643 1727 1678 quam
1755 1631 1791 1667 in

162 1692 314 1729 Ecclesia
339 1693 510 1728 catholica
534 1698 595 1728 aut
623 1692 803 1739 baptizati,
830 1698 891 1728 aut
917 1693 1121 1739 rebaptizati
1149 1697 1232 1728 sunt
1257 1693 1300 1728 ad
1328 1692 1602 1728 Ecclesiasticam
1630 1691 1793 1727 militiam

164 1763 303 1798 prorsus
330 1763 400 1787 non
430 1752 678 1798 permittantur
703 1752 867 1788 accedere
889 1768 921 1786 ».
951 1772 994 1778 -
1022 1753 1149 1798 Aperte
1176 1752 1412 1797 irregularitas
1445 1752 1644 1787 continetur
1681 1751 1791 1786 solum

162 1813 329 1847 adversus
366 1822 435 1855 605,
478 1811 535 1857 qui
575 1812 619 1846 ab
648 1811 831 1847 haereticis
858 1810 1021 1857 baptizati
1050 1816 1152 1855 sunt;
1184 1811 1205 1846 ii
1229 1811 1325 1847 enim
1352 1821 1471 1846 revera
1498 1810 1594 1851 alibi,
1624 1820 1730 1856 quam
1757 1809 1792 1844 in

166 1869 313 1906 Ecclesia
339 1870 508 1906 catholica
536 1870 769 1916 baptizantur.
796 1891 840 1895 —
868 1870 924 1905 Est
941 1876 1058 1907 autem
1073 1881 1113 1906 ex
1131 1870 1256 1906 delicto
1274 1870 1364 1916 quod
1386 1873 1673 1915 praesupponunt
1692 1868 1794 1904 verba

164 1929 199 1965 ib
225 1941 304 1965 can.
332 1930 533 1975 sequentia:
569 1946 581 1960 ε
603 1929 740 1974 Quibus
766 1931 851 1965 satis
869 1941 943 1966 esse
963 1930 1077 1971 debet,
1099 1930 1189 1976 quod
1212 1930 1247 1964 in
1269 1928 1525 1965 Catholicorum
1546 1939 1692 1963 numero
1712 1932 1795 1974 sunt

164 1988 344 2035 recepti»,
373 2000 413 2024 ac
438 1989 465 2023 si
494 1989 573 2024 facti
604 1989 732 2025 fuerint
757 1989 862 2024 huius
887 1989 1019 2035 gratiae
1045 1989 1181 2034 indigni
1221 1999 1259 2025 ex
1299 1988 1507 2034 baptismate
1529 1987 1590 2022 „sic
1624 1991 1794 2033 suscepto.

166 2047 264 2092 Quod
291 2048 455 2083 delictum
475 2049 653 2084 invenitur
670 2053 810 2094 propter
828 2048 1113 2084 communionem
1134 2048 1169 2082 in
1189 2047 1308 2088 sacris,
1327 2058 1432 2093 quam
1454 2047 1640 2092 praesefert
1660 2046 1791 2081 dictum

166 2107 350 2153 baptisma,
379 2118 467 2153 quae
493 2108 693 2143 communio
718 2119 797 2143 cum
827 2107 1007 2143 haereticis
1034 2107 1138 2142 vetita
1163 2112 1214 2142 est
1241 2107 1335 2142 iuxta
1361 2117 1476 2141 sacras
1512 2105 1656 2141 litteras.
1692 2104 1790 2140 Unde

164 2177 287 2201 omnes
313 2167 370 2212 qui
400 2166 659 2212 baptizarentur
684 2166 721 2200 in
747 2166 866 2212 aliqua
891 2171 984 2202 secta
1020 2171 1158 2212 propter
1191 2175 1450 2211 quamcumque
1484 2164 1670 2206 rationem,
1702 2163 1811 2207 hanc?

165 2225 454 2270 irregularitatem
470 2225 700 2267 incurrerent,
714 2225 785 2260 sive
804 2225 1019 2266 solemniter,
1040 2225 1111 2260 sive
1127 2225 1288 2271 privatim
1308 2224 1482 2270 baptisma
1498 2223 1601 2258 fucrit
1616 2222 1793 2258 collatum.

283 2301 510 2346 Difficultas
542 2305 708 2359 exurgit
741 2308 906 2359 propter
944 2303 1068 2346 verba
1104 2304 1218 2345 initio
1252 2303 1421 2345 canonis
1456 2303 1597 2357 posita.
1632 2299 1680 2342 2⁰
1709 2297 1792 2352 Qui

165 2373 204 2416 ιἰι
240 2372 424 2431 qzcalibet
456 2379 607 2428 aelate,
642 2375 737 2431 quia
772 2375 946 2417 infantes
979 2388 1026 2417 ac
1060 2375 1182 2417 etiam
1216 2373 1284 2416 alii
1319 2373 1430 2415 ducti
1467 2372 1699 2427 ignorantia
1731 2372 1791 2412 vi—

161 2444 359 2488 derentur
391 2444 703 2500 comprehendi,
737 2458 831 2488 cum
867 2449 1003 2488 tamen
1039 2447 1078 2487 in
1113 2447 1171 2488 eis
1204 2443 1402 2487 delictum
1436 2442 1555 2486 absit.
1580 2441 1658 2485 Sed
1685 2444 1795 2497 ipsos

160 2520 410 2576 censuerunt
446 2516 584 2558 Patres
616 2514 790 2559 Concilii
825 2515 1011 2559 Africani
1048 2529 1125 2558 non
1161 2513 1593 2571 comprehendendos,
1628 2511 1794 2570 quando

159 2586 353 2629 dixerunt
379 2585 416 2629 ²:
457 2586 660 2629 «Placuit
694 2587 745 2630 de
780 2586 1018 2641 infantibus,
1051 2589 1119 2644 qui
1165 2586 1216 2629 ab
1256 2585 1476 2628 haereticis
1519 2584 1794 2640 baptizantur,

162 2670 225 2705 ne,
258 2657 368 2714 quod
404 2670 481 2699 non
516 2670 590 2699 suo
624 2658 812 2700 fecerunt
847 2656 1001 2700 iudicio
1034 2669 1128 2700 cum
1164 2656 1214 2699 ad
1254 2655 1481 2699 Ecclesiam
1523 2653 1591 2697 Dei
1636 2652 1790 2697 salubri

163 2730 371 2783 proposito
407 2728 559 2770 fuerint
591 2729 802 2782 conversi,
837 2732 1055 2783 parentum
1081 2727 1171 2770 illos
1194 2740 1310 2770 error
1334 2725 1546 2781 impedi-au
1571 2725 1794 2781 quominus

281 2834 300 2914 Ξ
323 2832 415 2913 Cata.
451 2847 465 2862 <x
485 2832 792 2866 Salaberrimum
818 2832 953 2866 enim»
984 2833 1028 2865 21
1057 2831 1098 2866 G.
1127 2831 1145 2865 I
1171 2843 1206 2876 q.
1237 2831 1323 2865 VII.
1353 2851 1396 2856 --
1422 2830 1436 2852 ‘2
1463 2830 1556 2864 Can.
1587 2828 1744 2863 Placuit:
1769 2828 1791 2861 3

168 2891 252 2915 cau.
325 2892 359 2925 q.
410 2906 418 2914 .
