1971 3261
209 180 279 213 488
589 178 673 213 Lm.
703 177 774 210 III.
805 197 817 202 -
850 177 956 210 PARS
997 177 1028 210 1.
1058 196 1071 202 -
1098 177 1154 211 De
1195 177 1462 213 §aeramentis
1622 177 1715 213 Can.
1744 178 1838 213 1012

212 324 266 328 ⁷—
290 297 400 340 Haec
438 299 640 340 sententia
683 298 900 339 veritatem
941 295 1089 339 habet:
1114 300 1320 354 quatenus
1343 298 1381 339 in
1407 296 1567 340 actibus
1589 297 1836 341 contrahen-

211 371 309 410 tium
348 369 561 410 materiam
599 368 830 423 proximam
866 367 1079 409 constituit
1101 371 1141 409 et
1165 368 1202 409 in
1231 365 1370 410 verbis
1394 367 1585 417 formam,
1610 367 1837 425 itidemque

213 438 336 482 verba
371 437 447 481 sub
481 442 685 494 conceptu
720 437 882 479 formali
917 436 1112 480 distincto
1147 439 1184 480 in
1219 439 1394 480 materia
1430 442 1469 480 et
1505 438 1636 481 forma
1662 441 1837 494 reponit,

208 515 331 565 atque
365 511 533 564 insuper
565 507 803 551 considerat
828 509 865 549 in
890 509 950 550 eis
971 509 1290 564 acquisitionem
1314 509 1415 550 iuris
1449 502 1766 551 m‘atrimonialis
1799 512 1836 552 et

208 581 532 635 assumptionem
559 582 728 621 mutuae
751 577 1030 634 obligationis.
1052 576 1238 621 Deficere
1259 583 1394 621 tamen
1417 577 1582 621 videtur
1600 580 1835 621 a-veritate:

208 654 411 707 quatenus
447 651 616 692 materia
654 650 841 704 proxima
877 650 916 690 in
949 651 1222 691 sacramentis
1254 647 1409 691 habere
1442 647 1564 691 debet
1603 653 1835 705 respectum

207 720 257 763 ad
295 722 508 763 materiam
546 723 763 774 remotam,
796 721 915 761 cuius
938 723 999 761 est
1033 731 1142 765 usus,
1176 718 1411 775 applicatio,
1435 732 1507 762 seu
1541 718 1764 772 adhibitio3
1799 724 1839 762 et

209 795 338 834 torma
370 790 528 833 directe
564 791 732 846 respicit
766 791 1034 832 intentionem
1073 791 1356 843 ministrantis,
1390 791 1459 847 qui
1497 802 1569 845 per
1600 789 1711 833 illam
1747 803 1839 846 per-

209 865 311 905 tecte
343 861 593 904 determinat
628 862 842 903 materiam
879 858 989 902 illam
1027 861 1283 916 proximam3
1317 864 1442 917 atque
1486 862 1655 916 insuper
1695 860 1840 904 dicens

208 932 472 975 traditionem
506 936 629 988 atque
663 932 991 986 acceptationem
1030 932 1158 973 mutui
1194 932 1295 973 iuris
1329 932 1367 973 in
1392 943 1580 987 corpora,
1607 930 1838 986 intelligere

207 1004 304 1046 facit
338 1002 595 1058 praedictum
632 1003 693 1044 ius
726 1001 834 1058 quod
870 1001 1048 1044 traditur
1090 1006 1129 1044 et
1171 1005 1412 1057 acceptatur
1456 1003 1747 1057 praeexistere.
1783 1027 1835 1032 —

206 1072 350 1116 Melius
382 1086 482 1129 ergo
518 1072 684 1116 videtur
718 1071 1059 1128 intelligendum:
1097 1074 1311 1115 materiam
1348 1074 1581 1128 proximam
1607 1085 1696 1115 esse
1719 1077 1838 1116 actus

205 1143 554 1197 contrahentium,
577 1145 645 1200 qui
672 1147 833 1186 utentes
856 1142 1034 1186 naturali
1060 1144 1148 1186 iure
1176 1142 1234 1186 adv
1263 1144 1588 1191 matrimonium,
1612 1141 1835 1186 subiiciunt

208 1220 349 1258 mutuo
385 1216 550 1270 propria
593 1226 769 1270 corpora
815 1226 887 1269 per
929 1212 1195 1270 obligationis
1236 1214 1563 1268 assumptionem
1609 1215 1645 1255 iu
1691 1213 1836 1256 ordine

206 1286 255 1328 ad
290 1290 406 1328 actus
437 1283 694 1340 coniugales,
727 1289 767 1327 et
800 1285 1023 1341 acquirunt
1072 1286 1134 1326 ius
1182 1286 1304 1326 etiam
1357 1288 1544 1326 mutuum
1595 1282 1835 1340 obligationi

208 1356 444 1412 praedictae
477 1355 714 1399 relativum.
751 1355 830 1409 Qui
865 1359 982 1398 actus
1004 1359 1098 1397 sunt
1125 1353 1348 1397 voluntatis
1373 1356 1588 1411 utriusque
1611 1367 1836 1397 consensus

208 1440 279 1483 per
315 1426 440 1470 verba
478 1425 540 1469 vel
576 1428 692 1482 signa
726 1425 834 1483 faeti
871 1424 1103 1468 sensibiles.
1139 1424 1284 1468 Forma
1332 1438 1429 1468 vero
1471 1429 1565 1467 sunt
1610 1424 1676 1467 illa
1721 1427 1833 1468 iuxta

205 1511 256 1540 ss.
301 1510 482 1541 canones
529 1496 652 1540 verba
702 1496 765 1539 vel
810 1499 925 1552 signa
961 1500 1165 1553 quatenus
1198 1497 1438 1551 exprimunt
1473 1497 1687 1538 materiam
1724 1494 1834 1538 illam

207 1570 439 1623 proximam
476 1570 583 1610 inter
616 1567 914 1610 denrminatas
948 1579 1156 1623 personas.

325 1638 385 1681 Ad
411 1651 585 1695 quorum
623 1637 876 1680 evidentiam
901 1637 983 1680 duo
1007 1637 1274 1680 considerare
1306 1641 1489 1693 oportet:
1525 1639 1657 1693 primo
1692 1639 1753 1680 ius
1785 1637 1835 1680 ad

205 1714 321 1752 actus
357 1722 557 1752 venereos
590 1710 663 1751 etsi
698 1708 928 1751 secundum
964 1712 1152 1750 naturam
1181 1709 1346 1764 positos,
1371 1720 1447 1751 nec
1481 1709 1518 1750 in
1554 1721 1704 1764 corpus
1736 1707 1834 1750 alte·

206 1783 290 1825 rius
324 1792 524 1836 personae
556 1781 751 1836 quamvis
783 1781 1092 1832 consentientis,
1129 1792 1203 1822 nec
1238 1781 1275 1821 in
1313 1780 1523 1835 proprium
1564 1791 1715 1834 corpus
1746 1778 1835 1822 dari

204 1856 297 1894 ante
332 1853 475 1893 initum
513 1852 835 1905 matrimonium,
857 1854 1115 1906 repugnante
1148 1854 1321 1892 naturae
1345 1849 1448 1906 lege.
1473 1849 1733 1906 Proindeque
1756 1862 1834 1892 non

205 1935 321 1977 posse
345 1922 556 1964 transferri
582 1923 619 1963 in
644 1920 816 1964 alteram
842 1932 1059 1977 personam
1087 1920 1341 1976 perficiendo
1367 1920 1713 1963 matrimonialem
1738 1933 1833 1963 con-

204 1997 395 2045 tractum,
418 1994 525 2035 sicut
548 1992 796 2034 transfertur
829 1993 892 2034 ius
925 1990 1111 2034 habitum
1139 1993 1176 2033 in
1203 2004 1245 2034 re
1270 1990 1410 2034 mobili
1445 2004 1518 2047 per
1554 1990 1832 2034 venditionem

207 2063 268 2107 vel
306 2065 342 2105 in
380 2064 588 2119 propriam
624 2064 880 2105 activitatem
918 2075 990 2119 per
1022 2066 1281 2105 contractum
1326 2063 1501 2105 servitii.
1535 2062 1749 2115 Secundo;
1796 2064 1833 2103 in

202 2134 293 2177 aliis
316 2135 589 2177 sacramentis
610 2135 779 2176 materia
807 2137 963 2176 remota
989 2146 1062 2189 per
1085 2132 1266 2190 aliquem
1291 2137 1427 2176 actum
1453 2132 1688 2185 adhibetur,
1716 2146 1751 2173 v.
1772 2146 1833 2188 gr.

169 2196 172 2198 ⁵
203 2218 308 2263 aqua
344 2218 416 2261 per
450 2205 772 2250 infusionemin
809 2203 1027 2260 baptismo,
1061 2207 1100 2246 et
1133 2203 1183 2246 de
1218 2206 1398 2260 peccatis
1439 2208 1500 2246 est
1541 2208 1658 2246 actus
1695 2207 1834 2246 conte-

203 2278 330 2319 rentis
352 2288 409 2328 se,
428 2287 475 2317 ac
501 2279 667 2331 peccata
702 2274 936 2324 confitenda
970 2278 1064 2317 sunt
1087 2273 1139 2317 ab
1162 2286 1210 2317 eo
1244 2275 1282 2316 in
1317 2275 1591 2330 poenitentia;
1625 2275 1693 2330 qui
1718 2277 1835 2316 actus

203 2346 374 2402 proinde
411 2349 612 2388 vocantur
647 2346 819 2388 materia
855 2346 1056 2399 proxima.
1091 2343 1140 2386 Et
1173 2346 1366 2400 quamvis
1410 2343 1477 2386 illa
1521 2344 1669 2386 inlusio
1701 2354 1834 2400 aquae

200 2419 250 2459 sit
283 2420 399 2459 actus
449 2415 708 2471 baptizandi;
756 2419 936 2458 attamen
985 2417 1079 2471 quia
1130 2418 1265 2470 posset
1308 2414 1396 2456 fieri
1429 2413 1479 2456 ad
1515 2412 1831 2469 temperandum

200 2500 350 2543 corpus
387 2486 448 2529 vel
474 2486 523 2528 ad
549 2485 817 2539 abluendum,
839 2485 915 2528 hoc
948 2485 1094 2528 ultimo
1127 2497 1248 2528 sensu
1284 2484 1372 2527 fieri
1409 2497 1480 2540 per
1516 2483 1642 2527 verba
1678 2484 1833 2526 formae

201 2556 370 2600 indubie
403 2557 667 2613 ‹lesignatur3
702 2560 741 2599 et
773 2555 964 2599 similiter
997 2560 1114 2598 actus
1146 2557 1394 2612 poenitentis
1429 2568 1501 2610 per
1531 2568 1573 2597 se
1603 2554 1652 2597 ad
1690 2555 1831 2596 remis-

198 2630 355 2671 sionem
393 2631 656 2682 peccatorum
691 2627 950 2677 ordinantur⁷
970 2626 1040 2668 sed
1078 2628 1170 2682 poni
1207 2630 1369 2682 possent
1404 2625 1453 2668 ad
1488 2624 1830 2668 consultationem

203 2698 264 2741 vel
301 2698 350 2740 ad
386 2697 678 2754 requirendam
714 2696 1062 2749 consolationem3
1105 2698 1282 2752 primum
1334 2701 1469 2739 tamen
1519 2695 1706 2738 ordinem
1742 2694 1834 2737 illos

197 2774 313 2812 actus
346 2768 498 2811 habere
534 2767 750 2811 indubium
776 2768 819 2810 tit
846 2780 917 2823 per
949 2767 1178 2810 sacerdotis
1211 2766 1527 2817 absolutionem,
1552 2778 1657 2822 quae
1691 2770 1828 2808 tamen

198 2854 247 2883 ex
282 2844 427 2882 natura
462 2838 644 2881 iudiciali
688 2840 937 2881 sacramenti
983 2840 1268 2881 remissionem
1305 2841 1568 2893 peccatorum
1604 2838 1725 2879 etiam
1762 2837 1832 2878 tri-

200 2910 299 2954 buit.
326 2909 444 2952 Modo
467 2908 588 2951 simili
616 2922 687 2964 per
711 2913 847 2952 actum
873 2907 1157 2952 consentiendi
1192 2907 1485 2951 contrahentes
1520 2907 1828 2950 matrimonium
