1971 3261
117 128 213 164 Gan.
240 125 334 161 1143
566 123 650 157 Trr.
677 121 783 156 VIII.
811 141 822 146 -
849 121 905 156 De
931 120 1292 155 sacramentalibus
1676 119 1746 154 705

117 248 283 303 cognita
317 258 365 289 ex
400 246 485 287 cit.³
515 256 568 287 ss.
601 248 720 297 cans,
756 243 794 284 in
830 243 974 298 primis
1009 241 1071 284 vel
1106 240 1198 284 aliis
1232 242 1385 296 nuptiis
1421 239 1482 282 vel
1503 243 1618 282 extra
1645 241 1747 295 ipsa-

119 330 208 360 rum
243 313 563 359 celebrationem
597 311 699 355 data
733 312 801 363 sit,
834 312 884 354 ad
921 310 1026 354 lianc
1057 313 1165 354 enim
1191 310 1479 367 excipiendam
1503 311 1639 366 sponsi
1665 322 1743 352 non

117 386 354 443 obligantur
386 385 504 440 gravi
541 388 776 439 praecepto,
809 382 952 439 nequi!
983 382 1026 424 in
1050 380 1390 439 subsequentibus
1416 379 1743 423 benedictionem

118 462 327 513 receptam
362 453 523 512 nuptiis
555 453 807 510 quibuslibet
842 467 933 495 eam
966 453 1118 495 iterum
1151 451 1355 509 accipere,
1390 453 1583 508 quamvis
1600 450 1743 494 eadem

117 540 198 570 non
234 529 285 569 sit
317 526 599 578 constitutiva,
631 524 701 567 scd
739 526 974 566 invocativa
1009 523 1286 576 solummodo,
1318 535 1365 565 ac
1390 522 1589 565 indirecte
1616 521 1748 577 prolii-

119 596 239 640 betur
273 594 527 652 presbyteris
564 609 585 635 «
609 607 745 637 eam»
783 594 895 637 dare.

234 665 283 710 Et
317 668 369 708 ita
402 665 585 721 explicit,
625 668 707 708 Deo
740 667 907 720 granas,
936 666 1104 707 maximi
1130 665 1326 706 momenti
1353 666 1551 706 tractatus
1568 662 1747 706 ditiicilis

121 752 142 778 α
170 736 224 780 de
258 737 583 779 matrimonio».

749 860 984 898 TITULUS
1014 861 1121 897 VIII.

663 942 727 985 De
761 941 1200 986 Sacramentalibus.

163 1048 248 1085 Cim.
283 1046 382 1085 1144.
408 1068 428 1074 -
447 1046 722 1083 Sacramentalia
740 1053 823 1083 sunt
842 1058 895 1083 res

115 1102 176 1132 aut
213 1096 367 1132 actiones
405 1095 532 1140 quibus
571 1095 735 1131 Ecclesia.
772 1095 805 1129 in
832 1095 888 1130 ali·

116 1154 220 1190 quam
248 1143 554 1178 Sacramentorum
583 1142 893 1181 imitationem,11ti

117 1191 202 1226 solet
226 1191 268 1226 ad
296 1189 505 1225 obtinendos
520 1200 560 1224 ex
575 1202 638 1226 sua
653 1189 895 1236 impetratione

115 1238 258 1273 effectus
285 1237 486 1283 praesertim
513 1236 724 1282 spirituales.

96 1308 100 1310 v
164 1284 249 1320 CAN.
297 1282 395 1318 1145.
435 1304 452 1309 -
488 1282 582 1320 Nova
620 1283 895 1320 Sacramentalia

116 1332 327 1368 constituere
352 1335 412 1366 aut
446 1337 584 1377 recepta
608 1331 808 1367 authentice
844 1331 894 1365 in-

116 1379 311 1426 terpretari,
339 1390 378 1414 ex
397 1378 526 1413 eisdem
545 1380 661 1425 aliqua
680 1378 818 1414 abolere
835 1383 895 1414 aut

116 1431 263 1468 mutare,
288 1425 359 1461 sola
383 1430 492 1471 potest
518 1424 624 1462 Sedes
640 1426 847 1472 Apostolica.

163 1474 248 1509 CAN.
277 1472 376 1508 1146.
413 1492 430 1500 -
468 1472 657 1519 Legitimus
691 1472 894 1509 Sacramen-

116 1521 238 1557 talium
266 1520 426 1559 minister
450 1525 502 1556 est
527 1521 683 1561 clericus.
709 1521 763 1556 cui
790 1521 832 1556 ad
861 1520 894 1555 id

118 1574 266 1615 potestas
303 1568 427 1606 collata
464 1569 509 1603 sit
546 1570 676 1615 quique
706 1580 727 1604 a
758 1579 894 1614 compe-

114 1622 209 1653 tente
241 1619 447 1653 auctoritate
477 1616 711 1652 ecclesiastica
742 1626 812 1651 non
851 1615 896 1649 sit

117 1664 311 1711 prohibitus
336 1666 482 1701 eandem
509 1675 677 1700 exercere.

164 1711 247 1747 CAN.
293 1712 392 1748 1147.
421 1733 445 1739 -
475 1716 495 1754 ἓ
536 1711 565 1746 1.
607 1710 895 1747 Consecrationes

116 1770 219 1794 nemo
244 1758 302 1805 qui
330 1761 528 1796 charactere
552 1758 738 1805 episcopali
766 1762 894 1798 carcat,

116 1806 229 1842 valide
258 1817 418 1853 peragere
438 1811 558 1853 potest,
578 1806 643 1840 uisi
665 1806 714 1841 vel
744 1806 817 1841 iure
844 1804 895 1840 vel

115 1853 305 1899 apostolico
333 1854 468 1890 indulto
494 1854 527 1889 id
553 1853 584 1889 ei
611 1853 845 1900 permittatur.

1012 1051 1031 1089 ς)
1061 1050 1090 1081 2.
1123 1046 1384 1082 Benedictioncs
1417 1050 1534 1081 autem
1569 1045 1747 1091 impertire.

969 1100 1078 1141 potest
1115 1094 1262 1140 quilibet
1300 1094 1490 1140 presbyter,
1527 1093 1678 1139 exceptis
1705 1092 1747 1126 iis

966 1153 1056 1188 quae
1095 1141 1251 1177 Romano
1290 1141 1446 1176 Pontifici
1480 1145 1540 1175 aut
1570 1139 1747 1186 Episcopis

966 1190 1087 1225 aliisve
1114 1193 1345 1224 reserventur.

1013 1241 1033 1279 ξ
1052 1237 1084 1271 3.
1107 1235 1305 1271 Benedictio
1323 1240 1496 1271 reservata
1514 1245 1602 1280 quae
1619 1246 1640 1270 a
1658 1244 1748 1280 pres<

967 1284 1087 1331 bytero
1124 1284 1226 1319 detur
1262 1284 1338 1318 sine
1374 1282 1568 1318 necessasia
1596 1281 1746 1321 licentia,

967 1331 1089 1367 illicita
1114 1335 1177 1369 est.
1206 1331 1264 1366 sed
1294 1330 1420 1371 valida,
1449 1329 1516 1364 nisi
1538 1330 1571 1363 in
1594 1339 1746 1364 reserva-

966 1379 1060 1414 tione
1074 1377 1179 1414 Sedes
1200 1378 1395 1423 Apostoii‹·a
1419 1377 1513 1412 aliud
1532 1375 1749 1422 expresserit.

1014 1430 1033 1468 ξ
1060 1424 1093 1460 4.
1138 1425 1277 1460 Oiai-oni
1305 1430 1337 1460 et
1357 1425 1498 1468 lectores
1518 1424 1595 1459 illas
1611 1429 1746 1458 tantum

966 1473 1078 1509 valide
1088 1477 1121 1508 et
1132 1472 1223 1508 licite
1235 1472 1491 1507 benedictiones
1501 1471 1582 1506 dare
1595 1475 1749 1517 possunt,

966 1531 1055 1567 quae
1075 1521 1159 1567 ipsis
1177 1531 1335 1565 expresse
1352 1530 1372 1555 a
1393 1519 1465 1554 iure
1486 1519 1745 1563 permittuntur.

1015 1566 1100 1603 CAN.
1136 1565 1235 1602 1148.
1266 1587 1283 1594 -
1312 1571 1331 1609 5
1363 1567 1391 1601 Ι.
1422 1566 1457 1602 ln
1478 1565 1747 1602 Sacramentali-

968 1615 1032 1650 bus
1058 1614 1285 1650 conficiendis
1302 1626 1361 1649 seu
1379 1613 1672 1649 administrandis
1692 1624 1748 1648 ac-

966 1667 1084 1698 curate
1097 1667 1278 1698 serventur
1288 1662 1376 1697 ritus
1386 1661 1430 1696 ab
1441 1660 1485 1697 Ec
1509 1661 1591 1696 lesia
1604 1660 1747 1706 probati.

1015 1714 1034 1752 5
1060 1709 1094 1745 2.
1119 1709 1406 1746 Consecrationes
1430 1720 1470 1744 ac
1490 1708 1748 1744 benedictiones

967 1757 1039 1792 sive
1065 1757 1308 1793 constitutivae
1341 1757 1414 1792 sive
1447 1756 1662 1791 invocativae
1699 1756 1748 1789 in-

968 1805 1102 1840 validae
1128 1809 1219 1844 sunt,
1239 1804 1266 1838 si
1286 1804 1443 1839 adbibita
1463 1814 1531 1839 non
1563 1803 1667 1838 suerit
1688 1803 1750 1838 for-

969 1853 1064 1887 mula
1091 1852 1134 1887 ab
1163 1851 1314 1887 Ecclesia
1342 1851 1568 1898 praescripta.

709 1993 749 1997 -—
779 1971 874 2007 notio
1539 1968 1626 2005 Can.
1659 1966 1747 2004 1144

709 2088 752 2092 —
781 2070 931 2112 potestas
956 2069 1157 2111 competens
1586 2078 1602 2096 »
1660 2061 1747 2098 1145

413 2229 456 2234 —
469 2209 634 2244 omnibus
649 2229 691 2234 —
711 2228 752 2233 —
769 2207 931 2243 minister
945 2227 986 2233 —
1004 2180 1047 2185 —
1073 2171 1110 2194 m
1138 2169 1263 2204 genem
1586 2172 1600 2190 »
1656 2157 1746 2193 1146

404 2301 410 2336 1
1005 2275 1048 2280 -
1075 2265 1135 2300 pro
1161 2265 1281 2290 eorum
1306 2254 1507 2290 diversitate
1585 2267 1601 2286 »
1657 2251 1745 2288 1147

714 2371 751 2375 -
779 2350 866 2385 ritus
890 2360 932 2384 ac
959 2349 1107 2385 formula
1584 2362 1599 2381 »
1655 2347 1745 2384 1148

133 2397 270 2434 Titulus
292 2397 372 2434 Vlll.

118 2444 165 2480 De
179 2444 383 2482 Sacramen—
711 2444 967 2490 -quoadsub-
1004 2464 1047 2470 ——
1075 2455 1242 2490 personas
1360 2490 1362 2492 Ι
1585 2457 1599 2476 »
1656 2441 1745 2478 1149

139 2492 268 2528 talibus
352 2513 394 2520 --
731 2491 818 2527 iecta
943 2469 1000 2556 -ί

1002 2559 1046 2565 -
1072 2549 1126 2574 res
1585 2551 1601 2570 »
1659 2536 1746 2572 1150

1110 2653 1151 2660 -
1178 2633 1214 2667 in
1239 2632 1399 2669 obsessos
1423 2633 1533 2679 profe-

698 2729 704 2734 ·
768 2729 773 2734 .
817 2681 981 2735 ssquoad
993 2680 1071 2716 sub·
1131 2680 1229 2716 rendi
1585 2693 1601 2712 »
1656 2677 1740 2714 1151

415 2749 453 2753 -
480 2740 570 2774 quae
594 2739 774 2765 exorcismi
839 2733 964 2764 tectum
1051 2748 1093 2753 -

434 2776 659 2822 appellantur
757 2797 792 2800 —
1111 2796 1154 2801 —
1181 2775 1376 2820 legitimum
1585 2788 1600 2807 »
1656 2772 1745 2808 1152

816 2891 859 2894 —
874 2869 1035 2905 minister
1047 2880 1167 2905 eorum
1182 2869 1239 2916 qui
1255 2869 1437 2905 accessorii
1462 2868 1533 2904 sint
1584 2882 1598 2900 υ
1656 2867 1744 2903 1153

202 2949 300 2978 BLAT
323 2964 342 2971 -
368 2949 490 2978 Comm.
518 2949 603 2978 Text.
628 2948 704 2977 Coa.
728 2948 802 2978 [ur.
827 2948 909 2977 Can.

1623 2947 1661 2975 45
