1971 3261
191 160 260 194 438
595 157 679 191 LIB.
705 156 777 191 111.
805 177 816 182 -
843 157 954 191 PARS
980 156 1009 190 Ι.
1036 177 1047 182 -
1074 157 1132 192 De
1157 157 1421 192 Saeramentz‘s
1627 156 1718 191 Can.
1745 156 1813 191 987

194 278 256 321 vel
292 281 501 333 apostatae
533 290 555 319 a
587 276 682 325 fide,
718 278 814 333 quia
847 278 1012 332 proprie
1045 289 1125 319 non
1157 281 1252 319 sunt
1286 275 1494 328 catholici,
1532 289 1675 318 omnes
1709 274 1749 318 hi
1772 276 1816 320 ut

194 353 382 404 parentes
417 345 703 402 intelliguntur
735 360 757 389 a
790 358 948 389 canone
996 346 1175 389 addente
1223 346 1500 389 conditionem
1552 345 1816 402 perduraturi

193 417 500 473 impedimenti:
536 415 738 474 quamdiu
765 422 982 475 parentes,
1016 430 1187 473 nempe:
1230 421 1312 460 tam
1356 421 1473 473 pater
1511 429 1636 472 quam
1672 421 1815 472 mater,

195 488 257 531 vel
290 487 423 531 solum
458 486 668 541 alteruter,
706 492 747 530 ut
782 488 901 539 infra,
935 487 979 529 in
1012 501 1086 530 suo
1120 500 1264 530 errore
1295 487 1498 530 adversus
1531 486 1657 529 fidem
1676 485 1817 529 catho-

191 559 327 611 licam,
362 562 403 600 ut
435 569 574 611 supra,
605 563 867 614 permanent,
906 557 1017 601 «vel
1055 559 1204 600 mortui
1247 562 1386 600 sunt»
1424 561 1703 613 congruenter
1737 559 1815 600 iuri

193 628 456 685 praecedenti
489 627 595 683 (can.
632 627 671 681 6,
693 626 769 684 2⁰),
803 630 900 685 quia
932 629 1217 684 permanentia
1250 641 1322 684 per
1355 632 1545 682 mortem,
1579 626 1744 684 quando
1778 629 1817 669 in

191 712 332 743 errore
367 700 605 755 persistunt,
640 699 830 741 firmatur
864 700 902 741 in
936 702 1152 742 aeternum
1177 698 1204 742 1.
1240 697 1282 740 In
1306 698 1450 741 eadem
1477 700 1634 741 ratione
1652 709 1819 740 concor-

309 829 320 849 1
347 826 462 860 Hanc
480 826 853 871 interpretationem
871 826 1115 861 sustinemus
1133 837 1337 871 usquequo
1355 825 1588 861 authentica
1607 827 1820 862 declaratio

191 875 390 910 contraria
415 873 589 918 prodeat,
619 874 799 918 quamvis
837 873 983 908 Doctor
1021 874 1165 918 aliquis
1204 874 1384 918 privatus
1410 885 1495 908 eam
1520 874 1819 919 improbabilem

191 922 358 957 censuit.
390 922 433 954 ln
460 922 547 954 eius
566 921 912 965 interpretationis
928 920 1209 955 fulcimentum
1227 921 1498 955 consideretur
1517 922 1579 955 ius
1598 927 1713 956 vetus
1732 933 1822 956 con-

193 970 314 1004 tineri
340 969 381 1002 in
408 979 489 1012 cap.
521 969 564 1002 15
592 967 673 1002 ‹de
699 967 943 1002 haereticis»
973 969 1014 1002 in
1040 969 1091 1012 6⁰,
1120 969 1235 1003 iuxta
1273 968 1368 1002 haec
1402 968 1543 1002 verba:
1579 984 1592 998 α
1614 968 1820 1003 Statutum

191 1017 319 1051 felicis
344 1015 631 1050 recordationis
657 1015 797 1050 Innoc.
822 1020 862 1049 et
890 1015 1001 1049 Alex.
1030 1015 1374 1060 praedecessorum
1411 1020 1649 1058 nostrorum,
1689 1027 1739 1050 ne
1765 1017 1820 1051 vi-

191 1064 334 1098 delicet
360 1062 565 1103 haeretici‚
594 1062 814 1103 credentes,
841 1067 1122 1107 receptatores,
1151 1062 1375 1097 defensores
1405 1068 1446 1097 et
1470 1062 1645 1097 fautores
1671 1074 1818 1106 eorum,

190 1113 443 1156 ipsorumque
469 1109 545 1143 filii
570 1121 695 1154 usque
714 1109 761 1143 ad
780 1110 993 1144 secundam
1010 1111 1321 1155 generationem
1338 1109 1385 1144 ad
1401 1109 1560 1163 aliquod
1587 1109 1822 1145 beneficium

192 1158 516 1197 ecclesiasticum,
546 1168 616 1190 seu
641 1157 845 1202 publicum
870 1155 1042 1192 officium
1068 1157 1351 1191 admittantur:
1378 1159 1482 1202 quod
1500 1158 1534 1192 si
1552 1169 1664 1192 secus
1690 1163 1822 1192 actum

191 1207 327 1246 fuerit,
356 1205 409 1238 sit
436 1205 594 1238 irritum
620 1212 660 1238 et
691 1204 861 1238 inane».
903 1204 1102 1250 Additque
1129 1204 1258 1240 Bonif.
1297 1205 1395 1239 VIII
1434 1205 1821 1259 interpretationem,

193 1265 310 1298 quam
336 1252 447 1297 sequi
473 1256 692 1296 oportet,«
712 1252 805 1296 quia
829 1263 914 1286 can.
936 1252 1003 1286 98?
1024 1264 1063 1286 n.
1087 1251 1122 1286 1⁰
1140 1263 1229 1286 cum
1248 1252 1316 1285 illo
1336 1253 1419 1285 iure
1446 1253 1572 1286 veteri
1599 1253 1786 1297 congruit
1802 1268 1815 1282 »

194 1303 294 1344 (can.
323 1299 357 1343 6,
385 1300 454 1344 30).
491 1315 504 1329 «ι
523 1299 610 1333 Ηο0
636 1310 730 1333 sane
757 1299 801 1333 de
828 1298 967 1333 filiis...
997 1299 1301 1340 haereticorum,
1329 1299 1576 1333 credentium
1594 1303 1635 1333 et
1651 1300 1822 1334 aliorum

193 1347 434 1387 huiusmodi,
464 1346 531 1390 qui
558 1346 658 1380 tales
683 1358 780 1388 esse,
810 1347 872 1381 vel
899 1347 998 1380 tales
1017 1347 1138 1381 etiam
1175 1346 1387 1381 decessisse
1420 1346 1645 1393 probantur,
1674 1347 1822 1381 intelli-

194 1394 369 1449 gendum
395 1405 478 1428 esse
510 1393 795 1428 videtur1non
822 1398 954 1428 autem
981 1394 1140 1428 illorum
1178 1405 1272 1439 quos
1310 1393 1538 1428 emendatos
1568 1405 1652 1428 esse
1677 1394 1823 1429 consti-

194 1443 306 1483 terit,
334 1445 374 1475 et
399 1441 712 1485 reincorporatos
738 1441 938 1475 Ecclesiae
966 1441 1133 1485 unitati,
1164 1447 1241 1476 etc.

313 1488 447 1522 Talem
473 1488 604 1522 Bonii.
634 1488 724 1522 VIII
750 1489 1001 1533 interpretat*
1008 1500 1122 1522 onem
1125 1468 1326 1523 referunt
1353 1468 1552 1522 lDeclarati
1555 1499 1650 1522 ones
1676 1489 1820 1533 Congr.

196 1537 235 1571 S.
265 1535 394 1571 Officii
421 1535 559 1569 diebus
585 1536 630 1569 24
657 1535 933 1577 1u1.1886‚et
963 1536 1004 1569 14
1030 1536 1257 1570 De0.1890.
1300 1535 1340 1569 Si
1378 1546 1471 1580 ergo
1502 1535 1664 1569 eandem
1695 1535 1823 1580 expli-

193 1588 309 1618 munt
336 1581 579 1627 sufficienter
598 1583 717 1617 verba
733 1595 817 1617 can.
838 1563 915 1618 9⁷87.
950 1583 1077 1617 «Filii
1094 1583 1416 1626 acatholicorum,
1436 1582 1623 1627 quamdiu
1641 1586 1824 1636 parentes

196 1633 237 1666 in
261 1642 331 1665 suo
357 1641 487 1664 erroie
514 1635 746 1674 permanent
762 1646 794 1671 »,
823 1630 942 1664 talem
969 1631 1068 1664 iuris
1096 1631 1243 1665 veteris
1262 1630 1633 1674 interpretationem
1651 1630 1824 1664 retinere

194 1682 363 1724 oportet.
395 1698 438 1702 ——
465 1677 544 1711 Nec
570 1682 726 1711 moveat
752 1677 939 1711 lectorem
978 1682 1113 1712 textus
1152 1677 1261 1712 Libri
1300 1677 1531 1722 Sapientiae
1557 1677 1603 1711 de
1631 1677 1819 1711 lamenta—

196 1727 305 1761 tione
332 1725 624 1758 damnatorum:
654 1724 715 1768 (V,
744 1725 780 1767 6)
814 1740 827 1755 ‹
847 1725 953 1770 Ergo
980 1725 1199 1760 erravimus
1226 1736 1247 1758 a
1273 1725 1338 1759 via
1363 1725 1559 1766 veritatis,
1581 1731 1622 1758 et
1639 1724 1820 1758 iustitiae

194 1775 330 1808 lumen
348 1783 427 1805 non
455 1771 593 1805 illuxit
619 1771 745 1815 nobis,
766 1776 808 1806 et
826 1772 884 1806 sol
904 1772 1199 1826 intelligentiae
1226 1783 1304 1806 non
1332 1777 1392 1806 est
1417 1775 1529 1806 ortus
1547 1772 1688 1806 nobis»
1702 1772 1824 1806 ‚Nam

194 1821 291 1855 haec
318 1819 451 1853 dicent
477 1830 525 1852 ex
552 1818 754 1853 evidentia
780 1819 985 1862 signorum
1012 1820 1210 1861 commoti,
1246 1819 1312 1853 sed
1338 1818 1385 1853 ab
1412 1830 1540 1853 errore
1566 1830 1637 1853 suo
1663 1830 1742 1853 non
1768 1830 1823 1852 re-

195 1867 347 1903 cedent.
373 1866 521 1911 Agitur
546 1867 653 1900 enim
679 1866 724 1900 de
751 1878 878 1901 errore
905 1873 1044 1901 contra
1069 1866 1186 1901 fidem
1213 1867 1462 1907 catholicam,
1490 1866 1603 1900 cuius
1629 1866 1823 1901 veritates

194 1919 335 1960 utpote
362 1913 697 1958 supernaturales,
726 1908 934 1948 deficiente
961 1916 1105 1959 gratia,
1131 1925 1203 1948 nec
1229 1918 1481 1959 cognoscent,
1510 1924 1582 1947 nec
1608 1913 1746 1948 volent
1766 1924 1824 1947 co-

196 1972 383 2008 gnoscere
409 1965 569 2005 propter
594 1961 853 2005 pervicaciam
879 1961 920 1995 in
947 1973 1068 2014 prava
1093 1973 1228 1995 eorum
1254 1962 1476 1995 voluntate.

316 2008 396 2042 Nec
421 2008 632 2042 obiiciatur
658 2008 699 2042 in
726 2020 818 2042 casu
843 2009 983 2042 mortis
1021 2009 1197 2053 parentis
1234 2007 1444 2042 acatholici
1482 2007 1629 2041 mutari
1654 2007 1825 2052 simplex

197 2055 524 2099 impedimentum
552 2056 592 2089 in
621 2056 969 2100 irregularitatem,
1011 2056 1103 2089 dum
1141 2056 1206 2090 bic
1245 2067 1369 2090 canon
1408 2055 1505 2089 dicit
1535 2054 1639 2089 filios
1666 2055 1825 2088 illorum

197 2115 282 2139 esse
308 2102 542 2147 simpliciter
570 2103 790 2147 impeditos.
821 2123 864 2129 —
890 2103 1007 2148 Resp.
1037 2103 1219 2148 negando
1244 2103 1365 2137 talem
1391 2103 1665 2138 mutationem.
1692 2101 1825 2136 Consi-

198 2152 331 2186 derare
357 2156 513 2194 oportet
542 2162 672 2184 veram
699 2150 1001 2184 distinctionem
1028 2151 1234 2185 iuridicam
1261 2150 1366 2184 inter
1391 2149 1491 2183 hanc
1518 2153 1558 2183 et
1584 2149 1696 2183 illud.
1726 2148 1823 2182 Sim·

197 2199 288 2244 plex
316 2197 642 2241 impedimentum
669 2197 773 2231 sicut
800 2202 841 2231 et
879 2197 1155 2243 irregularitas
1194 2197 1342 2232 habent
1376 2208 1623 2231 communem
1660 2195 1828 2241 prohibi-

198 2247 347 2280 tionem
374 2245 615 2288 suscipiendi
654 2244 812 2279 ordines
850 2251 970 2289 atque
996 2245 1218 2286 exercendi,
1255 2244 1384 2290 posita
1420 2244 1461 2278 in
1501 2243 1680 2278 subiecto
1706 2254 1823 2277 causa

197 2294 318 2328 huius
345 2291 639 2336 prohibitionis
680 2292 754 2326 Sed
794 2290 1018 2326 differentia
1055 2292 1134 2326 sita
1159 2301 1231 2334 est,
1261 2291 1399 2344 quod
1391 2303 1431 2324 111
1459 2290 1689 2331 respectivis
1715 2302 1826 2324 cano-

198 2341 329 2379 nibus,
359 2339 489 2384 posita
514 2339 633 2373 semel
663 2339 731 2372 illa
756 2351 871 2373 causa
897 2339 1195 2384 prohibitionis,
1222 2319 1317 2373 haec
1344 2340 1385 2372 in
1411 2344 1649 2383 perpetuum
1677 2342 1824 2381 manet,

197 2386 352 2433 quando
379 2398 441 2431 ag
434 2394 513 2419 tur
539 2386 584 2419 de
615 2386 924 2431 irregularitate3
954 2398 973 2418 0
1000 2392 1139 2421 contla
1153 2399 1193 2420 111
1208 2397 1356 2420 canone
1382 2387 1450 2419 ubi
1468 2388 1724 2419 recensentur
1739 2385 1827 2418 sim-

196 2435 315 2480 plicia
342 2433 634 2486 impedimenta,
663 2445 845 2478 expresse
871 2414 1103 2467 indicantur
1120 2434 1441 2468 circumstantiae
1471 2444 1493 2466 a
1510 2437 1619 2477 parte
1638 2433 1707 2476 rei,
1729 2443 1827 2476 quae

197 2483 230 2517 51
257 2481 445 2515 eveniant
473 2486 597 2514 cessat
637 2480 912 2525 impedimenti
950 2481 1181 2525 prohibitio,
1211 2481 1366 2514 etiamsi
1401 2491 1517 2514 causa
1551 2479 1670 2513 huius
1696 2490 1825 2522 perse-

198 2533 320 2564 veret
351 2527 410 2561 Si
402 2534 461 2562 ut
491 2528 528 2560 in
557 2539 648 2561 casu
675 2534 810 2562 nostro
837 2528 1034 2562 nativitas
1060 2539 1108 2561 ex
1134 2539 1213 2562 uno
1253 2528 1393 2561 saltem
1419 2531 1580 2572 parente
1607 2526 1826 2560 acatholico

198 2582 259 2611 est
285 2586 401 2609 causa
426 2575 627 2619 prohibiti
636 2576 708 2609 ›nis
735 2576 887 2609 ratione
914 2575 1106 2628 simplici-s
1141 2574 1425 2628 impedimenti.
1464 2573 1539 2608 Sed
1564 2573 1637 2607 hoc
1662 2585 1739 2607 non
1767 2576 1827 2607 est

198 2625 281 2658 iure
309 2628 553 2675 perpetuum
584 2623 676 2666 quia
702 2622 805 2656 idem
832 2634 958 2656 canon
984 2623 1171 2666 exprimit
1208 2622 1385 2666 parentis
1423 2621 1733 2663 conversionem,
1762 2620 1824 2653 uti

197 2669 356 2705 modum
382 2669 612 2703 cessationis
644 2669 872 2703 huiusmodi
911 2670 1067 2713 impedi
1073 2669 1197 2703 nenti
1239 2669 1298 2702 Ex
1337 2668 1454 2702 dictis
1492 2668 1672 2713 sequitur
1697 2667 1826 2712 prohi-

203 2718 391 2751 bitionem
419 2727 466 2749 ex
493 2715 786 2761 irregularitate
813 2728 962 2751 cessare
988 2710 1262 2750 tantummodo
1294 2727 1363 2759 per
1387 2715 1736 2760 dispensationem,
1765 2714 1828 2748 vel

201 2764 435 2809 implicitam
462 2774 497 2797 v.
529 2775 583 2808 gr.
612 2765 653 2797 in
669 2764 850 2797 sollemni
877 2763 1131 2808 professione
1162 2764 1224 2798 vel
1250 2763 1504 2806 explicitam
1496 2774 1536 2796 111
1552 2762 1642 2796 aliis
1658 2761 1825 2804 casibus,

202 2812 291 2846 dum
312 2810 530 2856 prohibitio
549 2821 597 2844 ex
612 2811 781 2855 simplici
797 2811 1079 2855 impedimento
1098 2810 1220 2845 habet
1246 2810 1504 2844 cessationem
1531 2809 1568 2842 111
1598 2820 1745 2842 canone
1759 2819 1829 2852 pro

199 2858 372 2903 singulis
400 2858 573 2891 numeris
593 2869 828 2902 expressam,
858 2870 901 2891 ac
927 2861 1080 2902 praeter
1107 2858 1218 2891 illam
1236 2857 1407 2891 obtineri
1426 2862 1556 2909 potest
1570 2855 1825 2900 dispensatio.

319 2905 425 2938 Hinc
451 2903 680 2938 indifferens
706 2913 780 2942 est
818 2905 943 2950 quoad
970 2905 1174 2939 iuridicam
1201 2906 1405 2939 notionem
1419 2915 1463 2938 ac
1479 2904 1570 2947 vim,
1587 2915 1682 2937 num
1708 2903 1749 2936 in
1770 2913 1827 2936 ca-
