1971 3261
195 148 265 181 422
598 145 681 179 Lm.
707 145 778 180 111.
805 165 817 171 -
845 145 955 180 PARS
981 146 1012 179 Ι.
1041 165 1054 171 -
1080 146 1138 181 De
1162 146 1429 181 Sacramentis
1635 146 1728 181 Gan.
1753 145 1824 181 984

200 267 500 324 requirebatur,
535 266 856 320 consummavit,
889 269 929 308 et
961 263 1188 322 bi'qamiam
1220 278 1269 308 ex
1305 266 1470 308 fictione
1504 267 1604 309 iuris
1627 279 1698 309 seu
1718 265 1822 322 ficti-

201 338 315 391 tiam,
350 336 516 393 quando
551 335 756 392 bigamiae
792 348 915 378 verae
948 336 1206 379 conditiones
1239 349 1318 379 non
1357 337 1636 387 verificantur,
1670 349 1743 380 seu
1782 341 1825 380 ut

199 409 255 450 ait
288 407 424 450 lnnoc.
461 406 510 449 lll
549 421 570 446 <c
593 405 689 449 licet
722 408 760 448 in
799 407 971 448 veritate
1006 405 1158 462 bigami
1194 419 1273 449 non
1307 408 1499 461 existant,
1535 419 1614 449 non
1659 411 1826 462 propter

199 480 446 521 sacramenti
478 477 684 521 defectum
713 494 750 532 n,
784 476 834 519 ad
869 489 992 533 quem
1027 479 1088 519 ius
1123 481 1242 520 vetus
1274 477 1325 520 de
1366 476 1544 533 bigamia
1573 489 1670 520 vera
1693 479 1828 534 requi-

202 548 316 592 rebat
351 550 600 591 matrimonii
635 549 1050 600 consummationem,
1085 553 1122 591 et
1158 550 1195 590 in
1231 560 1311 604 quo
1345 548 1507 592 defectu
1544 548 1743 592 fundatur
1767 548 1826 592 bi-

201 621 362 676 gamiae
399 631 521 662 verae
556 617 854 674 irregularitas,
893 634 915 659 α
937 618 1007 662 sed
1045 623 1211 675 propter
1243 619 1436 662 affectum
1472 621 1710 662 intentionis
1732 631 1825 662 cum

201 690 347 733 effectu
377 689 676 747 subsequuto»
714 694 926 746 tamquam
961 702 1055 732 cum
1093 689 1268 746 bigamis
1302 703 1379 732 non
1415 689 1564 733 licebat
1587 690 1828 746 dispensare

201 761 251 804 ad
285 760 572 817 suscipiendos
605 759 783 814 ordines,
816 773 888 803 seu
924 762 1030 803 inter
1064 759 1252 816 bigamos
1284 765 1401 804 erant
1435 761 1666 817 reputandi.
1712 760 1829 804 Hanc

202 831 431 888 bigamiam
461 845 509 875 ex
546 832 711 875 fictione
745 833 846 874 iuris
878 830 1215 888 subdistinguere
1247 831 1434 875 solebant
1467 831 1664 875 Doctores
1697 834 1735 874 in
1769 830 1827 874 bi-

198 901 385 959 yamiam
420 901 786 960 i'nteiqn'elalivam
809 907 849 945 et
871 900 1285 944 similitudinariam.
1311 901 1422 945 Haec
1445 902 1597 945 dicitur
1620 915 1726 959 quae
1748 905 1828 945 ori-

202 978 315 1017 retur
347 986 396 1016 ex
433 975 696 1016 matrimonio
729 977 926 1016 attentato
960 986 1054 1016 curn
1093 975 1253 1029 virgine
1286 985 1309 1016 a
1341 972 1493 1016 clerico
1528 975 1565 1015 in
1586 975 1715 1016 sacris
1737 987 1831 1017 con-

201 1046 356 1096 stituto,
394 1043 457 1087 vel
490 1043 542 1087 ab
575 1057 623 1086 eo
656 1046 724 1101 qui
759 1043 1018 1087 sollemniter
1051 1045 1089 1086 in
1126 1043 1326 1100 religione
1359 1044 1433 1087 suit
1467 1044 1687 1100 professus,
1711 1046 1828 1102 quasi

201 1119 475 1159 concurrente
508 1114 663 1171 duplici
699 1116 975 1169 matrimonio,
1010 1114 1213 1170 spirituali
1249 1127 1397 1171 nempe
1432 1114 1570 1158 valido
1603 1119 1643 1157 et
1675 1115 1831 1159 carnali

201 1190 400 1229 attentato
434 1190 473 1229 et
506 1190 805 1229 consummato.
829 1186 908 1229 Sed
935 1187 1048 1228 iuxta
1074 1185 1212 1242 plures
1231 1185 1429 1229 Doctores
1452 1198 1532 1228 non
1555 1185 1831 1230 constituebat

204 1256 553 1313 irregularitatem
589 1259 754 1313 proprie
789 1257 957 1301 (liciam.

321 1328 557 1372 Secundum
597 1328 812 1384 vulgatum
847 1330 1036 1372 axioma:
1076 1328 1232 1372 «fictio
1268 1330 1367 1372 iuris
1406 1341 1483 1371 non
1530 1327 1652 1372 habet
1695 1328 1829 1372 locum

206 1400 280 1441 nisi
326 1401 363 1440 in
408 1398 573 1442 casibus
605 1412 625 1441 a
662 1401 750 1441 iure
783 1401 1035 1455 expressis»
1074 1404 1113 1441 ut
1150 1398 1296 1455 probat
1329 1397 1547 1455 Fagnanus
1570 1397 1598 1442 ².
1632 1398 1738 1442 Hinc
1773 1398 1831 1442 bi-

204 1472 366 1526 gamiae
400 1471 740 1525 interpretativae
774 1482 894 1513 rasus
926 1469 1158 1526 accipiendi
1183 1475 1300 1513 erant
1324 1483 1372 1513 ex
1399 1471 1500 1513 iuris
1522 1482 1610 1513 can.
1637 1469 1831 1514 textibus.

322 1538 549 1583 Corruente
584 1541 749 1583 lictione
783 1546 825 1583 ut
858 1540 1140 1593 fundamento,
1174 1540 1365 1583 desinere
1398 1545 1560 1597 oportet
1594 1540 1833 1596 bigamiam,

205 1624 311 1669 quae
345 1624 423 1654 non
458 1613 509 1654 sit
544 1623 654 1654 vera.
692 1615 777 1655 Hoc
810 1611 990 1656 obtinuit
1022 1610 1161 1655 Codex
1196 1612 1403 1655 fictionem
1439 1611 1644 1668 abrogans
1676 1610 1831 1668 simpli-

205 1684 446 1740 cioremque
480 1682 659 1725 reddens
693 1682 1010 1739 legislationem,
1044 1682 1141 1726 dum
1176 1684 1318 1726 statuit
1350 1694 1504 1726 canon:
1535 1681 1834 1738 «irregulares

205 1758 300 1797 sunt
333 1767 380 1796 ex
417 1754 581 1797 defectu
606 1769 625 1794 »
654 1756 904 1797 sacramenti
926 1767 1099 1810 nempe:
1125 1755 1377 1797 matrimonii
1402 1753 1446 1796 4⁰
1472 1752 1641 1810 Biyami
1669 1755 1834 1810 proprie

206 1825 317 1875 dicti,
352 1827 546 1882 quamvis
579 1838 657 1867 non
693 1838 742 1868 ex
778 1838 853 1868 usu
888 1824 1082 1882 loquendi
1120 1827 1231 1868 iuxta
1269 1826 1382 1868 vocis
1414 1823 1724 1881 etymologiam,
1763 1823 1834 1881 qui

206 1909 351 1953 nempe
383 1900 424 1946 a)
457 1894 538 1938 (luo
572 1895 634 1938 rel
664 1895 793 1953 plura
828 1899 870 1938 ut
906 1895 999 1939 licet
1032 1895 1304 1938 matrimonia
1334 1894 1377 1953 b)
1402 1894 1559 1949 valida,
1584 1908 1660 1938 nec
1683 1895 1834 1939 sufficit

209 1979 333 2009 unum
369 1980 462 2010 cum
497 1966 627 2010 altero
663 1969 863 2023 putativo,
897 1967 937 2023 c)
970 1966 1198 2009 successive
1215 1966 1264 2009 ad
1284 1966 1587 2010 excludendam
1609 1966 1832 2023 bigamiam

206 2037 495 2081 simultaneam
531 2038 571 2092 d)
604 2043 922 2093 eontraoeerunt,
955 2040 1177 2096 statimque
1214 2037 1366 2095 bigami
1402 2038 1504 2081 fiunt
1538 2040 1731 2095 quamvis
1755 2050 1832 2080 non

206 2114 404 2166 sequatur
438 2111 475 2151 in
510 2122 590 2152 uno
628 2109 815 2153 alterove
855 2111 1118 2152 matrimonio
1156 2111 1471 2153 consummatio.
1511 2108 1623 2152 Haec
1662 2109 1835 2165 proinde

209 2182 247 2222 in
281 2178 444 2224 Codicis
478 2182 566 2223 iure
599 2193 678 2223 non
714 2182 952 2238 requiritur,
987 2193 1009 2223 e
1041 2185 1183 2224 contra
1222 2177 1355 2223 valida
1387 2183 1467 2223 sint
1500 2183 1662 2236 oportet
1694 2181 1833 2223 matri-

211 2252 359 2293 monia.

328 2321 425 2364 34⁶2..
462 2322 485 2342 “
509 2322 632 2368 Sunt
663 2323 964 2379 irregulares
997 2337 1059 2368 ex
1093 2324 1288 2369 defectu
1312 2357 1335 2378 ,‚
1370 2323 1560 2368 famae:
1590 2321 1638 2364 5⁰
1667 2320 1750 2374 Qui
1771 2320 1834 2363 iri-

209 2391 343 2449 famia
378 2392 499 2447 iuris,
534 2393 714 2436 scilicet:
754 2408 776 2434 c<
798 2405 904 2450 quae
937 2393 1102 2437 casibus
1134 2406 1156 2436 a
1191 2395 1279 2436 iure
1303 2395 1512 2436 communi
1538 2395 1743 2448 expressis
1761 2397 1837 2435 sta-

212 2465 338 2506 tuitur
362 2479 401 2515 »,
434 2468 471 2506 et
505 2463 556 2507 de
589 2476 668 2520 qua
704 2476 836 2520 poena
863 2465 1115 2508 vindicativa
1140 2468 1235 2507 sunt
1257 2476 1347 2508 can.
1373 2463 1643 2506 2293-2295:
1670 2468 1838 2519 propter

211 2535 367 2576 crimen
404 2536 528 2590 igitur
561 2539 775 2577 notantur.
809 2535 887 2578 Sed
924 2548 1079 2591 poenae
1114 2534 1235 2578 buius
1269 2538 1405 2578 notam
1425 2547 1519 2577 cum
1539 2535 1671 2577 famae
1695 2532 1838 2590 legalis

212 2604 374 2647 defectu
410 2605 692 2661 irregularitas
725 2608 1040 2649 concomitatur.
1076 2603 1281 2658 Quamvis
1311 2605 1363 2648 de
1403 2606 1569 2648 infamia
1612 2603 1719 2647 desit
1761 2603 1837 2647 De·

213 2674 429 2718 cretalium
456 2675 609 2730 titulus,
635 2682 771 2719 tamen
798 2677 1008 2719 infamiam
1036 2678 1136 2719 iuris
1158 2689 1298 2719 secum
1324 2675 1465 2718 tulisse
1490 2674 1836 2731 irregularitatem

215 2745 326 2788 nullo
362 2746 483 2789 modo
516 2753 575 2789 est
610 2746 898 2798 dubitandum,
932 2748 1026 2803 quia
1064 2749 1100 2789 in
1136 2746 1320 2790 Ecclesia
1359 2751 1419 2789 est
1459 2758 1607 2802 magna
1645 2745 1837 2789 sacerdo-

334 2901 344 2921 1
374 2899 463 2944 Cap.
493 2900 539 2933 In
566 2900 788 2944 praesentia
815 2912 853 2934 n.
883 2900 940 2934 23.
969 2900 1026 2934 De
1053 2899 1364 2944 probationibus.
