1971 3261
125 117 221 154 Gan.
249 116 453 152 1048-1049
634 115 718 150 Tl'r.
750 116 836 150 VH.
865 136 878 143 ·
906 117 962 152 De
988 119 1250 152 Matrimonia
1693 119 1762 153 545

123 236 432 282 comprehensum,
461 234 622 270 eamdem
650 235 845 270 concedens
871 235 1169 281 dispensationem
1199 247 1258 282 pro
1286 236 1358 271 foro
1387 240 1539 278 externo,
1569 236 1699 272 iubebit
1728 242 1764 272 ut

128 309 144 328 «
164 305 204 331 ea
229 294 416 330 adnotetur
443 294 478 328 in
507 293 596 329 libro
624 294 928 329 matrimoniorum
951 310 964 326 »
997 295 1039 330 ad
1069 306 1228 330 normam
1256 306 1334 330 can.
1364 293 1466 330 1046.

247 377 344 421 442.
382 378 705 434 sequentium
749 392 989 424 canonum
1034 393 1207 424 norma
1250 381 1534 425 communis.
1569 405 1619 409 —
1658 378 1761 422 Dum

124 450 177 493 de
209 449 248 493 S.
283 449 632 492 Poenitentiariae
668 450 878 503 rescriptis
914 451 1066 491 mentio
1106 452 1209 492 tacta
1245 454 1303 492 est
1340 451 1377 492 iu
1414 462 1550 506 praec.
1591 462 1764 503 canone,

129 522 338 577 sapienter
370 519 574 575 digerenti
609 516 805 562 Codicem
840 533 934 562 cum
970 522 1058 562 eius
1103 520 1220 576 plena
1266 522 1503 576 cognitione
1536 532 1583 563 ac
1618 522 1760 563 transi«

128 595 221 634 turo
253 590 304 634 ad
340 589 557 633 facultates
590 587 912 633 Ordinariorum
957 590 1182 647 delegatas,
1220 590 1351 646 logica
1399 592 1471 634 t‘uit
1516 591 1764 645 recordatio,

122 674 250 718 quam
285 661 376 704 aliis
411 662 585 703 innuere
621 673 700 703 non
734 660 941 704 dubitavit
966 675 1037 717 per
1060 676 1152 705 ean.
1179 664 1311 704 1048.
1336 661 1387 704 Si
1417 662 1568 719 petilio
1601 661 1763 719 dispen-

125 731 308 775 sationis
342 734 454 774 iuxta
491 733 802 786 inscriptionem
840 731 961 775 liuius
983 735 1130 788 capitis
1153 732 1209 775 acl
1232 732 1435 775 Sam-tam
1460 731 1608 775 Sedena
1633 732 1762 775 im'ssa

125 802 183 845 sit
206 804 244 845 in
281 803 440 858 proprii
475 801 660 845 fidelium
686 804 786 845 iuris
811 816 898 857 usu,
924 802 985 846 vel
1011 817 1061 845 ex
1087 803 1295 846 facultatis
1330 806 1520 859 propriae
1553 802 1763 846 oblivione

123 878 196 917 aut
230 875 477 929 ignorantia,
508 872 735 916 Ordinarii
769 872 953 916 locorum
988 873 1077 916 suis
1108 872 1388 931 facultalibus
1411 874 1461 917 ad
1487 886 1576 917 eam
1602 874 1764 930 dispen-

123 946 325 987 sationem
350 943 651 1000 elargiendam,
676 944 714 987 si
747 958 851 1001 quas
886 943 1065 987 habeant
1099 944 1324 1001 delegatas,
1350 957 1442 987 nam
1469 944 1519 987 de
1542 944 1764 987 ordinariis

126 1027 205 1058 non
240 1019 301 1058 est
334 1014 451 1058 locus
484 1017 656 1058 canonis
690 1017 957 1071 praescripto,
994 1020 1035 1058 ut
1071 1017 1155 1071 ipsa
1192 1015 1293 1059 llaec
1327 1015 1618 1058 conditionalis
1651 1014 1762 1058 clau-

125 1085 214 1129 sula
249 1088 373 1129 etiam
409 1087 555 1137 innuit,
590 1099 710 1129 secus
744 1091 851 1129 esset
886 1085 1053 1140 inutilis,
1078 1086 1118 1142 a)
1143 1100 1194 1128 ‘ne
1229 1091 1419 1136 utamur,
1442 1091 1481 1129 et
1505 1085 1582 1129 hoc
1606 1088 1761 1128 iussum

124 1162 200 1211 est,
235 1156 276 1212 b)
312 1156 397 1199 nisi
430 1155 486 1199 ad
519 1170 706 1199 normam
742 1158 961 1212 cansam,
995 1159 1019 1205 ξ
1054 1156 1091 1207 2,
1126 1159 1196 1214 qui
1232 1162 1367 1200 tamen
1405 1158 1570 1213 respicit
1604 1156 1764 1199 ordina-

126 1230 230 1272 riam
267 1241 433 1285 quoque
468 1232 725 1284 potestatem,
760 1227 939 1271 scilicet:
982 1243 1001 1268 c(
1025 1241 1074 1271 ex
1110 1230 1229 1284 gravi
1262 1230 1509 1285 iii-gentique
1538 1239 1689 1286 causa:
1725 1232 1763 1269 et

126 1300 165 1341 in
201 1298 278 1342 hoc
311 1311 410 1342 casu
444 1300 582 1341 statim
617 1298 881 1354 Superiorem
919 1299 969 1341 de
1005 1313 1047 1341 re
1082 1303 1277 1341 moneant
1300 1315 1339 1339 ›>.

244 1369 344 1414 443.
380 1372 594 1416 Normae
627 1372 692 1415 ad
724 1372 1182 1426 interpretationem
1217 1372 1388 1415 indulti
1417 1371 1669 1427 generalis
1696 1371 1763 1414 di-

124 1443 410 1498 spensandi.
439 1453 502 1470 *—
542 1437 647 1493 Quia
700 1445 862 1495 praeter
910 1453 1128 1483 concessas
1171 1437 1408 1484 Ordinariis
1458 1445 1679 1496 potestates
1725 1442 1762 1482 vi

122 1523 215 1555 can.
243 1511 369 1567 1043,
398 1511 523 1565 1045,
549 1510 651 1554 alias
685 1510 723 1554 lii
759 1511 893 1554 solent
926 1511 1128 1565 obtinere,
1156 1510 1218 1554 vel
1256 1510 1395 1567 plures
1428 1511 1567 1566 simul,
1594 1511 1655 1554 vel
1681 1513 1762 1554 sin-

123 1583 209 1639 guli
244 1596 266 1626 a
300 1582 367 1627 SS.
393 1582 590 1626 Romanis
614 1581 1019 1639 Congregationibus
1052 1587 1092 1625 et
1123 1595 1144 1625 a
1169 1583 1207 1626 S.
1234 1582 1570 1637 Poenitentiaria,
1594 1594 1763 1625 normae

122 1653 175 1697 ad
210 1658 322 1697 recte
358 1653 559 1697 utendum
595 1655 694 1710 ipsis
733 1653 934 1697 collectae
967 1658 1062 1696 sunt
1097 1655 1134 1696 in
1170 1653 1452 1710 sequentibus.
1489 1654 1548 1697 Ac
1584 1655 1761 1709 primum

124 1725 178 1768 de
212 1726 396 1781 ipsarum
432 1726 774 1781 interpretatione
807 1727 949 1767 statuit
982 1727 1226 1767 caor1049.
1262 1724 1290 1782 g
1324 1725 1361 1767 1.
1397 1723 1442 1766 In
1478 1723 1764 1766 'niati-inmittis

121 1795 166 1852 a)
200 1795 287 1838 sive
320 1795 551 1838 contractis
585 1795 778 1852 equidem
816 1795 999 1838 invalide
1032 1808 1080 1838 ac
1114 1794 1446 1846 convalidandis,
1483 1794 1524 1851 li)
1558 1794 1643 1837 sire
1676 1808 1765 1837 con-

125 1865 348 1909 trahendis
377 1866 474 1910 dum
502 1867 847 1923 impedimentum
883 1866 1030 1921 obstat,
1066 1866 1151 1923 qui,
1185 1869 1275 1909 sive
1306 1866 1382 1909 loci
1406 1864 1656 1910 (li-dinarius
1692 1878 1763 1922 pro

125 1938 212 1981 foro
246 1939 408 1980 interno
441 1942 511 1980 aut
545 1942 732 1991 externo,
765 1940 855 1980 sive
889 1939 1167 1981 confessarius
1200 1951 1273 1993 pro
1309 1938 1397 1980 foro
1433 1939 1594 1980 interno
1625 1948 1762 1979 sacra-

125 2007 310 2062 mentali,
328 2007 487 2065 yaudel
520 2007 687 2051 indulto
721 2007 761 2065 a)
792 2007 987 2065 qenerali
1026 2008 1207 2051 scilicet:
1253 2007 1448 2051 facultate
1491 2007 1541 2050 ad
1587 2012 1764 2063 tempus,

120 2079 174 2122 ad
207 2084 368 2123 certum
403 2092 624 2122 numerum
660 2091 846 2133 casuum,
883 2084 960 2122 etc.
995 2079 1044 2122 ad
1082 2091 1270 2121 normam
1306 2091 1396 2122 can.
1435 2078 1563 2131 1051,
1595 2077 1762 2135 dispen-

122 2149 250 2193 sandi
273 2149 316 2207 b)
341 2163 469 2208 super
497 2156 609 2193 certo
635 2149 814 2207 quodem
848 2149 1160 2207 impedimento,
1187 2150 1314 2193 idest:
1349 2149 1654 2193 determinatae
1677 2162 1766 2204 spe-

117 2223 215 2275 ciei,
253 2235 288 2264 v.
312 2235 372 2278 gr.
407 2223 792 2278 consanguinitatis,
828 2221 1053 2275 affinitatis,
1086 2226 1224 2279 polest
1261 2221 1397 2264 valide
1431 2233 1478 2263 ac
1514 2220 1638 2271 licite,
1668 2232 1761 2263 cum

119 2291 390 2336 limitatione:
425 2293 463 2347 c)
497 2292 584 2335 nisi
615 2292 659 2334 in
694 2292 784 2349 ipso
817 2291 997 2342 indulto,
1022 2294 1141 2335 cuius
1175 2297 1292 2335 tenor
1326 2291 1611 2348 inspiciendus
1634 2295 1673 2334 et
1696 2301 1762 2334 ac*

117 2367 264 2406 curate
297 2363 533 2406 servandus
557 2367 631 2415 est,
658 2361 779 2405 aliud
802 2362 1016 2405 diversum
1055 2362 1118 2405 vel
1154 2364 1411 2406 contrarium
1448 2366 1636 2418 respectu
1662 2365 1761 2418 seq·.

119 2435 384 2490 praescripti,
409 2437 589 2477 attamen
624 2446 821 2491 eoepresse
855 2434 893 2475 in
931 2432 1071 2476 verbis
1104 2435 1194 2476 eius
1228 2432 1428 2489 implicite
1460 2431 1606 2475 saltem
1636 2444 1761 2490 prae-

118 2503 336 2547 scribatur
370 2504 718 2559 faciendu1n‚etsi
754 2517 832 2547 non
867 2506 917 2547 ad
958 2503 1237 2555 validitatem;
1272 2516 1320 2548 ac
1343 2505 1531 2561 sequitur
1556 2503 1765 2559 praefatae

122 2576 338 2630 potestatis
371 2573 606 2619 obiectum:
640 2587 768 2632 super
799 2587 845 2617 eo
878 2573 1025 2631 supple
1063 2578 1222 2618 «certo
1263 2574 1606 2630 impedimento»
1644 2577 1763 2616 antea

119 2644 332 2701 explicato
375 2644 638 2703 dispensare,
671 2645 840 2688 etiamsi
882 2644 992 2688 idem
1035 2644 1378 2703 impedimentum
1411 2647 1470 2688 sic
1504 2643 1761 2687 'declaratum

118 2714 349 2773 multipleoe
379 2715 450 2772 sit,
478 2729 515 2758 v.
540 2729 600 2772 gr.
627 2717 1000 2771 consanguinitatis
1034 2715 1381 2771 impedimentum
1412 2730 1430 2755 «
1454 2716 1617 2772 quoties
1651 2726 1762 2756 com-

125 2787 262 2829 munis
295 2788 423 2842 stipes
456 2785 758 2843 multiplicatur
780 2801 819 2841 »,
840 2785 949 2842 (can.
973 2785 1098 2839 1076,
1117 2785 1144 2843 ξ
1164 2785 1220 2842 9.),
1246 2786 1457 2829 affinitatis
1489 2785 1540 2828 ad
1576 2796 1762 2827 normam

119 2868 214 2901 can.
253 2856 379 2913 1077,
414 2856 443 2914 ἓ
475 2857 513 2903 ⁶2.

211 2945 310 2974 Ben-
332 2961 351 2968 -
377 2945 502 2978 Comm.
531 2947 618 2976 Teu.
644 2945 720 2977 Coa.
746 2946 820 2975 Iur.
846 2945 928 2975 Can.
1635 2943 1672 2971 35
