1971 3261
190 145 282 181 Can.
314 143 466 179 756-757
756 142 841 176 ΤιΤ.
872 142 902 176 Ι.
932 162 944 168 ·
972 142 1029 177 De
1055 143 1261 187 Baptismo
1787 144 1833 176 49

192 264 434 320 dispensare
468 268 722 320 nequeunt»
760 266 866 318 (can,
903 261 990 319 81),
1036 275 1111 305 nec
1154 275 1202 305 ex
1246 262 1344 314 levi,
1376 262 1446 305 sed
1479 262 1604 318 ,ιη-(ιιι
1636 267 1675 304 el
1709 262 1830 305 simul

193 347 242 378 ex
281 336 437 377 motivo
473 347 545 390 per
578 334 779 376 rationem
815 345 893 376 non
931 334 1122 389 passione
1157 331 1443 388 approbandO,
1479 332 1605 375 idest:
1640 332 1831 375 raliona-

191 404 268 447 bili
300 403 350 447 (le
383 418 512 447 eausa
547 402 770 461 indalyere
805 417 877 460 pro
913 417 993 447 uno
1030 403 1090 446 vel
1129 402 1317 458 pluribus
1355 402 1521 446 casibus
1557 403 1618 446 vel
1654 403 1703 446 ad
1730 408 1831 446 tem-

195 489 270 532 pus
304 474 624 532 particulariter,
660 480 704 517 a!
737 474 1029 517 caeremoniae
1069 473 1365 532 praescriptae
1404 487 1482 531 pro
1524 473 1730 531 baptismo
1771 474 1831 517 in-

191 545 376 602 famiam
414 547 450 587 in
486 557 576 601 cap.
613 544 640 586 ll
678 546 801 587 citato
834 543 1121 586 adhibeantur
1153 543 1195 586 iii
1231 543 1440 601 baptism
1475 542 1717 587 adultorum
1744 544 1833 588 loco

193 628 335 660 carum
372 628 478 672 quae
511 615 807 659 describuntur
840 617 877 657 iu
913 627 1002 672 cap.
1037 613 1089 658 lv
1123 617 1260 658 citato.

313 687 380 730 42.
417 689 554 734 Ritus
589 701 679 743 pro
712 700 1012 744 unoquoque
1034 689 1300 744 baptismo.
1336 712 1362 717 —
1395 686 1498 731 Cum
1525 689 1562 730 in
1588 700 1678 731 can.
1703 688 1757 731 98
1782 689 1833 732 de

194 759 380 815 personis
412 762 617 801 statuatur
655 774 676 798 «
699 757 728 815 g
766 758 799 802 1.
826 757 935 800 luter
958 760 1094 801 varios
1111 757 1339 801 catholicos
1363 759 1466 801 ritus
1488 756 1562 814 (ibi
1583 757 1834 815 declaratos)

192 829 241 873 ad
280 828 393 872 illum
429 831 521 886 quis
567 831 760 885 pertinet,
807 831 926 872 cuius
976 831 1253 872 caeremoniis
1306 828 1534 885 baptizatus
1583 830 1699 873 suit»
1737 843 1831 873 cum

191 899 597 957 exceptionibusibi
633 900 864 957 explicatis,
902 912 1045 944 norma
1083 900 1291 957 generalis
1325 914 1398 957 pro
1427 900 1702 945 adscribenda
1740 904 1833 945 ritui

193 971 469 1015 determinato
505 984 679 1027 persona
714 985 762 1014 ex
802 970 1007 1027 baptismo
1041 973 1208 1027 ponitur
1233 973 1270 1014 in
1296 985 1388 1014 eaii.
1415 973 1523 1026 756,
1555 972 1583 1030 ξ
1618 972 1653 1015 l.
1693 971 1835 1015 Proles

191 1042 282 1085 rita
313 1047 542 1100 parentam
575 1042 755 1086 scilicet:
793 1045 922 1099 patris
955 1047 993 1085 ot
1028 1045 1172 1085 matris
1205 1041 1415 1100 baptizari
1447 1042 1575 1085 (lebet.

312 1112 414 1157 Cum
451 1127 528 1156 non
564 1113 698 1157 obstet
733 1116 996 1157 matrimonio
1032 1116 1134 1157 ritus
1166 1113 1403 1167 diversitas,
1440 1113 1620 1170 possibili
1646 1117 1757 1158 casui
1783 1128 1833 1158 ex

194 1187 219 1236 ξ
253 1185 275 1227 4
311 1190 419 1228 can.¹=
451 1184 534 1227 cit.¹
568 1189 680 1241 aptat
714 1197 902 1227 normam
941 1184 1258 1240 praecedentem
1293 1187 1318 1238 ἓ
1344 1185 1382 1229 ⁶2.
1408 1184 1454 1227 Si
1477 1184 1833 1243 allerpareiiliem

189 1255 404 1313 pertineat
438 1253 495 1297 ad
528 1255 655 1297 ritum
705 1254 901 1308 latinum,
951 1254 1063 1297 aller
1110 1254 1166 1297 ad
1214 1254 1482 1308 orientalem,
1523 1258 1613 1299 sive
1651 1258 1713 1299 vir
1745 1259 1835 1300 sive

194 1325 344 1369 mulier
362 1325 506 1383 proles
530 1325 766 1370 utriuslibet
790 1339 914 1370 sexus
938 1326 1026 1369 ritu
1047 1326 1189 1384 patris
1213 1326 1464 1384 baptizetur,
1482 1327 1610 1371 salvis
1628 1331 1836 1385 exceptio·

194 1395 338 1440 nibus:
374 1396 458 1439 iiisi
490 1396 612 1440 aliud
645 1397 739 1440 iure
771 1397 952 1456 speciali
983 1397 1119 1455 quoad
1168 1397 1302 1441 locum
1352 1398 1413 1441 rol
1449 1399 1584 1456 quoad
1622 1401 1744 1443 ritum
1782 1399 1835 1443 le-

192 1457 341 1524 gitime
370 1468 537 1511 condito
571 1481 618 1511 ac
654 1469 838 1512 fortassis
872 1469 1242 1512 consuetmlinario
1276 1475 1445 1512 cautum
1479 1469 1546 1512 sil.
1583 1469 1631 1513 Et
1657 1472 1694 1513 in
1719 1470 1751 1527 ξ’
1778 1471 1838 1513 2⁸²

192 1551 289 1582 casu
330 1555 350 1579 c<
374 1538 426 1581 de
460 1540 508 1582 iis
541 1541 693 1596 agitur,
728 1552 835 1597 quae
870 1553 920 1582 ex
958 1542 1045 1596 ipsa
1096 1541 1154 1583 rei
1206 1545 1351 1583 natura
1403 1542 1526 1583 ctiam
1578 1538 1835 1585 Orientalem

191 1608 438 1652 afliciunt».
476 1608 585 1652 luter
618 1609 808 1653 diversos
861 1623 960 1653 vero
1015 1613 1117 1653 ritus
1166 1609 1390 1654 orientales
1435 1615 1652 1667 parentum
1697 1610 1836 1655 Codex

193 1685 301 1724 tacet
336 1680 671 1736 praetermittam,
727 1683 862 1739 «quia
917 1693 1039 1724 unam
1094 1683 1261 1738 respicit
1310 1680 1495 1725 Latinam
1541 1681 1838 1737 Ecclesiam»,

192 1751 303 1809 (can.
351 1750 406 1808 1).

311 1821 418 1877 Quia
457 1838 554 1868 vero
591 1823 706 1867 multi
752 1829 844 1867 sunt
891 1824 1109 1868 acatholici
1150 1824 1314 1868 illorum
1352 1826 1520 1877 rituum,
1556 1828 1835 1869 necessarium

195 1895 271 1937 suit
304 1895 414 1952 quod
451 1895 565 1939 addit
597 1895 625 1954 ξ
660 1895 696 1938 3.
734 1895 779 1938 Si
814 1909 922 1938 anas
959 1901 1121 1938 lamam
1155 1895 1210 1938 sil
1244 1894 1491 1947 catholicas,
1522 1896 1665 1955 proles
1714 1895 1839 1940 lim'ies

193 1965 283 2008 ritu
306 1964 562 2024 baptizanda
596 1972 669 2009 est.
707 1967 765 2010 Ac
801 1969 906 2010 iuste
943 1980 1122 2023 prorsus,

318 2037 488 2081 Possunt
522 2050 642 2082 casus
676 2039 773 2095 tingi
812 2038 1027 2095 possibiles
1075 2051 1234 2082 canone
1284 2051 1361 2081 non
1412 2038 1720 2095 comprehensi,
1763 2052 1837 2083 nec

197 2110 363 2161 mirum,
397 2111 491 2166 quia
529 2108 640 2166 leges
673 2115 768 2153 sunt
802 2123 875 2166 pro
912 2109 973 2152 liis
1011 2126 1033 2150 «
1056 2121 1163 2167 quae
1196 2114 1236 2153 et
1251 2101 1510 2167 'frequentem
1536 2115 1572 2153 et
1599 2110 1734 2164 l'acile,
1758 2124 1836 2153 non

197 2191 304 2236 quae
339 2192 509 2236 perraro
541 2182 741 2224 eveniunt
764 2196 785 2221 ›>
816 2182 842 2223 ¹.
879 2180 963 2224 Nec
998 2185 1096 2238 puto
1132 2180 1367 2238 loquentem
1403 2180 1454 2223 dc
1490 2181 1603 2237 prole
1636 2194 1836 2225 canonem

198 2249 513 2307 intelligendum
549 2251 601 2295 de
634 2251 870 2295 adultorum
919 2252 1137 2308 baptismo,
1181 2264 1358 2309 quorum
1406 2250 1584 2295 libertati
1625 2252 1838 2296 electionis

196 2326 304 2365 esset
337 2322 577 2371 favendum,
611 2324 642 2366 si
680 2322 778 2366 niliil
817 2322 1061 2367 rationabile
1095 2322 1290 2367 obstaret.
1465 2382 1469 2384 η

316 2393 384 2436 43.
422 2395 494 2440 De
537 2409 671 2452 aqua
713 2396 969 2441 sollemnis
1012 2396 1262 2452 baptismi.
1305 2420 1332 2424 —
1380 2393 1484 2437 Can.
1532 2397 1621 2438 757
1656 2395 1684 2453 g
1720 2395 1755 2437 1.
1792 2394 1836 2437 In

196 2463 403 2522 liaplismo
437 2464 644 2519 sollemni,
681 2470 725 2509 ut
757 2466 956 2509 definitur
981 2468 1017 2508 in
1043 2478 1133 2509 can.
1159 2465 1242 2508 737
1268 2467 1293 2519 ἓ
1316 2465 1355 2521 2,
1381 2464 1619 2509 adhibenda
1644 2471 1704 2509 es!
1728 2479 1837 2523 aqica

196 2534 254 2578 ad
287 2533 362 2578 lioe
393 2536 630 2593 specialiter
680 2535 910 2587 benedicta,
959 2541 997 2579 et
1045 2540 1300 2593 quapropter
1351 2539 1388 2579 in
1440 2539 1702 2581 documentis
1736 2536 1835 2580 solet

202 2608 340 2650 vocari
375 2619 481 2664 aqua
518 2603 786 2664 baptismalis,
823 2612 863 2651 et
897 2608 947 2651 de
971 2620 1050 2665 qua
1076 2607 1230 2651 dicitur
1254 2610 1292 2650 in
1318 2607 1396 2651 Rit.
1423 2608 1539 2653 Rom.
1567 2608 1608 2665 (l.
1635 2622 1670 2651 c.
1696 2620 1785 2664 cap.
1811 2607 1837 2662 l,

199 2689 237 2719 n.
273 2676 317 2734 4)
356 2679 445 2720 «sit
480 2691 528 2721 eo
562 2691 669 2721 anno
705 2678 921 2723 benedicta
959 2680 996 2721 in
1031 2677 1211 2721 sabbato
1234 2679 1384 2722 Sancto
1422 2678 1630 2722 l'ascliatis
1656 2677 1837 2722 velSab-

199 2746 294 2790 bato
341 2747 663 2803 Pentecostes»,
715 2750 822 2806 quod
861 2751 903 2792 tit
937 2763 1031 2792 cum
1078 2751 1338 2792 immixtione
1387 2749 1624 2793 chrismatis
1672 2754 1708 2792 et
1760 2749 1838 2792 olei

318 2903 328 2923 ¹
357 2902 403 2936 D.
432 2901 518 2936 Lib.
549 2902 579 2943 I,
610 2903 676 2936 tit.
709 2903 768 2936 ΙΙΙ
795 2903 821 2937 l.
852 2905 885 2937 5.

283 2979 380 3008 BLAT
404 2995 422 3002 -
449 2980 572 3009 Comm.
603 2981 687 3009 Text.
716 2981 792 3009 Cod.
818 2981 891 3009 Iar.
919 2981 999 3009 Can.
1738 2980 1755 3007 4
