1971 3261
237 167 306 201 630
615 166 699 201 [ΑΒ.
726 166 796 201 ΙΙΙ,
823 187 835 192 -
863 166 973 201 PARS
1000 166 1030 201 Ι.
1059 187 1070 191 -
1098 167 1154 202 De
1179 167 1445 203 Sacramentis
1542 169 1634 205 Can.
1664 170 1862 206 10941095

238 292 371 335 testes,
391 288 465 328 nisi
492 287 632 339 gravis
655 297 776 328 causa
802 290 973 328 excuset
995 289 1118 342 atque
1141 285 1383 329 scandalum
1412 289 1575 330 vitetur.
1601 286 1714 340 Quos
1737 293 1860 332 testes

234 358 452 413 designare
486 369 729 411 sponsorum
766 361 839 411 esi,
875 369 952 398 non
1000 355 1181 411 parochi,
1215 360 1392 399 servatis
1425 359 1545 401 etiarn
1584 358 1860 403 laudabilibus

235 425 603 471 consuetudinibus
635 439 681 469 ac
716 427 973 470 dioecesanis
1005 429 1180 470 statutis.

351 520 619 555 Adnotandum:
647 520 683 554 in
712 520 773 555 hoc
799 524 864 554 art.
896 520 934 555 lll
963 520 1074 566 quoad
1108 521 1309 556 ministrum
1342 520 1511 557 Ecclesiae
1542 522 1589 557 uti
1618 527 1740 558 testem
1767 528 1860 558 auto-

235 580 411 615 rizabilem
441 579 666 620 matrimonii,
695 579 783 614 1111111
811 579 922 614 caveri
949 590 970 614 a
998 579 1138 614 Decreto
1163 579 1255 615 circa
1273 580 1347 615 eius
1365 580 1521 615 ordinem
1550 591 1700 624 sacrum,
1721 582 1860 627 quando

235 640 307 685 ipse
333 639 471 674 assistat
498 638 631 673 ratione
657 638 708 673 sui
737 637 851 679 0111611,
877 638 948 673 sive
974 649 1052 673 cum
1079 638 1278 673 animarum
1306 650 1388 674 cura
1409 639 1441 673 in
1465 639 1534 674 foro
1559 645 1696 675 tantum
1723 641 1861 676 interno

236 702 272 732 ut
300 697 480 742 parochus,
510 696 581 731 sive
607 697 642 730 in
672 697 742 731 foro
768 707 905 742 quoque
930 701 1084 735 externo,
1115 697 1171 742 qni
1201 697 1295 732 venit
1324 697 1464 733 nomine
1491 696 1692 742 Ordinarii;
1721 699 1861 745 quando

236 767 314 791 vero
340 766 410 790 non
436 755 568 791 assistit
608 755 743 790 ratione
783 755 924 801 praefati
961 755 1060 790 officii
1092 756 1164 790 vult
1190 756 1240 791 lex
1270 760 1306 791 ut
1331 756 1376 791 sit
1401 757 1603 792 sacerdotali
1631 758 1752 793 ordine
1779 758 1862 792 insi-

235 816 362 860 gnitus,
382 820 414 850 et
433 815 476 850 ab
495 815 612 860 aliquo
641 815 922 860 praecedentium
948 814 1200 859 delegationem
1220 815 1423 851 obtinuerit.
1446 815 1535 851 Hinc
1556 816 1724 862 parochus
1744 807 1862 852 ⁴adhuc

235 875 415 915 diaconus,
443 879 475 910 et
505 873 660 909 Vicarius
687 873 860 919 generalis
886 885 956 908 non
984 874 1143 909 sacerdos
1168 878 1201 908 et
1229 874 1415 920 Episcopus
1443 875 1598 910 nondum
1626 880 1860 918 consecratus,

237 939 380 980 possunt
405 944 479 968 esse
505 937 608 968 testes
634 932 879 968 autorizabiles
906 933 979 968 iure
1007 933 1145 978 proprio
1172 933 1201 966 vi
1232 933 1333 968 liuius
1359 935 1458 974 art.i;
1498 934 1665 969 diaconus
1702 946 1779 970 vero
1809 935 1860 970 vel

237 993 378 1028 inferior
404 992 549 1028 clericus
576 1003 646 1028 non
673 997 783 1038 potest
810 992 985 1027 habilitari
1013 992 1056 1027 ab
1084 992 1252 1038 Episcopo
1279 997 1315 1027 ut
1340 993 1437 1028 testis
1463 994 1699 1029 autorizabilis
1728 1006 1787 1040 per
1804 994 1861 1030 de-

237 1052 441 1097 legationem
472 1052 541 1087 fiat.
571 1051 666 1086 Dixi:
701 1066 715 1083 «
736 1051 766 1085 vi
796 1052 899 1086 huius
925 1052 1014 1095 arti,
1043 1063 1125 1086 nam
1152 1051 1255 1088 etiam
1295 1052 1377 1087 ordo
1415 1053 1640 1088 sacerdotalis
1666 1053 1778 1098 quoad
1804 1053 1863 1088 ali-

235 1123 320 1157 quos
348 1111 512 1156 parochos
538 1111 780 1156 requirebatur
797 1122 837 1146 ex
855 1116 919 1146 art.
943 1110 967 1145 ll
989 1125 1020 1145 ›>.
1053 1111 1096 1146 Ex
1116 1110 1217 1146 Cod.S
1238 1112 1332 1146 can.e
1357 1109 1416 1146 154
1438 1122 1559 1147 omnes
1580 1112 1741 1158 praedicti
1775 1126 1789 1144 α
1810 1123 1863 1148 sa-

235 1170 385 1206 cerdotio
412 1170 538 1205 initiati
568 1170 639 1204 sint
663 1184 693 1204 ».

355 1255 452 1297 497.
483 1256 701 1311 Regulae
723 1259 775 1300 ut
798 1257 1121 1301 matrimoniis
1144 1257 1308 1301 valide
1329 1257 1568 1305 assistant
1590 1258 1862 1302 animarum

236 1330 483 1383 pastores.
509 1351 560 1356 -
586 1324 694 1368 1111.ο
719 1324 769 1368 lV
794 1325 905 1369 Dec.i
935 1341 954 1366 «
979 1324 1036 1369 Ne
1069 1331 1227 1369 temere
1249 1342 1271 1366 »
1299 1327 1521 1370 conformis
1544 1331 1604 1369 est
1628 1341 1718 1371 ean.
1744 1329 1863 1370 1095

239 1397 405 1440 tradens
439 1396 602 1453 regulas
626 1399 730 1440 intra
756 1409 858 1454 quas
880 1401 1116 1440 coarctatur
1141 1410 1290 1440 munus
1322 1397 1458 1454 quoad
1483 1399 1759 1440 assistentiam
1782 1410 1866 1441 1113-

239 1470 441 1511 trimoniis
476 1468 780 1524 praestandam,
816 1472 858 1510 ut
890 1480 936 1511 ea
970 1470 1048 1511 sint
1087 1467 1236 1523 valida,
1270 1473 1310 1511 et
1341 1470 1400 1511 sic
1433 1471 1574 1511 statuit
1604 1467 1632 1526 ξ
1668 1469 1703 1510 1.
1739 1467 1866 1512 Paro-

238 1537 338 1581 chus
371 1544 409 1580 ei
443 1537 523 1581 loci
560 1537 820 1581 Ordiaarius
853 1540 891 1581 111
926 1551 1015 1582 6311.
1053 1551 1190 1595 praee.
1224 1538 1422 1582 declarati
1447 1538 1587 1581 aalide
1614 1541 1724 1582 iuxta
1750 1539 1864 1582 illum

237 1601 508 1652 matrimonio
543 1611 767 1666 unicuique
800 1609 1007 1652 assistunt
1043 1609 1246 1665 personali
1281 1612 1536 1666 praesentia:
1560 1634 1617 1640 —
1641 1611 1695 1654 1.⁰
1729 1610 1864 1668 quoad

238 1685 412 1736 tempus.
450 1682 479 1723 A
514 1679 583 1722 die
616 1679 920 1733 tantummodo,
941 1680 1100 1723 scilicet
1125 1693 1203 1723 uon
1229 1685 1364 1734 antea,
1387 1694 1458 1723 seu
1485 1682 1646 1723 initium
1671 1682 1868 1737 temporis

238 1763 327 1794 esse
359 1753 626 1794 coniunctum
661 1750 700 1807 a)
733 1764 827 1794 cum
872 1752 979 1794 facto
1022 1750 1201 1808 adeptae
1243 1751 1471 1794 canonicae
1509 1751 1801 1808 possessionis,
1835 1752 1867 1794 si

237 1826 385 1878 agatur
417 1821 468 1864 de
503 1823 738 1878 provisione
772 1821 936 1865 obtenta
972 1821 1159 1878 beneficii
1181 1823 1438 1879 episcopalis,
1464 1823 1684 1879 praelatitii
1712 1823 1773 1866 vel
1800 1835 1867 1879 pa-

240 1891 432 1935 rochialis
465 1893 608 1935 stricto
640 1905 761 1935 sensu
796 1892 953 1935 definiti
989 1905 1061 1949 per
1084 1906 1174 1936 can.
1203 1892 1329 1948 1409,
1353 1892 1409 1935 ad
1431 1906 1621 1936 normam
1646 1907 1736 1938 ean.
1759 1894 1867 1948 334,

237 1962 265 2020 ξ
295 1964 327 2005 3
361 1962 426 2006 ubi
465 1962 636 2016 legitur:
671 1965 914 2006 canonicam
945 1963 1162 2007 dioecesis
1200 1963 1243 2019 (<‹
1267 1963 1344 2007 sub
1387 1967 1504 2007 cuius
1547 1966 1713 2007 nomine
1757 1965 1870 2006 veuit

238 2046 405 2090 quoque
454 2033 629 2077 Abbatia
682 2033 745 2077 vel
797 2033 1030 2077 Praelatura
1077 2034 1273 2077 nullius»
1312 2047 1402 2078 can.
1437 2035 1535 2088 ⁶215,
1567 2036 1591 2088 ἓ
1625 2033 1669 2091 ⁶2)
1701 2036 1869 2090 capiunt

238 2103 428 2160 Episcopi
464 2103 508 2161 («
532 2103 608 2148 sub
647 2107 764 2147 cuius
806 2107 971 2148 nomine
1018 2107 1129 2148 venit
1173 2118 1337 2163 quoque
1380 2105 1622 2152 AbbaS.vel
1659 2105 1869 2148 Praelatus

240 2174 435 2218 nullius»
474 2188 562 2218 6311.
601 2176 696 2231 ⁶215,
730 2174 758 2233 ξ
793 2176 836 2232 ⁶2)
871 2176 1155 2219 residentiales
1186 2176 1307 2219 simul
1333 2179 1443 2220 acin
1479 2179 1564 2233 ipsa
1599 2177 1776 2220 dioecesi
1805 2175 1867 2219 vel

242 2260 314 2302 per
345 2260 388 2289 se
425 2246 486 2289 vel
523 2260 594 2303 per
629 2252 938 2303 procuratorem
973 2247 1220 2304 apostolicas
1255 2247 1411 2292 litteras
1442 2246 1629 2303 Capitulo
1667 2247 1869 2291 ecclesiae

239 2316 489 2360 cathedralis
523 2317 791 2369 ostenderint,
826 2323 1040 2374 praesente
1073 2320 1297 2362 secretario
1330 2316 1505 2374 Capituli
1534 2317 1596 2361 vel
1620 2317 1869 2361 cancellario

239 2386 402 2439 Curiae,
437 2390 505 2443 qui
543 2401 627 2430 rem
663 2390 701 2430 in
737 2393 826 2431 acta
863 2389 1011 2432 referat
1034 2404 1074 2444 ))‚
1109 2394 1148 2432 et
1181 2402 1272 2432 can.
1308 2391 1441 2444 1444,
1474 2389 1502 2447 ξ
1534 2392 1556 2431 1
1581 2390 1592 2411 ¹
1628 2389 1763 2446 quoad
1801 2401 1868 2444 pa-

243 2458 434 2502 rochialis
480 2458 668 2503 beneficii
715 2461 1029 2515 possessionem,
1064 2459 1126 2502 vel
1161 2459 1202 2516 b)
1237 2473 1331 2503 cum
1376 2461 1575 2503 exercitio
1615 2459 1713 2502 iiiiii
1745 2458 1872 2516 officii

240 2542 334 2572 611111
369 2531 600 2572 31111113111111
636 2542 750 2584 cura,
784 2532 815 2573 si
852 2529 928 2573 hoc
961 2543 1040 2574 non
1075 2532 1298 2574 constituat
1332 2529 1604 2578 beneficium:
1635 2535 1759 2587 atque
1783 2542 1872 2586 per-

240 2599 361 2642 durat
395 2600 492 2642 dum
530 2599 733 2657 parochus
766 2605 806 2643 et
838 2598 1087 2645 Ordinarius
1112 2600 1187 2644 loci
1212 2614 1334 2644 sensu
1359 2599 1522 2645 Codicis
1548 2603 1701 2657 possint
1734 2599 1873 2656 appel-

359 2718 369 2739 1
398 2717 491 2752 Can.
524 2719 627 2756 1444,
656 2722 675 2759 ξ
706 2720 733 2752 1.
767 2718 903 2752 Missio
938 2719 978 2752 in
1015 2716 1198 2753 beneficii
1232 2718 1518 2763 possessionem
1553 2718 1621 2752 fiat
1656 2717 1871 2753 secundum

241 2765 398 2798 modum
427 2765 509 2799 iure
536 2765 723 2810 peculiari
750 2765 1049 2811 praescriptum,
1068 2766 1130 2800 vel
1150 2766 1329 2809 legitima
1347 2765 1636 2799 consuetudine
1656 2771 1870 2810 receptum,

241 2812 320 2845 nisi
347 2813 460 2846 iuxta
485 2824 533 2846 ex
559 2823 677 2847 causa
704 2812 939 2847 Ordinarius
957 2813 1004 2847 ab
1031 2825 1074 2847 eo
1093 2813 1206 2847 modo
1232 2824 1301 2847 seu
1328 2813 1410 2846 ritu
1436 2824 1618 2858 expresse
1646 2813 1685 2846 in
1713 2811 1873 2857 scriptis

241 2859 551 2903 ‹lispensaverit;
581 2870 657 2904 quo
685 2860 724 2893 in
752 2872 845 2894 casu
873 2860 967 2894 haec
994 2860 1237 2905 dispensatio
1264 2860 1393 2894 locum
1419 2864 1531 2894 tenet:
1564 2866 1698 2904 captae
1724 2870 1871 2905 posses-

244 2918 375 2940 sronis
396 2923 424 2940 »,
