1971 3261
201 149 270 183 704
605 148 689 182 Lm.
719 147 791 182 ΙΙΙ.
818 167 831 174 -
858 147 968 182 PARS
991 148 1022 183 Ι.
1051 169 1063 203 7
1090 149 1147 184 De
1172 149 1438 185 Sacramentis
1503 150 1596 187 Can.
1623 152 1826 188 1142-1143

201 282 338 312 meum
373 267 621 312 consilium:
657 272 753 323 puto
786 272 923 310 autem
957 268 1066 325 quod
1101 272 1141 311 et
1173 281 1251 325 ego
1273 268 1470 325 Spiritum
1495 269 1567 313 Dei
1591 270 1823 315 habeam».
1894 259 1898 261 Α

202 339 275 382 His
319 343 455 381 tamen
501 337 641 381 verbis
683 340 980 392 praemiserat:
1026 337 1216 382 «Mulier
1257 339 1425 396 alligata
1467 345 1526 384 est
1560 340 1639 398 legi
1673 346 1826 399 quanto

201 416 387 466 tempore
422 411 485 451 vir
517 411 606 452 eius
641 410 772 452 vivit:
806 409 915 466 quod
950 411 982 451 si
1016 409 1233 453 dormierit
1259 413 1322 453 vir
1342 412 1443 463 eius,
1468 410 1639 455 liberata
1663 418 1737 468 est,
1760 416 1826 457 cui

204 480 291 523 vult
324 478 478 528 nubat;
516 484 671 522 tantum
708 481 746 522 in
782 478 957 523 Domino
981 495 1021 524 n.
1054 479 1163 537 Ergo
1195 480 1403 524 secundae
1425 486 1563 525 tamen
1587 485 1766 540 proprie,
1783 489 1827 527 ut

202 553 466 607 prosequitur
499 562 645 604 canon,
679 555 718 592 et
751 549 990 603 ulterioreS,
1024 553 1184 605 tertiae,
1218 558 1404 608 quartae,
1437 552 1613 610 nuptiae
1634 556 1746 597 iuxta
1772 556 1828 597 in-

198 623 465 677 scriptionem
501 620 667 677 Capitis,
702 634 780 664 non
817 621 998 678 loquitur
1030 624 1138 665 enim
1173 622 1395 679 Apostolus
1426 623 1478 667 de
1501 623 1597 667 solis
1618 625 1825 681 secundis,

201 691 380 746 validae,
405 705 498 735 nam
535 694 640 735 inter
672 692 948 735 Armenorum
983 706 1147 736 errores
1179 705 1200 736 a
1224 692 1377 736 Bened.
1402 693 1475 737 ΧΠ
1497 697 1717 739 damnatus
1738 701 1826 740 est:

205 779 228 804 «
251 763 319 806 49.
351 765 383 806 si
417 765 509 820 quis
542 765 718 819 accipiat
750 765 912 806 tertiam
963 762 1184 820 (uxorem),
1228 763 1289 807 vel
1324 769 1513 822 quartam
1547 766 1829 824 etdeinceps,

203 847 281 876 non
317 838 449 889 potest
486 832 645 876 absolvi
681 846 753 889 per
776 846 919 876 eorum
959 833 1203 889 Ecclesiam,
1226 837 1322 892 quia
1346 834 1489 878 dicunt
1511 835 1620 893 quod
1644 836 1724 880 tale
1748 850 1828 880 ma-

203 906 441 947 trimonium
476 905 693 947 fornicatio
726 909 850 958 est»,
883 909 922 946 et
955 903 1100 947 licitae
1130 910 1243 958 sunt,
1278 907 1361 948 imo
1392 906 1441 949 ad
1476 919 1663 949 normam
1707 920 1827 964 capp.

202 974 480 1018 Decretalium
516 975 539 1017 4
575 980 614 1018 et
649 975 672 1018 5
705 974 789 1019 cit.i
823 974 898 1018 tit.¹
931 977 1090 1019 etiamsi
1132 976 1281 1019 «infra
1316 981 1478 1033 tempus
1501 976 1635 1020 luctus
1656 977 1830 1030 (scilieet

203 1049 324 1090 unius
356 1048 450 1089 anni
484 1044 682 1102 spatium)
718 1044 902 1100 nubat»,
936 1051 979 1089 ut
1012 1045 1066 1089 ibi
1103 1045 1313 1103 probatur,
1357 1061 1450 1091 cum
1497 1050 1535 1091 in
1576 1050 1829 1105 professione
1882 1068 1886 1072 ·

202 1117 297 1161 fidei
332 1115 629 1160 Waldensibus
670 1119 885 1160 conversis
925 1119 1178 1173 praescripta
1224 1118 1411 1174 legatur:
1461 1134 1484 1160 <‹
1507 1133 1581 1163 nec
1614 1123 1737 1164 etiam
1771 1134 1830 1164 se-

202 1188 337 1232 cunda
371 1193 410 1230 et
444 1187 638 1230 ulteriora
676 1189 937 1230 matrimonia
971 1188 1355 1232 condemnamus».

320 1259 382 1302 Ad
420 1258 637 1302 liceitateni
674 1272 773 1301 vero
807 1271 949 1301 earum
984 1261 1220 1316 nuptiarum
1255 1260 1363 1317 quod
1398 1263 1556 1318 attinet,
1590 1261 1757 1305 additur
1790 1264 1827 1305 in

202 1343 359 1373 canone
393 1328 606 1372 clausula:
641 1328 761 1385 firmo
789 1329 1057 1387 praescripto
1088 1344 1178 1373 can.
1215 1333 1348 1384 1069,
1370 1331 1398 1389 ξ
1419 1333 1464 1386 2,
1488 1345 1666 1388 nempe:
1705 1348 1725 1374 <c
1749 1346 1828 1376 non

204 1401 298 1444 licet
330 1400 440 1444 aliud
476 1399 826 1457 (matrimonium)
858 1400 1118 1455 contrahere,
1141 1406 1363 1459 antequam
1388 1402 1438 1445 de
1461 1405 1611 1459 prioris
1627 1402 1829 1447 solutione

204 1474 297 1528 (per
330 1473 518 1527 coniugis
551 1469 726 1524 obitum)
761 1471 946 1527 legitime
979 1476 1018 1515 et
1049 1476 1163 1515 certo
1195 1474 1487 1529 constiterit»,
1522 1478 1643 1530 prout
1676 1473 1830 1518 ibidem

202 1542 458 1586 declaratum
494 1542 581 1584 suit.
615 1539 734 1594 Quod
772 1544 1072 1598 praescriptum
1107 1542 1279 1598 pleniori
1315 1546 1473 1587 ratione
1516 1544 1639 1587 tradit
1670 1557 1760 1600 cap.
1805 1545 1829 1587 2

207 1615 263 1655 tit.
299 1614 365 1655 cit.
400 1610 696 1665 Decretalium,
739 1611 903 1655 dicente
945 1611 1070 1656 Lucio
1107 1612 1187 1655 lll:
1225 1612 1470 1657 «Dominus
1501 1627 1550 1658 30
1592 1615 1831 1672 redemptor

205 1687 386 1727 noster...
420 1687 458 1725 et
502 1684 632 1725 intra:
667 1682 772 1725 Sane
803 1696 928 1739 super
962 1685 1247 1735 matrimoniis,
1286 1697 1392 1741 quae
1425 1685 1594 1742 quidam
1627 1699 1678 1729 ex
1713 1685 1831 1730 vobis

204 1753 405 1812 (nondum
441 1752 578 1796 habita
603 1752 793 1796 obeuntis
824 1756 1013 1810 coniugis
1045 1755 1311 1812 certitudine)
1345 1760 1669 1799 contraxerunt:
1704 1756 1742 1800 id
1766 1770 1832 1800 vo-

205 1825 267 1869 bis
292 1824 614 1881 respondemus:
650 1829 692 1867 ut
715 1824 853 1867 nullus
879 1826 1001 1868 modo
1024 1826 1075 1869 ad
1099 1826 1304 1869 secundas
1327 1829 1490 1883 nuptias
1514 1831 1696 1883 migrare
1719 1840 1832 1884 prae-

204 1901 352 1948 sumat,
386 1895 518 1938 donec
552 1897 588 1938 ei
622 1900 780 1938 constet
814 1895 935 1951 (bona
970 1896 1257 1954 conscientia),
1305 1897 1414 1954 quod
1448 1897 1500 1941 ab
1532 1897 1609 1941 hac
1644 1901 1726 1942 vita
1761 1901 1832 1941 mi-

205 1969 389 2024 graverit
422 1968 572 2009 coniux
608 1967 708 2008 eius.
745 1992 798 1997 —
832 1967 871 2010 Si
909 1980 1008 2010 vero
1041 1967 1190 2025 aliquis
1217 1967 1279 2011 vel
1304 1968 1440 2025 aliqua
1466 1968 1504 2012 id
1529 1968 1728 2013 haetenus
1751 1982 1829 2012 non

185 2040 402 2088 servavit,
438 2041 477 2080 et
509 2038 560 2080 de
598 2042 729 2080 morte
774 2039 922 2094 prioris
964 2041 1154 2094 coniugis
1197 2038 1332 2082 adhuc
1365 2039 1442 2083 sibi
1476 2042 1686 2083 existimat
1718 2039 1833 2084 dubi-

204 2109 392 2162 tandum,
424 2111 459 2151 ei
493 2121 599 2165 quae
632 2108 708 2151 sibi
744 2111 895 2164 nupsit,
928 2108 1113 2163 debitum
1149 2122 1227 2152 non
1262 2110 1439 2166 deneget
1461 2110 1696 2166 postulanti,
1720 2112 1828 2168 quod

206 2191 229 2222 a
261 2192 304 2222 se
337 2184 473 2222 tamen
518 2182 685 2222 noverit
726 2179 962 2223 nullatenus
1004 2180 1269 2236 exigendum.
1310 2178 1429 2233 Quod
1463 2184 1495 2224 si
1532 2186 1621 2237 post
1662 2181 1740 2225 hoc
1781 2181 1831 2225 de

205 2252 355 2307 prioris
387 2252 574 2306 coniugis
608 2252 692 2293 vita
726 2252 971 2304 constiterit,
1004 2249 1063 2305 (in
1099 2255 1274 2308 utroque
1318 2252 1423 2308 foro)
1455 2251 1608 2295 reliotis
1640 2252 1834 2296 adulteri-

206 2323 268 2364 nis
301 2320 416 2378 (tunc
452 2323 614 2378 proprie
648 2334 695 2365 ac
730 2321 977 2378 formaliter)
1012 2321 1311 2378 complexibus,
1336 2323 1385 2366 ad
1412 2324 1591 2379 priorem
1610 2325 1829 2380 coniugem

208 2397 442 2436 revertatur
464 2408 503 2433 )).

327 2464 423 2506 559.
460 2464 602 2510 Circa
634 2466 918 2511 sollemnem
957 2467 1233 2522 nuptiarum
1266 2468 1673 2518 benedictionem,
1706 2477 1829 2522 quam

209 2534 478 2577 moderantur
511 2548 600 2578 can.
637 2535 766 2588 1101,
808 2535 936 2589 1102,
978 2540 1178 2578 statuerat
1209 2548 1300 2591 cap.
1335 2536 1359 2578 3
1392 2538 1461 2579 cit.
1495 2539 1578 2580 tit.:
1617 2534 1734 2578 «Vir
1765 2548 1832 2578 au·

207 2608 288 2647 tem
327 2603 389 2647 vel
426 2604 575 2648 mulier
597 2605 646 2648 ad
685 2605 907 2661 bigamiam
941 2607 1158 2658 transiens,
1190 2619 1269 2648 non
1305 2606 1430 2649 debet
1452 2618 1472 2649 a
1498 2605 1739 2662 presbytero
1763 2605 1830 2650 be-

208 2674 371 2718 nedici:
406 2677 499 2731 quia
534 2689 627 2718 cum
660 2675 739 2718 alia
777 2678 866 2718 vice
902 2675 1106 2719 benedicti
1139 2678 1233 2730 sint,
1267 2690 1410 2719 eorum
1436 2676 1668 2720 benedictio
1692 2678 1830 2720 iterari

209 2758 287 2788 non
322 2744 506 2788 debet».
540 2745 694 2789 Eadem
729 2746 780 2788 de
812 2758 936 2789 causa
980 2759 1176 2803 expresse
1218 2747 1407 2790 decernit
1449 2761 1537 2789 can.
1584 2748 1710 2790 1143.
1742 2746 1830 2790 Non

210 2816 391 2872 loquitur
423 2816 474 2859 de
511 2817 649 2869 viduo,
682 2817 751 2859 sed
788 2815 959 2871 Mulier,
991 2820 1088 2874 quia
1122 2816 1226 2861 hanc
1259 2820 1481 2874 praecipue
1516 2820 1681 2874 respicit
1713 2816 1833 2861 bene-

207 2887 424 2942 dicti0,„ut
457 2886 607 2943 legenti
641 2899 732 2930 eam
769 2891 889 2942 patet,
925 2887 992 2930 cui
1024 2887 1151 2930 semel
1192 2886 1420 2932 benedictio
1461 2887 1677 2931 sollemnis
1715 2887 1832 2931 nobis

1934 0 1971 1384 „ssQme-fss‘fflssw
