1971 3261
95 149 190 186 Can.
216 149 288 184 990
668 149 752 184 TIT.
783 150 848 184 VI.
879 171 889 176 -
920 152 973 185 Dc
1004 151 1148 187 Ordine
1663 155 1731 188 449

97 270 238 323 ctioni,
257 268 298 323 a)
321 267 362 310 in
389 267 555 311 casibus
589 268 763 311 occultis
796 273 918 313 etiam
954 271 1274 327 dispensationis
1308 277 1493 328 tempore
1518 272 1557 327 b)
1583 286 1730 328 arqen-

98 337 276 382 {iori'bus
309 338 418 396 quod
458 338 632 382 verbum
668 339 924 395 explicatur:
962 341 1002 383 in
1039 341 1187 398 quibus·
1210 341 1252 398 a)
1281 342 1541 385 (bviimrrius
1564 343 1612 386 ad
1640 356 1731 386 nor-

97 421 206 452 mam
239 410 264 462 g
290 408 326 451 1¹
352 413 594 465 competens
626 408 743 452 adiri
777 416 952 467 nequeat
987 411 1155 467 physica
1195 412 1256 455 iel
1295 413 1438 455 morali
1476 412 1735 470 impossibili·

96 484 178 523 tate
204 478 325 536 (baec
359 479 540 523 conditio
575 492 682 523 nova
716 483 864 524 omissa
892 485 928 524 in
955 481 1163 539 Decicto),
1192 482 1235 539 b)
1261 489 1299 525 et
1330 483 1562 540 periculum
1600 483 1732 526 inenti-

95 555 193 593 neat
225 550 455 594 secundum
496 550 757 606 prudentiam
795 553 1062 595 iudicandum
1101 558 1312 610 tamquam
1350 567 1493 597 revera
1539 557 1733 608 existens,

95 621 347 664 disiunctive
388 622 534 678 yracis
577 621 723 664 (Ιιιηιηί
764 636 1126 681 (μιοι-ιιιηουιηψιο
1172 624 1371 668 bonorum
1415 625 1475 667 rel
1514 625 1733 683 iiofamiae,

96 691 206 748 quod
241 691 401 735 facilius
445 692 636 736 accidere
680 698 829 750 posset,
863 708 911 736 ex
950 694 1238 750 prohibitionis
1282 695 1564 746 observantia,
1597 708 1618 739 a
1652 708 1730 753 qua

95 755 175 805 non
215 767 528 806 «excusatur»
569 766 607 806 vi
652 776 741 809 can.
780 764 906 818 2232,
945 768 970 814 ,ξ
1008 766 1042 819 l,
1086 779 1179 808 cum
1227 766 1515 822 irregularitas
1559 780 1637 809 non
1681 768 1733 809 sit

96 845 241 889 poena,
277 832 381 877 bene
426 838 561 877 tamen
606 834 825 878 delicientc
869 837 1137 891 confessario,
1174 842 1446 880 excusaretur
1484 851 1532 880 ex
1573 837 1731 893 epikeia

95 907 216 947 caute
249 904 426 952 utenda:
463 904 652 948 limitatio
685 910 824 949 autem
861 920 970 949 nunc
1003 920 1215 963 expressa,
1240 920 1318 950 non
1347 921 1444 950 vero
1470 910 1506 950 in
1532 907 1728 951 Dccrcto:

94 974 168 1018 sed
200 974 256 1018 ad
289 974 364 1019 lior
397 975 621 1019 (leerittaoeal
654 978 1010 1034 consequendum,
1040 983 1085 1020 u!
1116 978 1349 1034 poenitens,
1386 979 1558 1035 proinde
1582 981 1619 1021 in
1645 980 1731 1021 soro

94 1046 386 1091 sacramentali
411 1059 458 1091 ac
484 1060 556 1103 pro
582 1048 669 1090 foro
694 1050 854 1091 interno
877 1048 1191 1104 dispensandus,
1217 1048 1388 1091 ordines
1413 1050 1494 1092 iam
1520 1056 1732 1106 susceptos

95 1130 382 1175 quoscumque
415 1122 539 1175 atque
572 1117 743 1162 ubilibet
767 1131 814 1162 ac
837 1132 1015 1175 semper,
1041 1133 1118 1162 non
1148 1133 1220 1176 pro
1256 1119 1324 1163 illo
1356 1120 1442 1163 solo
1478 1123 1732 1164 necessitatis

93 1201 205 1242 casu,
230 1202 424 1231 eoeercere
457 1188 572 1231 licite
604 1188 758 1232 valeat.
782 1188 887 1233 Hinc
913 1195 1099 1233 remanet
1126 1191 1369 1246 irregularis
1393 1191 1527 1248 quoad
1553 1191 1728 1235 alterum

96 1259 287 1303 eflectum
325 1262 362 1302 in
397 1259 440 1313 ξ’)
476 1260 494 1302 1
532 1272 622 1303 can.
658 1261 740 1303 568
775 1274 1030 1317 expressum.

217 1330 315 1373 367.
357 1332 701 1387 competentia
762 1333 1071 1377 diversarum
1126 1334 1221 1380 RR.
1279 1335 1732 1390 congregationum

99 1404 232 1449 circa
263 1403 662 1458 dispensationes
696 1405 760 1448 ab
793 1404 1244 1459 irregularitatibus
1290 1406 1499 1461 aliisque
1532 1407 1730 1462 impedi‘

99 1475 292 1519 mentis.
323 1498 380 1502 —
415 1471 455 1515 ln
491 1472 567 1516 hac
602 1485 645 1516 re
678 1473 933 1517 secernenda
966 1479 1061 1517 sunt
1099 1479 1293 1518 accurate
1336 1480 1446 1518 certa
1482 1475 1532 1518 ab
1566 1478 1733 1519 incertis

96 1546 220 1587 etiam
257 1548 345 1600 post
378 1542 589 1598 Codicem‚
625 1549 745 1600 prout
779 1543 847 1588 illa
886 1550 1090 1588 eruuntur
1122 1559 1170 1588 ex
1208 1551 1337 1589 const.
1376 1546 1600 1603 «Sapienti
1635 1559 1731 1590 con-

96 1614 187 1659 silio
210 1630 230 1656 ))
256 1615 268 1637 ¹
294 1628 342 1658 ex
363 1613 529 1658 Normis
552 1615 727 1658 adnexis
752 1614 806 1657 illi
833 1616 976 1660 const.i
1000 1621 1038 1659 et
1061 1629 1110 1659 ex
1131 1615 1489 1660 Declarationibus
1511 1619 1549 1660 5.
1569 1616 1734 1673 (longi-‚⁸

95 1685 416 1730 Concistorialis.
435 1710 493 1717 -
511 1685 537 1728 1.
566 1686 641 1729 Pro
666 1688 753 1729 foro
780 1689 954 1742 interno,
980 1688 1104 1730 etiam
1131 1687 1555 1741 exn-asaei·ameniaii,
1574 1688 1611 1732 S.
1636 1688 1732 1731 l'oe-

97 1759 331 1801 nitentiaria
368 1761 500 1813 potest
534 1757 776 1814 dispensare
808 1757 860 1802 ab
892 1757 1084 1802 omnibus
1117 1758 1509 1814 irregularitatibus‚
1530 1764 1569 1802 ct
1596 1759 1731 1816 quoad

98 1841 243 1872 ornnes
278 1840 487 1884 personaS,
513 1830 637 1871 etiam
673 1828 901 1884 religiosas,
924 1833 994 1872 aut
1016 1828 1054 1873 S.
1079 1828 1244 1885 Congi·.¹
1267 1829 1318 1872 de
1344 1829 1611 1886 Propaganda
1637 1828 1733 1872 Fide

98 1903 167 1942 aut
201 1898 318 1943 alteri
356 1913 427 1956 pro
462 1898 647 1943 Ecclesia
681 1897 884 1944 Orientali
919 1899 1139 1944 subiectas
1174 1899 1451 1943 Nihilominus
1484 1900 1617 1957 quoad
1653 1913 1736 1943 am·

100 1969 345 2026 plitudinem
383 1972 581 2013 materiae
613 1970 983 2026 dispensationum,
1004 1970 1331 2014 considerandae
1354 1976 1445 2014 sunt
1471 1970 1735 2014 limitationes

97 2053 198 2084 suae
244 2043 458 2097 potestatis
499 2046 594 2084 ante
638 2043 705 2084 cit.
740 2046 900 2085 const.m
935 2043 1067 2084 forsan
1118 2045 1307 2084 statutae.
1345 2041 1383 2084 ln
1421 2044 1535 2098 praxi
1569 2054 1735 2097 semper

101 2116 230 2169 potest
266 2125 313 2156 ac
348 2111 471 2155 debet
514 2114 566 2156 ad
607 2114 737 2168 ipsam
783 2125 975 2155 recursus
1018 2111 1176 2156 baberi.
1229 2111 1314 2168 lpsa
1360 2114 1484 2166 enim,
1517 2114 1549 2155 si
1582 2117 1735 2166 careat,

99 2181 263 2226 curabit
295 2182 347 2226 de
380 2182 575 2226 facultate
608 2195 630 2227 a
654 2182 692 2226 S.
719 2183 915 2226 Pontifice
948 2182 1186 2227 obtinenda.
1206 2208 1262 2213 —
1283 2183 1325 2225 ll.
1355 2183 1429 2226 Pro
1453 2184 1539 2226 soro
1563 2188 1735 2226 externo

103 2253 145 2310 a)
176 2251 325 2310 Congr.
361 2256 538 2310 negotiis
573 2254 860 2310 religiosorum
909 2254 1110 2297 sodalium
1163 2256 1439 2310 praeposita»
1478 2258 1537 2297 est
1570 2266 1734 2310 compe-

102 2327 192 2367 tens
229 2338 348 2381 «pro
381 2323 594 2368 sodalibus
627 2324 874 2381 religiosis»
916 2324 1023 2381 (can.
1060 2325 1157 2379 ⁶251,
1188 2325 1217 2382 ξ
1249 2323 1292 2380 3)
1326 2328 1367 2367 et
1398 2325 1565 2381 quidem
1599 2324 1733 2381 quoad

101 2394 287 2451 singulos
331 2395 650 2452 irregularitatis
697 2396 882 2439 effectus.
917 2395 955 2438 ld
991 2396 1282 2438 contirmatum
1318 2400 1377 2438 est
1416 2397 1498 2437 «in
1536 2394 1734 2451 peculiari

101 2470 222 2509 coetu
257 2465 470 2510 Emorum.
508 2466 672 2510 Patrum
709 2469 821 2510 iuxta
858 2479 948 2509 can.
976 2466 1057 2508 245
1091 2466 1188 2509 (lod.
1216 2465 1318 2509 luris
1350 2465 1544 2509 Canonici
1580 2478 1600 2508 a
1636 2465 1734 2509 Bea-

102 2538 260 2580 tissimo
287 2537 403 2580 Patre
426 2537 737 2594 designatorum
763 2552 803 2590 »,
822 2537 988 2594 (plaudo
1012 2553 1034 2577 α
1058 2539 1277 2593 propositis
1300 2536 1460 2581 dubiis:
1483 2562 1536 2567 —
1556 2536 1620 2579 lll.
1642 2535 1734 2579 Cui-

103 2619 197 2651 nam
232 2606 553 2664 Congregationi
587 2610 864 2664 competentia
900 2607 1118 2651 tribuenda
1142 2609 1193 2650 sit
1216 2608 1350 2664 quoad
1387 2607 1734 2664 dispensationem

103 2677 154 2721 ad
188 2675 369 2722 Ordines
401 2691 540 2722 sacros
576 2678 835 2735 recipiendos
868 2690 888 2721 3
924 2677 1142 2734 Religiosis
1179 2680 1268 2721 sive
1301 2692 1350 2721 ex
1387 2679 1547 2722 delectu
1593 2680 1738 2721 aetatis

102 2750 193 2792 sive
226 2747 278 2792 ab
312 2749 632 2804 irregularitate,
666 2751 755 2792 sive
788 2749 922 2806 quoad
968 2748 1069 2792 alias
1112 2748 1384 2804 conditiones,
1419 2761 1525 2806 quac
1558 2749 1607 2792 ad
1640 2762 1735 2791 con-

223 2901 234 2922 1
261 2900 307 2934 29
334 2900 423 2934 Iun.
454 2900 557 2942 1908,
584 2900 659 2935 CO.
687 2900 717 2941 1,
747 2900 864 2935 7-108.

189 2978 285 3007 BLAT
308 2994 327 3001 -
353 2979 478 3008 Comm.
511 2979 595 3008 Text,
621 2978 697 3007 Cod.
723 2979 796 3007 [τιν.
825 2979 908 3007 Can.
1617 2978 1655 3005 29
