1971 3261
107 153 201 189 Gan.
227 153 297 188 824
488 152 573 186 Ti‘r.
602 151 674 185 III.
703 171 715 176 -
741 150 799 185 De
823 153 1075 185 sanctissima
1102 151 1355 185 Eucharistict
1670 151 1738 183 153

110 280 299 331 terquam
333 272 375 315 ιή
407 270 475 314 dte
506 270 758 316 Natiuitatis
795 269 977 324 Danuui,
1010 284 1082 326 pro
1114 271 1233 313 cuius
1279 268 1442 313 duabus
1493 269 1554 313 vel
1605 270 1738 314 tribus

108 344 240 388 Missis
281 342 539 400 applicandis
585 344 688 385 iusta
723 341 987 397 eleemosyna
1023 343 1151 397 recipi
1200 345 1343 397 potest,
1389 341 1497 397 quod
1538 341 1737 398 implicite

109 428 239 460 canon
273 415 505 467 contii-mat,
537 426 615 471 pro
649 412 753 465 alia,
789 417 828 455 ut
862 425 984 468 supra
1020 411 1282 455 celebranda.
1306 411 1611 470 eleemosynam
1634 414 1735 456 reei-

105 500 206 545 pere
239 485 395 543 nequit,
430 485 532 528 bene
566 489 702 527 autem
740 488 869 539 potest
905 483 1010 526 lianc
1033 483 1242 540 applicare
1265 484 1522 527 satisfaciens
1546 498 1594 527 ex
1621 485 1738 529 titulo

107 557 188 601 alio
221 569 300 600 non
335 555 551 599 lucrativo.
587 554 737 598 Contra
771 566 970 597 canonem
1006 559 1142 596 autem
1180 556 1383 610 recipiens
1405 555 1655 611 stipendium
1682 570 1745 600 re—

107 631 277 672 stituere
311 627 417 670 istud
448 626 617 669 deberet
665 624 726 668 vel
763 624 884 667 aliam
932 626 1097 667 missam
1142 624 1366 681 applicare,
1411 630 1550 681 utpote
1593 639 1739 669 carens

115 715 134 739 «
159 701 263 742 iusto
296 697 413 741 titulo
446 710 466 740 a
501 698 629 740 sacris
662 695 891 739 canonibus
928 695 989 738 vel
1024 708 1045 738 a
1081 695 1262 751 legitima
1296 696 1595 739 consuetudine
1630 710 1744 741 reco—

109 772 222 828 gnito
246 785 264 811 ))
303 774 427 826 atque
461 769 710 821 necessario,
747 774 787 810 ut
826 783 844 807 <‹
871 780 947 809 non
983 766 1187 810 habeatur
1218 769 1439 810 simonia»
1479 769 1516 810 iu
1551 780 1646 811 casu
1686 769 1736 811 ad

107 853 294 884 normam
330 853 420 883 can.
455 839 553 881 730.
588 837 722 881 Monet
749 837 892 880 ultimo
915 850 1069 881 canon:
1095 843 1267 895 excepta
1290 837 1436 894 aliqua
1460 838 1738 881 retr'ilieclione

106 925 157 954 ez·
186 910 308 954 tilulo
332 910 567 952 ero-insero
594 911 740 951 missae
764 908 1031 952 celebrationi
1057 913 1094 951 et
1119 908 1399 964 applicationi‚
1427 922 1462 952 r.
1487 923 1546 965 gr.
1570 914 1740 965 propter

107 982 344 1026 dilationem
375 980 666 1024 celebrationis
690 982 727 1022 in
754 979 911 1022 tardam
940 978 1097 1032 lioraui,
1125 983 1291 1035 propter
1315 981 1391 1022 iter
1415 980 1581 1035 longum
1609 994 1740 1037 usque

107 1054 156 1097 ad
191 1052 481 1096 celebrationis
516 1051 667 1104 locum,
701 1055 867 1107 propter
899 1050 1025 1093 alium
1077 1050 1258 1093 laborem
1306 1050 1572 1093 celebrationi
1617 1065 1738 1108 supe-

111 1123 333 1177 radditum,
367 1126 444 1166 etc.

229 1228 352 1264 Bened.
382 1227 444 1262 PB.
476 1226 534 1262 XV
563 1227 598 1261 in
627 1225 664 1262 C.
695 1240 709 1258 α
731 1226 954 1261 lncruentum
978 1239 991 1257 »
1016 1227 1025 1247 ί
1053 1225 1121 1260 ait:
1155 1236 1312 1261 «omnes
1331 1226 1489 1261 catholici
1510 1226 1603 1261 orbis
1622 1206 1744 1263 S'acer-

107 1288 215 1329 dotes,
237 1298 451 1333 quamquam
479 1286 543 1321 sibi
572 1285 689 1321 licebit
714 1285 769 1320 die
795 1284 961 1320 solemnis
987 1283 1122 1319 Comm.
1143 1283 1302 1319 omnium
1323 1284 1477 1320 fidelium
1497 1286 1739 1322 defunctorum

108 1346 213 1382 semel
241 1350 378 1381 tantum
407 1346 516 1385 litare,
545 1344 652 1380 velint
679 1344 826 1379 libenter
851 1343 1072 1389 studioseque
1098 1342 1228 1388 insigni
1250 1343 1428 1388 privilegio
1446 1344 1494 1379 uti
1515 1345 1604 1390 quod
1626 1345 1738 1391 largiti

107 1416 229 1440 sumus
250 1419 278 1445 n,
308 1404 492 1440 Videlicet:
536 1418 551 1435 (ι
574 1403 596 1438 Ι.
619 1403 733 1439 Liceat
758 1402 923 1437 omnibus
950 1402 984 1436 iu
1013 1401 1165 1437 Ecclesia
1191 1402 1354 1438 universa
1387 1402 1644 1442 Sacerdotibus.
1673 1416 1740 1450 quo

106 1464 163 1500 die
187 1463 302 1509 agitur
327 1462 502 1499 Solemnis
529 1462 663 1499 Comm.
691 1461 910 1508 (praedicta),
937 1466 989 1496 ter
1008 1460 1154 1496 Sacrum
1176 1461 1306 1505 facere;
1334 1473 1374 1497 ea
1392 1467 1509 1498 tamen
1529 1463 1602 1507 lege
1621 1463 1740 1508 (huius

109 1522 290 1569 privilegii,
321 1524 345 1540 ‘²
361 1522 452 1568 quod
481 1532 543 1557 nec
572 1522 649 1557 licet
677 1521 861 1557 extendere
886 1525 946 1556 aut
972 1520 1181 1565 restringere
1207 1521 1266 1556 sed
1292 1531 1330 1556 ex
1359 1521 1468 1567 ipsius
1494 1526 1615 1558 tenore
1639 1523 1743 1558 aesti-

107 1581 275 1616 mandum
302 1585 394 1625 est„
422 1580 466 1616 ad
493 1591 653 1615 normam
681 1590 760 1615 can.
790 1578 849 1622 67)
878 1584 914 1613 ut
941 1590 1049 1614 unam
1076 1590 1094 1614 e
1120 1579 1232 1614 tribus
1251 1579 1365 1614 Missis
1383 1580 1591 1626 cuicumque
1611 1581 1739 1617 malue—

105 1641 178 1676 rint
202 1640 379 1687 applicare
399 1639 559 1683 (forsitan
587 1639 664 1674 sine
690 1639 865 1684 stipendio
883 1649 997 1684 neque
1024 1649 1061 1674 ex
1090 1638 1192 1673 titulo
1218 1639 1382 1679 iustitiae,
1414 1639 1463 1674 vel
1491 1640 1517 1674 si
1540 1640 1689 1683 malunt)
1708 1645 1741 1676 et

106 1699 230 1746 stipem
259 1699 435 1746 percipere
461 1703 610 1745 queant:
645 1703 831 1734 teneantur
859 1708 945 1737 vero,
985 1699 1020 1743 a)
1050 1698 1147 1733 nulla
1173 1698 1261 1744 stipe
1292 1703 1464 1744 percepta.
1504 1700 1538 1744 b)
1564 1699 1741 1746 applicare

105 1760 252 1795 alteram
279 1759 421 1794 Missam
451 1759 485 1793 in
513 1758 719 1803 suffragium
747 1758 906 1793 omnium
937 1757 1090 1793 fidelium
1119 1758 1376 1799 defunctorum,
1412 1759 1547 1794 tertiam
1575 1759 1616 1793 ad
1645 1770 1741 1794 men-

105 1823 174 1854 tem
201 1818 237 1854 S.
268 1817 458 1862 Pontifiets,
487 1828 593 1864 quam
620 1817 704 1852 satis
730 1828 904 1863 superque
929 1817 1184 1852 declaravimus
1200 1832 1233 1859 »,
1253 1822 1286 1851 et
1304 1817 1412 1852 relata
1430 1823 1481 1853 est
1498 1818 1542 1853 ad
1561 1829 1639 1853 can.
1657 1816 1738 1852 806.

106 1899 149 1903 —
177 1876 344 1914 Clausula
370 1888 449 1913 vero
480 1892 494 1908 «
512 1888 620 1912 unam
646 1888 664 1912 e
690 1876 802 1911 tribus
830 1876 946 1911 missis
971 1877 1179 1922 cuicumque
1202 1876 1390 1912 maluerint
1408 1877 1583 1923 applicare
1601 1891 1615 1909 »
1637 1877 1740 1923 expli-

105 1942 182 1973 cata
207 1942 259 1973 est
284 1948 344 1984 per
369 1947 458 1983 resp.
486 1935 517 1972 S.
548 1935 586 1972 C.
617 1935 654 1972 C.
685 1936 842 1982 quaesito
885 1950 899 1967 «
920 1935 942 1970 l.
972 1940 1163 1981 possuntne
1201 1936 1396 1971 sacerdotes
1436 1948 1542 1971 unam
1578 1948 1595 1972 e
1628 1937 1741 1972 tribus

106 1995 220 2031 Missis
246 2007 335 2042 quae
361 1996 472 2041 magis
497 1996 548 2031 eis
576 1995 700 2042 placet,
728 1996 781 2031 cui
812 1995 1001 2031 maluerint
1027 1994 1217 2041 applicare,
1245 2000 1278 2030 et
1303 1995 1427 2042 stipem
1456 1995 1537 2031 inde
1557 1996 1743 2042 percipere,

106 2054 157 2090 vel
187 2055 335 2101 primam
363 2059 499 2090 tantum
528 2054 727 2090 inclusive?
767 2054 818 2089 Ad
846 2054 869 2088 l.
900 2054 1113 2089 Affirmative
1139 2053 1181 2088 ad
1223 2054 1371 2100 primam
1412 2059 1556 2100 partem,
1585 2056 1742 2100 negative

105 2114 148 2149 ad
176 2114 397 2150 secundam»
423 2115 449 2148 2.
480 2113 520 2149 Et
546 2114 629 2150 baec
656 2114 835 2160 responsio
864 2118 980 2159 utpote
1010 2113 1230 2148 favorabilior
1256 2113 1351 2159 sequi
1383 2118 1492 2159 potest
1518 2114 1553 2148 in
1582 2115 1742 2150 America

106 2171 230 2208 Latina
258 2184 317 2218 pro
345 2185 407 2209 usu
434 2173 591 2220 aequalis
620 2173 788 2219 privilegii
817 2172 970 2208 contenti
1000 2173 1033 2207 in
1064 2171 1159 2207 Brevi
1193 2171 1339 2207 «Trans
1366 2173 1584 2208 Oceanum»
1620 2173 1743 2209 Leonis

106 2231 209 2268 ΧΗΙ3
233 2233 299 2268 sub
326 2244 359 2267 n.
391 2232 458 2273 ΠΙ,
487 2233 651 2279 quamvis
675 2232 813 2267 dicatur
840 2232 989 2267 ibidem:
1024 2245 1038 2263 «
1060 2233 1104 2266 ita
1123 2236 1239 2266 tamen
1261 2236 1297 2266 ut
1316 2242 1423 2267 uuam
1444 2237 1580 2267 tantum
1600 2232 1750 2269 eleemo-

106 2302 232 2338 synam
258 2292 447 2339 accipiant,
477 2292 636 2328 videlicet
664 2303 723 2338 pro
752 2291 864 2338 prima
892 2291 997 2326 missa
1023 2290 1253 2325 dumtaxat».
1299 2289 1395 2326 Ratio
1420 2296 1491 2327 est:
1532 2291 1612 2337 quia
1649 2292 1742 2327 iuxta

106 2361 177 2396 reg.
207 2351 248 2386 til
278 2350 366 2387 luris
393 2351 428 2386 in
457 2350 512 2386 6⁰:
543 2350 679 2395 «Quod
707 2350 751 2387 ob
777 2351 925 2396 gratiam
952 2350 1102 2385 alicuius
1127 2349 1333 2384 conceditur
1359 2349 1463 2392 (sicut
1489 2356 1541 2385 est
1567 2351 1651 2386 illud
1679 2352 1747 2397 pri·

106 2409 302 2455 vilegium),
332 2421 400 2446 non
429 2415 481 2446 est
506 2411 542 2445 in
569 2411 644 2446 eius
671 2410 894 2456 dispendium
934 2409 1207 2454 retorquendum
1232 2423 1259 2449 »,
1299 2409 1398 2444 sicuti
1440 2420 1534 2444 nunc
1572 2410 1742 2446 accideret

107 2468 318 2515 quandoque
343 2469 384 2510 ei,
412 2470 470 2515 qui
500 2481 572 2505 non
601 2474 715 2515 posset
740 2469 882 2514 aequari
912 2468 1090 2503 utentibus
1119 2468 1192 2503 iure
1218 2468 1410 2502 communi.

226 2527 393 2564 Putamus
420 2529 482 2564 has
508 2539 631 2563 omnes
659 2527 918 2564 Declarationes
946 2527 1071 2571 vigere,
1100 2526 1179 2572 quia
1211 2526 1363 2572 prolatae
1389 2527 1431 2562 de
1459 2527 1639 2572 privilegio
1665 2539 1745 2563 cou—

106 2597 202 2622 cesso
232 2598 304 2623 «ca
329 2592 446 2623 tamen
474 2588 549 2633 lege
565 2604 580 2620 υ
611 2587 724 2633 quoad
752 2597 872 2621 earum
901 2586 1088 2621 missarum
1115 2585 1410 2631 applicationem;
1440 2597 1618 2632 usquequo
1637 2587 1746 2622 derla—

105 2645 193 2681 ratio
218 2646 423 2682 authentica
450 2647 564 2682 forsan
594 2647 735 2693 prodeat
763 2646 805 2681 ad
835 2645 1113 2680 uniformitatem
1141 2644 1176 2679 in
1206 2645 1269 2679 hac
1297 2656 1332 2680 rc
1359 2645 1593 2680 statuendam.
1633 2646 1746 2688 Quac—

107 2704 213 2739 situm
241 2704 325 2740 fuit:
359 2719 373 2735 <r
391 2704 428 2739 ll.
460 2710 652 2751 possuntne
680 2705 847 2739 maiorem
873 2703 1009 2748 exigere
1034 2703 1308 2749 eleemosynam.
1339 2703 1388 2738 vet
1417 2704 1570 2738 contenti
1599 2714 1673 2739 esse
1691 2704 1745 2739 de-

107 2762 191 2798 bent
215 2763 438 2811 eleemosyna
463 2775 502 2800 ex
529 2768 641 2801 const.
667 2763 841 2810 synodali,
881 2763 930 2798 vel
958 2762 1211 2797 consuetudine
1239 2762 1334 2797 locali
1363 2762 1520 2797 statuta?
1549 2761 1647 2808 ltesp.
1691 2764 1741 2797 ‚td

226 2859 237 2880 ι
266 2859 310 2892 1o
334 2860 439 2903 Aug.
466 2860 571 2894 1915.
602 2858 678 2893 co.
708 2858 795 2902 vn,
825 2857 905 2891 403.
937 2877 980 2883 -
1008 2857 1020 2878 -1
1050 2858 1091 2891 15
1118 2856 1204 2892 Oet.
1236 2858 1338 2897 1915,
1366 2856 1442 2891 cc.
1476 2857 1559 2899 vn,
1589 2857 1669 2891 479.
1699 2878 1742 2882 -

104 2903 119 2926 ³
147 2904 191 2939 18
216 2905 311 2950 Apr.
339 2906 443 2941 1897.
1605 2913 1607 2915 ·
