1971 3261
146 136 219 171 320
543 136 631 170 Lm.
659 136 736 196 IH'.
763 155 773 160 -
801 135 912 169 PARS
937 135 967 168 I.
998 155 1010 160 -
1037 135 1095 170 De
1119 135 1386 171 &tommentis
1589 135 1682 192 Can.
1708 136 1780 171 924

267 253 363 290 Sicut
390 253 636 300 praecedentes
663 253 844 288 facultates
870 253 918 288 ita
938 258 970 288 et
997 263 1147 298 sequens
1177 267 1194 286 «
1214 263 1254 288 ea
1280 253 1354 298 lege
1372 253 1623 294 conceduntur,
1643 258 1681 288 ut
1698 254 1778 289 sub-

146 313 297 358 delegari
328 313 512 358 possint».
543 311 824 356 (Animadversio
846 311 984 358 prima).
1013 332 1056 336 -—
1083 311 1127 346 Ex
1156 312 1312 357 quinque
1333 311 1502 351 Formulis
1527 312 1704 348 obtinetur
1732 313 1777 348 fa-

146 372 260 407 cultas
289 384 307 405 «
324 371 552 406 benedicendi
580 371 763 406 crucifixos
790 374 954 416 (nempez
994 381 1113 406 cruces
1139 381 1218 406 cum
1247 371 1400 415 imagine
1425 370 1499 406 lesu
1526 370 1672 415 Christi)
1698 383 1777 406 cum

148 430 370 475 indulgentia
401 430 558 475 plenaria
585 429 687 474 vulgo
715 429 809 464 toties
835 428 962 476 quoties
1001 435 1226 475 nuncupata:
1267 430 1353 465 idest
1380 429 1459 474 (hoc
1496 441 1602 465 sensu
1640 435 1777 466 tantum

148 489 426 534 interpretanda)
454 500 473 523 a
499 499 721 534 quocumque
746 499 785 523 ex
815 487 975 523 fidelibus
1000 487 1154 532 (clerico,
1182 488 1270 524 laico
1302 488 1351 524 vel
1378 488 1552 533 religioso)
1594 489 1630 523 in
1658 489 1778 524 mortis

149 547 301 594 periculo
330 548 406 592 (etsi
436 558 506 583 non
528 548 646 582 statim
667 548 861 592 secuturae)
879 547 1077 582 constitutis
1096 546 1263 582 lucranda
1281 548 1358 593 (pro
1375 548 1494 583 eodem
1512 548 1668 589 articulo,
1687 548 1781 584 deos-

145 607 298 642 culando
325 618 453 653 nempe
479 607 678 641 huiusmodi
707 606 911 641 crucifixum
939 617 979 641 ac
1010 606 1155 641 servatis
1189 606 1448 642 conditionibus
1486 607 1716 642 confessionis
1741 618 1780 642 ac

146 676 264 701 sacrae
290 665 575 709 communionis).
605 686 650 690 —
677 664 929 701 Grassantibus
967 669 1083 700 autem
1123 665 1326 710 epidemicis
1366 670 1522 711 (propter
1559 665 1778 701 infirmorum

150 724 427 768 multitudinem,
457 735 545 770 quae
572 735 794 760 communem
823 724 1045 759 infirmitatis
1070 735 1211 759 causam
1238 724 1403 767 ostendit)
1423 724 1474 759 vel
1493 725 1703 770 contagiosis
1728 727 1780 769 (eo

146 784 239 829 quod
267 795 306 819 ex
333 788 427 819 tactu
455 783 505 819 vel
536 783 755 829 proximitate
781 783 1003 818 intirmorum
1034 785 1254 829 propagetur)
1274 783 1417 824 morbis,
1439 783 1517 828 (hac
1539 788 1672 818 tantum
1699 784 1780 820 alte-

148 847 244 878 rutra
269 842 464 886 occasione)
493 842 707 877 concedendi
729 842 845 885 (etiam
866 841 1088 886 generaliter)
1109 846 1145 876 ut
1165 841 1282 877 fideles
1300 842 1332 877 in
1350 842 1497 888 periculo
1515 842 1631 877 mortis
1659 843 1776 882 (etiam

145 902 215 937 alia
241 902 283 936 de
309 908 429 945 causa)
455 901 633 936 constituti
662 899 909 947 Indulqenciam
934 900 1120 947 plenariam
1149 901 1275 936 lucrari
1304 901 1450 946 possint,
1470 901 1550 946 (sub
1576 902 1641 936 hac
1660 902 1779 936 condi-

147 960 241 995 tione
261 960 353 1006 quod
375 959 581 1005 quamlibet)
603 958 731 995 Christi
749 959 902 994 crucifixi
923 959 1113 1004 imaginem
1134 959 1185 1004 (in
1204 959 1338 994 delectu
1357 960 1501 995 alterius
1516 960 1565 995 vel
1586 961 1776 1006 sequentis,

146 1019 250 1055 etiam
270 1020 458 1065 depictam)
488 1019 538 1053 vel
558 1029 694 1054 crucem
716 1019 859 1064 (absque
877 1018 1047 1064 imagine)
1064 1019 1317 1054 deosculando.
1349 1019 1399 1054 vel
1417 1030 1455 1054 ea
1473 1019 1656 1054 deficiente
1675 1021 1780 1063 (utra-

146 1081 241 1124 que).
271 1082 403 1112 ssmnm
432 1077 507 1113 lesu
534 1089 662 1113 nomen
691 1078 792 1113 corde
819 1077 954 1116 saltem,
983 1078 1062 1121 (sub
1089 1078 1330 1118 conditione):
1359 1078 1386 1112 si
1410 1089 1472 1116 ‚ure
1498 1089 1566 1113 non
1590 1079 1775 1124 potuerint,

147 1148 245 1180 1113111
274 1148 373 1172 secus
399 1144 472 1182 ore)
501 1137 695 1172 invocando
713 1150 746 1171 ».

268 1246 364 1288 261.
401 1248 474 1291 An
508 1247 924 1302 indulgentiarum
954 1248 1302 1292 concessiones
1324 1261 1384 1292 ac
1406 1248 1608 1292 decreta
1629 1248 1776 1292 etiam

149 1319 405 1373 generalia
438 1320 500 1363 de
531 1319 652 1374 ipsis
690 1320 805 1362 ante
855 1317 1083 1362 Codicem
1131 1319 1294 1362 adhuc
1326 1319 1541 1374 vigeant.
1578 1343 1630 1347 —
1665 1316 1777 1360 Haec

148 1390 334 1445 quaestio
371 1390 612 1443 proponitur
656 1392 823 1443 propter
855 1400 943 1430 can.
980 1389 1002 1429 ⁶2
1038 1387 1105 1431 ubi
1156 1387 1306 1443 legitur
1344 1401 1527 1431 «omnes
1560 1388 1777 1444 liturgicae

149 1458 259 1514 leges
295 1461 376 1500 vim
410 1471 526 1501 suam
563 1460 751 1513 retinent,
778 1460 852 1501 nisi
888 1471 1030 1501 earum
1056 1447 1192 1515 ali'qua
1218 1461 1256 1500 in
1290 1457 1441 1502 Codice
1464 1472 1661 1513 expresse
1685 1472 1775 1502 cor-

152 1532 353 1585 rigatur»
391 1534 427 1572 et
462 1529 513 1572 ob
546 1542 634 1572 can.
667 1530 705 1583 6,
732 1529 775 1571 6⁰
801 1531 837 1571 in
863 1543 944 1586 quo
979 1531 1136 1572 ratione
1170 1531 1404 1572 omissionis
1427 1532 1465 1572 in
1491 1529 1642 1573 Codice
1666 1529 1778 1585 leges

144 1600 436 1656 disciplinares
467 1599 732 1656 abrogantnr,
774 1602 887 1642 «nisi
923 1602 961 1641 in
988 1599 1169 1656 probatis
1192 1600 1396 1656 liturgicis
1421 1599 1533 1643 libris
1569 1602 1774 1656 reperian-

149 1674 275 1712 tur».
310 1670 604 1714 Concessiones
637 1676 774 1713 autern
809 1682 857 1713 ac
894 1671 1060 1713 decreta
1111 1671 1321 1726 praedicta
1372 1670 1493 1713 valde
1526 1670 1721 1713 differunt
1754 1683 1774 1713 a

150 1740 310 1798 legibus
343 1741 559 1797 liturgicis,
596 1754 668 1784 1166
704 1744 740 1783 111
774 1740 1011 1784 huiusmodi
1046 1741 1161 1785 libris
1195 1743 1470 1798 reperiuntur.
1505 1767 1561 1772 -—
1594 1741 1773 1797 Respon-

148 1813 330 1855 dendnm
366 1817 424 1855 est
459 1826 551 1856 611111
587 1813 864 1856 distinctione.
899 1811 971 1854 Vel
1007 1811 1072 1855 illa
1098 1812 1263 1856 decreta
1298 1815 1668 1870 concessionesque
1692 1825 1778 1855 661·-

150 1885 341 1939 riguntur
374 1886 411 1926 in
447 1884 525 1927 1166
558 1884 733 1927 articulo
768 1884 831 1927 vel
880 1887 1068 1942 sequenti
1117 1890 1186 1927 aut
1222 1887 1258 1926 111
1293 1884 1372 1927 3116
1406 1883 1569 1927 Codicis
1605 1895 1777 1936 canone,

144 1959 271 2011 vatque
307 1960 402 1998 111116
437 1956 611 1998 evidens
644 1961 717 2010 est⁷
752 1955 1044 2011 applicandum
1079 1969 1167 1998 esse
1200 1960 1397 1998 statutum
1447 1954 1609 1998 Codicis
1644 1956 1777 2010 potius

148 2027 247 2081 ipsis
279 2038 402 2083 quam
438 2026 599 2083 legibus
632 2026 835 2082 liturgicis
866 2029 988 2069 unice
1027 2029 1064 2068 in
1100 2039 1252 2082 genere
1279 2025 1418 2072 salvis,
1456 2025 1517 2068 vel
1554 2024 1646 2068 illae
1679 2016 1773 2068 con-

148 2099 355 2140 cessiones
388 2110 435 2141 36
470 2097 643 2141 Decreta
678 2111 756 2140 11611
791 2103 1057 2154 opponuntur
1090 2099 1356 2154 praescriptis
1388 2096 1563 2151 Codicis,
1588 2103 1712 2153 atque
1736 2098 1773 2138 in

148 2167 225 2210 1136
258 2167 476 2225 hypothesi
511 2173 571 2212 est
603 2168 951 2212 considerandum
976 2171 1264 2211 concessiones
1287 2167 1639 2224 indulgentiarum
1665 2167 1776 2223 leges

148 2241 313 2294 proprie
346 2253 424 2282 11611
460 2252 563 2294 6336,
586 2240 656 2283 3611
695 2253 791 2283 vere
814 2245 931 2283 actus
953 2239 1321 2282 administrationis
1345 2238 1525 2282 thesauri
1551 2237 1775 2289 Ecclesiae,

148 2312 232 2366 qui,
258 2312 364 2353 sicut
387 2313 512 2354 ceteri
537 2316 703 2354 actuum
729 2311 1099 2355 administrationis
1121 2313 1230 2354 circa
1255 2323 1544 2368 quaecumque
1579 2309 1683 2352 bona
1701 2308 1776 2352 Ec·

146 2379 311 2433 clesiae,
346 2380 478 2424 6116611
527 2394 548 2424 3
582 2380 745 2425 Codicis
778 2394 903 2437 scopo
939 2383 1125 2424 extranei
1162 2386 1327 2424 manent
1360 2380 1494 2436 quoad
1523 2393 1681 2423 eorum
1716 2393 1776 2421 ro·

145 2448 246 2492 bur:
281 2450 447 2494 decreta
486 2464 582 2494 vero
615 2456 709 2494 sunt
745 2464 867 2495 verae
901 2464 1071 2495 normae
1103 2451 1335 2494 servandae
1379 2453 1417 2493 111
1451 2449 1774 2506 adimplemento

145 2519 429 2563 conditionum
455 2522 506 2564 ad
532 2522 811 2578 indulgentias
836 2522 1069 2571 lucrandas,
1093 2522 1163 2565 sed
1189 2535 1282 2564 cum
1309 2523 1532 2577 respiciant
1555 2524 1670 2564 actus
1694 2533 1772 2562 non

147 2590 428 2647 obligatorios‚
463 2593 675 2646 ponendos
710 2598 845 2636 tamen
881 2598 923 2636 ut
955 2593 1159 2650 quaedam
1197 2594 1392 2649 requisita
1427 2606 1499 2648 pro
1534 2591 1772 2647 recipiendo

146 2659 214 2703 1116
250 2663 502 2704 remissionis
536 2661 752 2717 beneficio,
778 2665 833 2705 1111
868 2663 1151 2705 conditionum
1184 2656 1550 2706 determinationes
1581 2664 1676 2704 sunt
1708 2673 1775 2704 ac-

142 2731 376 2786 cipiendae,
412 2745 487 2775 nec
522 2733 694 2788 proinde
726 2740 821 2776 sunt
869 2735 1034 2789 proprie
1069 2733 1192 2788 legeS,
1226 2733 1277 2775 de
1324 2732 1475 2789 quibus
1521 2736 1679 2775 tantum
1713 2737 1774 2774 est

146 2801 333 2857 digestus
365 2801 517 2846 Codex.
552 2802 663 2845 Idem
690 2803 960 2859 repetendum
985 2803 1035 2846 de
1068 2805 1224 2846 normis
1249 2816 1320 2859 per
1344 2802 1517 2846 Decreta
1542 2803 1774 2859 propositis,

147 2876 271 2928 atque
304 2885 376 2928 per
409 2886 478 2916 663
511 2873 742 2925 servandis,
775 2876 844 2931 qui
893 2876 1157 2916 commissam
1209 2873 1444 2916 facultatem
1496 2872 1774 2928 indulgentias
