1971 3261
213 145 283 178 404
607 143 691 177 L113.
720 144 793 178 III.
822 163 836 169 -
862 144 972 179 PARS
997 144 1029 179 Ι.
1059 165 1070 170 -
1097 146 1154 180 De
1179 145 1446 181 Sacramentz‘s
1652 146 1745 183 Gan.
1771 148 1842 183 979

213 263 264 297 vel
292 262 420 297 remitti
459 261 659 297 nullatenus
686 262 835 307 possint,
864 262 974 298 donec
1000 262 1208 298 beneficium
1236 263 1510 299 ecclesiasticum
1537 264 1608 299 sint
1633 265 1761 312 adepti,
1790 266 1842 302 vel

211 321 354 356 aliunde
380 320 533 356 habeant
561 321 653 356 unde
680 320 794 356 vivere
823 321 957 366 possint
978 334 1018 355 »2
1049 322 1195 368 proinde
1222 322 1359 358 videtur
1389 323 1482 368 quod
1504 323 1582 358 talis
1599 323 1765 360 alienatio
1791 325 1841 360 vel

211 380 369 416 remissio
395 384 514 415 contra
543 380 653 424 legem
681 380 773 415 hanc
801 380 891 415 facta
916 385 1006 416 esset
1033 381 1143 416 irrita.
1172 380 1239 416 Sed
1266 382 1308 417 de
1336 385 1399 417 bac.
1424 381 1637 417 extinctione
1661 382 1698 417 in
1724 383 1843 419 subse-

210 439 399 485 quentibus
424 438 620 474 canonibus
648 438 737 473 nihil
765 438 894 474 directe
921 439 1097 474 statuitur.
1131 438 1246 475 Voluit
1273 438 1308 476 S.
1336 439 1502 487 Synodus
1536 441 1756 486 perpetuitati
1785 452 1842 488 pa-

163 528 165 532 .
210 498 365 533 trimonii
395 498 446 533 vel
474 497 654 544 pensionis
681 498 873 543 providere,
892 498 984 533 unde
1004 498 1164 534 Doctores
1192 498 1350 534 inferunt
1376 499 1465 545 quod
1493 499 1520 533 si
1549 499 1721 535 stabilitas
1738 500 1843 536 huius

210 557 300 591 tituli
329 557 373 592 ab
400 557 634 593 ecclesiastica
662 561 831 602 potestate
857 567 928 592 non
958 557 1118 603 pendeat,
1145 557 1206 592 illa
1233 557 1385 602 legitime
1410 563 1585 593 caveatur.
1615 558 1707 594 lstud
1722 557 1842 594 Cone.i

210 615 318 650 Trid.i
345 620 449 662 caput
487 615 626 661 explicit
664 615 840 651 clausula:
873 615 1132 661 «antiquorum
1162 627 1337 651 canonum
1377 627 1507 662 poenas
1533 629 1636 663 super
1661 617 1715 652 his
1742 618 1840 653 inno-

211 675 323 710 vando
344 689 375 715 ι),
404 675 446 710 de
472 675 601 720 quibus
627 674 664 709 in
692 686 766 720 seq.
795 685 872 709 can.
904 672 983 709 980.

328 758 440 802 Haec
473 758 685 802 sufficiunt
718 758 769 802 ad
802 759 1119 802 satisfactoriam
1155 758 1472 815 explicationem
1508 774 1597 804 cmi.
1621 762 1728 804 979.
1763 759 1840 804 Pro

210 829 375 872 clericis
408 842 580 885 nempe:
617 831 694 872 iam
740 828 945 885 acolythis
978 828 1267 872 saecularibus
1305 832 1428 873 etiam
1463 832 1502 872 iu
1535 833 1744 873 communi
1782 834 1839 873 vi-

212 899 404 943 ventibus
436 904 524 942 sine
562 902 679 950 votis,
701 912 793 943 nam
824 914 842 940 ((
870 901 907 942 in
944 901 1004 953 iis,
1029 912 1135 957 quae
1159 900 1208 942 ad
1233 899 1518 956 suscipiendos
1550 900 1716 944 ordines
1748 914 1838 957 per-

209 972 353 1025 tinent,
387 969 550 1013 sodales
585 969 731 1013 iisdem
766 969 928 1026 legibus
962 974 1155 1012 tenentur
1188 982 1234 1013 ac
1268 969 1506 1013 saeculares
1537 969 1690 1025 clerici,
1714 971 1841 1014 salvis

208 1040 489 1097 peculiaribus
523 1039 922 1096 praescriptionibus
954 1054 974 1083 a
1010 1041 1157 1084 Sancta
1192 1040 1298 1084 Sede
1321 1040 1474 1084 datis»
1503 1040 1610 1097 (can.
1638 1040 1753 1098 678),
1790 1041 1839 1084 li-

207 1112 336 1165 tulati,
368 1114 486 1155 cuius
524 1111 639 1155 verbi
673 1111 870 1155 historica
893 1113 1010 1167 origo
1035 1116 1072 1154 et
1096 1101 1241 1154 sensus
1267 1114 1303 1154 in
1330 1110 1617 1155 Decretalibus
1639 1112 1712 1155 tuit
1742 1132 1756 1150 «
1780 1114 1836 1155 in-

205 1186 374 1239 scriptio
408 1196 478 1226 seu
516 1181 736 1225 intitulatio
770 1182 911 1226 clerici
945 1181 1161 1235 ecclesiae,
1195 1194 1301 1240 quae
1335 1182 1478 1226 titulus
1520 1182 1748 1237 dicebatur,
1782 1184 1838 1226 ta-

206 1255 367 1309 cienda,
392 1253 460 1297 ubi
486 1254 729 1296 deserviens
751 1266 871 1296 sacro
897 1255 1125 1296 ministerio
1159 1255 1433 1296 necessariam
1469 1258 1507 1296 et
1540 1253 1753 1297 honestam
1788 1267 1837 1297 ex

207 1325 316 1369 illius
349 1325 466 1369 bonis
501 1327 731 1381 perciperet
768 1327 1059 1380 portionem»,
1097 1327 1208 1368 iuxta
1249 1323 1348 1368 illud
1394 1324 1503 1382 quod
1549 1327 1604 1367 ait
1643 1324 1836 1368 lnnocen-

207 1400 287 1440 tius
322 1396 428 1449 lll¹;
467 1412 489 1437 ((
512 1396 740 1440 secuudum
777 1395 1036 1452 Apostolum,
1070 1398 1138 1452 qui
1173 1395 1291 1439 altari
1325 1397 1470 1449 servit,
1507 1397 1648 1439 vivere
1691 1395 1839 1439 debeat

206 1472 258 1511 de
292 1467 435 1520 altari3
471 1472 510 1510 et
543 1469 612 1524 qui
646 1467 696 1509 ad
732 1480 835 1509 onus
858 1466 1039 1523 eligitur,
1060 1466 1205 1522 repelli
1232 1480 1309 1509 non
1335 1465 1525 1510 debeata
1551 1467 1743 1510 mercede
1768 1482 1835 1507 i)...

206 1539 324 1582 Nunc
363 1538 592 1581 «titulus»
631 1542 719 1594 post
757 1537 1032 1581 Decretalium
1069 1539 1131 1580 ius
1164 1541 1323 1580 retento
1355 1540 1521 1580 nomine
1552 1542 1732 1581 mutatus
1763 1538 1838 1581 fuit

206 1610 342 1667 quoad
394 1609 509 1653 verbi
558 1609 743 1652 eiusdem
793 1621 975 1661 sensum,
1009 1608 1078 1651 sed
1114 1620 1134 1651 a
1170 1610 1258 1651 iure
1297 1613 1465 1664 propter
1512 1609 1620 1665 quod
1669 1608 1837 1652 additur

206 1685 340 1724 recte:
376 1679 601 1722 canonieus
639 1684 700 1722 est
733 1678 774 1735 a)
810 1678 971 1729 timim,
1016 1679 1150 1735 quoad
1200 1681 1545 1735 significationem
1593 1682 1832 1736 sequentem

206 1751 469 1807 praecedenti
488 1749 684 1795 Codicem
706 1752 783 1793 iuri
802 1749 1102 1807 aequipollens,
1122 1749 1307 1805 beneficii
1325 1750 1374 1793 ad
1395 1762 1582 1793 normam
1602 1762 1691 1793 can.
1711 1749 1833 1804 1409,

204 1821 384 1865 exclusis
417 1824 541 1865 etiam
577 1834 670 1864 cum
707 1821 976 1877 derogatione
1020 1826 1174 1877 praec.³
1206 1822 1307 1863 iuris
1340 1820 1414 1875 his,
1449 1833 1554 1877 quae
1594 1836 1613 1861 (c
1637 1820 1731 1863 licet
1762 1819 1834 1863 ali-

203 1905 328 1950 quam
362 1906 455 1936 cum
491 1892 704 1936 beneticiis
737 1891 1051 1934 similitudinem
1087 1892 1377 1948 praeseferant,
1404 1894 1442 1933 in
1478 1893 1565 1934 iure
1599 1895 1733 1934 tamen
1770 1890 1835 1934 be-

204 1964 339 2007 neficii
385 1966 550 2007 nomine
586 1976 664 2006 non
701 1965 915 2005 veniunt»
955 1962 1063 2019 (cau.
1102 1961 1247 2019 1412),
1283 1962 1508 2020 titulusque
1542 1962 1609 2005 ille
1643 1967 1780 2005 manet
1811 1974 1834 2005 a

203 2033 354 2079 Codice
387 2035 592 2078 admissus
626 2037 664 2077 et
698 2033 948 2088 ordinarius,
980 2047 1028 2077 ac
1066 2033 1256 2076 similiter
1298 2038 1518 2090 sequentes
1560 2033 1834 2076 admittuntur

203 2119 369 2163 quoque
403 2111 445 2149 ut
477 2105 730 2159 subsidiarii,
765 2104 890 2149 idest:
926 2118 1054 2162 eoque
1086 2103 1303 2160 deficiente
1336 2104 1525 2147 beneficii
1560 2103 1690 2157 titulo,
1730 2119 1751 2145 <t
1774 2108 1834 2147 est

203 2179 470 2229 canonicus»
510 2181 551 2219 ut
584 2180 678 2220 ante
712 2174 906 2220 Codicem
941 2174 1083 2218 titulus
1116 2174 1431 2232 (aequipollenti
1463 2175 1638 2218 iuridica
1675 2175 1831 2232 signifi-

203 2250 364 2291 catione
399 2247 594 2303 paulatim
636 2245 888 2303 introducta)
925 2245 966 2301 b)
998 2245 1252 2303 patrimonii
1283 2244 1323 2302 c)
1358 2250 1432 2288 aut
1461 2245 1692 2303 pensionis,
1725 2258 1831 2303 quae

202 2322 322 2361 antea
355 2318 523 2361 definita
557 2321 664 2362 sunt.

319 2387 584 2432 Conditiones
617 2388 762 2430 horum
808 2387 1023 2430 titulorum
1058 2391 1198 2443 utpote
1233 2400 1478 2430 communes
1510 2389 1581 2441 cis,
1616 2386 1737 2430 simul
1773 2399 1832 2429 re-

201 2464 341 2503 censet
373 2462 398 2514 g
430 2464 469 2502 2.
505 2457 582 2501 Hie
622 2457 785 2513 titulus,
835 2463 916 2502 tam
955 2474 977 2499 ((
1001 2457 1191 2502 beneficii
1216 2474 1237 2498 ›>
1275 2470 1398 2515 quam
1439 2473 1459 2498 ((
1484 2459 1718 2514 patrimonii
1761 2461 1830 2500 aut

201 2533 407 2587 pensionis
432 2546 470 2585 )),
495 2529 610 2572 debe!
643 2543 731 2572 esse
763 2529 803 2586 a)
828 2535 867 2572 et
900 2543 1005 2585 vere,
1031 2542 1109 2572 non
1146 2530 1239 2572 ficte
1273 2534 1343 2572 aut
1376 2528 1475 2572 salso
1509 2530 1756 2585 supposituS‚
1782 2540 1829 2570 eo

199 2601 309 2658 quod
344 2606 404 2644 est
437 2603 660 2658 requisitus
688 2616 710 2641 <‹
732 2602 762 2643 si
788 2604 935 2655 agatur
967 2599 1017 2642 de
1051 2599 1268 2642 ordinibus
1304 2598 1571 2643 maioribus»
1601 2597 1709 2655 (can.
1730 2597 1828 2652 974,

199 2674 224 2725 ἓ
260 2672 315 2727 1),
345 2676 469 2728 atque
501 2671 602 2714 alias
636 2684 713 2713 non
753 2677 860 2714 esset
894 2674 935 2713 ut
971 2669 1214 2726 praescribit
1241 2683 1424 2727 -quoque
1467 2682 1596 2713 canon
1636 2684 1655 2709 ((
1683 2681 1822 2711 vere»

199 2755 372 2784 securus
405 2755 453 2784 ex
500 2746 645 2784 natura
690 2743 830 2797 ipsius,
868 2739 930 2783 vel
973 2739 1156 2796 legitime
1199 2744 1320 2783 cauta
1363 2741 1597 2787 securitate,
1629 2752 1706 2796 pro
1741 2743 1827 2781 tota

316 2896 327 2917 ¹
355 2894 445 2948 Cap.
474 2894 515 2927 16
543 2894 598 2927 De
627 2893 864 2927 Praebendis
890 2897 929 2927 et
956 2892 1246 2937 Dignitatibus,
1274 2892 1350 2926 Tit.
1377 2893 1410 2933 5,
1436 2891 1519 2926 Lib.
1546 2891 1617 2925 ΙΙΙ.
