1971 3261
193 210 229 234 Vl
792 204 1003 230 BENEVOLO
1028 203 1200 229 LECTORI

192 320 286 366 rali
326 322 461 365 circa
502 318 799 364 doctrinam
831 316 1316 371 sacramentariam,
1346 317 1505 376 prout
1541 314 1675 361 haec
1712 317 1804 361 mi-

191 430 306 459 rum
347 415 399 458 in
440 410 654 457 modum
692 411 1003 472 praesertim
1043 409 1327 470 exponitur
1365 408 1420 453 in
1457 407 1679 455 Summa
1705 408 1805 456 Do-

192 509 350 553 ctoris
390 504 651 566 Angelici.
693 503 778 550 Ad
817 503 918 549 hoc
956 505 1130 565 ipsum
1168 501 1367 564 duplici
1396 516 1462 548 eX
1488 504 1690 550 motivo
1729 503 1805 550 fui

192 599 505 662 compulsus.
548 598 735 645 Visum
782 600 861 643 est
904 595 1037 642 mihi
1077 595 1231 642 valde
1275 611 1521 658 aequum,
1563 600 1624 643 ut
1661 612 1807 660 prae-

192 696 331 739 fatus
370 692 581 747 Doctor,
623 693 713 752 qui
764 689 1023 752 singulari
1074 689 1274 735 honore
1323 704 1417 752 per
1462 688 1672 737 Codicis
1712 689 1805 738 Ca-

192 801 380 831 nonem
416 786 542 830 1366
584 784 686 829 fuit
724 786 928 839 auctus,
959 781 1102 828 clara
1140 781 1383 828 doctrina
1421 785 1475 829 et
1500 782 1656 829 firma
1694 799 1805 830 sen·

190 880 359 924 tentia
387 876 583 923 eisdem
612 892 675 922 ss.
706 875 997 922 canonibus
1024 875 1205 922 lumen
1233 874 1471 935 afferret3
1508 880 1562 923 et
1587 878 1806 940 insuper

192 976 247 1017 ut
271 987 352 1017 me
375 970 686 1017 Tridentino
703 968 940 1016 Concilio
962 968 1364 1027 conformarem,
1389 970 1529 1033 quod
1551 953 1807 1032 dogmata

191 1074 243 1111 et
270 1064 603 1126 disciplinam
642 1067 1097 1110 sacramentorum
1136 1065 1375 1127 apprime
1413 1064 1647 1122 tradens,
1683 1080 1806 1111 cum

191 1159 383 1220 scripto
435 1156 773 1202 revelationis
825 1156 987 1214 fonte,
1041 1159 1102 1203 ut
1157 1156 1411 1203 discimus
1463 1172 1528 1204 ex
1584 1157 1810 1205 historia

193 1250 563 1307 ecclesiastica,
628 1249 755 1296 Divi
817 1249 1056 1297 Thomae
1114 1249 1391 1297 Summam
1447 1251 1807 1313 theologicam

192 1344 472 1395 consuluit,
514 1344 661 1390 velut
698 1343 912 1391 divinae
951 1344 1246 1391 voluntatis
1285 1347 1648 1408 interpretem.
1689 1345 1808 1393 Hac

191 1440 355 1500 igitur
406 1437 467 1484 de
519 1453 679 1484 causa
730 1437 872 1484 illius
923 1437 1171 1485 Doctoris
1223 1440 1518 1486 sententias
1569 1441 1809 1486 venerati

192 1539 313 1578 sunt
354 1537 405 1578 et
445 1532 734 1595 amplexati
773 1534 1089 1594 posteriores
1128 1532 1381 1594 theologi.

330 1626 436 1672 Ne<-
477 1626 607 1672 mihi
646 1629 700 1673 in
740 1628 934 1672 vitium
968 1630 1210 1673 vertatur
1247 1627 1474 1674 aliorum
1513 1628 1808 1676 Doctorum

192 1722 417 1767 omissio.
476 1726 732 1783 tanquam
765 1723 830 1767 .si
888 1721 1098 1767 eosdem
1156 1721 1624 1784 parvipenderem,
1682 1739 1809 1770 nam

192 1813 491 1876 exemplum
538 1818 749 1861 secutus
795 1830 912 1860 sum
959 1814 1244 1873 Ecclesiae,
1287 1830 1422 1878 quae
1467 1816 1613 1863 nullo
1653 1817 1808 1864 modo

193 1906 478 1968 quidquam
521 1910 627 1953 suis
668 1910 826 1953 etiam
872 1909 1117 1954 maximis
1157 1907 1477 1956 Doctoribus
1506 1909 1805 1956 detractum

195 2004 417 2061 putavit
459 2001 668 2062 quando
710 2001 1032 2064 Angelicum
1073 2002 1361 2049 Doctorem
1412 2003 1698 2051 dumtaxat
1738 2020 1811 2051 se·

194 2094 458 2154 quendum
512 2097 864 2157 praescripsit.
906 2096 1022 2142 Imo
1075 2098 1150 2142 sic
1199 2096 1472 2143 aemulata
1523 2102 1603 2144 est
1653 2114 1809 2145 suum

196 2186 445 2232 Divinum
478 2188 756 2250 Sponsum,
787 2191 876 2251 qui
904 2189 1133 2236 humiles
1161 2189 1390 2249 exaltat3
1432 2190 1496 2237 de
1535 2190 1627 2238 illo
1666 2193 1807 2237 enim

197 2279 541 2342 Pramrolitnne
586 2282 842 2343 Angelum
882 2285 1092 2330 canitur
1132 2286 1182 2329 111
1226 2284 1465 2330 eiusdem
1504 2285 1711 2332 officio:

662 2446 691 2478 Ο
720 2456 866 2479 munus
892 2447 964 2480 Dei
991 2447 1155 2491 gratiae,

662 2514 830 2548 Vina-,ens
857 2516 1024 2560 quodvis
1050 2517 1309 2550 miraculum!

665 2585 874 2620 Pestiferae
900 2587 1105 2632 superbiae

667 2655 883 2700 Numquam
910 2657 1106 2701 persensit
1134 2658 1354 2690 stimulum.

343 2807 604 2868 Dignetur
644 2826 768 2872 ergo
808 2811 969 2869 Deus,
1000 2828 1031 2858 a
1056 2827 1159 2874 quo
1199 2815 1280 2858 est
1318 2827 1475 2859 omne
1503 2812 1690 2860 datum
1730 2828 1814 2875 op-

199 2902 404 2946 timum.
437 2905 542 2948 suis
571 2904 932 2952 sacerdotibus
971 2909 1218 2952 sanctum
1258 2922 1414 2952 suum
1452 2907 1715 2970 impertiri
1753 2907 1814 2951 ti·
