1971 3261
185 167 230 199 58
587 161 668 194 [ΑΒ.
695 159 764 193 III.
792 179 803 183 -
832 159 940 191 PARS
966 158 995 191 Ι.
1023 177 1035 182 -
1063 157 1118 192 De
1143 157 1408 191 Saeramentz's
1528 156 1621 192 Gan.
1651 156 1806 191 763-764

191 285 321 325 niis».
359 307 410 310 —
447 279 565 334 Resp.
601 278 850 320 affirmative
882 275 932 318 ad
957 286 1145 318 normam
1169 286 1259 317 can.
1284 274 1382 326 759,
1410 276 1436 328 g
1464 273 1502 330 3,
1535 276 1630 331 quia
1666 273 1812 317 rituale

191 364 405 395 romanum
441 362 529 393 esse
561 347 844 391 adhibendum
886 347 1091 402 patrinum
1133 346 1319 401 requirit,
1343 347 1417 389 sed
1441 357 1463 388 a
1485 346 1643 388 fortiori
1682 344 1812 388 «nul—

191 423 269 466 lam
306 436 371 475 gex
406 420 498 475 hoc)
533 417 739 462 contrahit
771 415 1030 473 spiritualem
1063 416 1411 472 cognationem».

309 493 374 534 5¹.
414 492 484 536 De
517 491 712 546 patrino
745 489 978 544 baptismi
1012 488 1104 532 sub
1138 487 1430 532 conditione.
1464 511 1491 516 —
1522 484 1659 530 Canon
1696 498 1813 543 prae-

190 563 341 605 cedens
374 560 653 604 consideravit
687 559 937 613 baptismum
971 555 1220 609 absolutum,
1245 560 1315 599 aut
1337 558 1694 599 caeremoniarum
1719 570 1813 613 sup-

193 632 458 688 plementum.
506 630 701 686 Sequitur
748 641 838 669 ean.
884 627 990 670 763.
1037 626 1066 684 ἓ
1109 626 1147 668 1.
1201 624 1301 669 Cum
1343 625 1574 683 baptismus
1616 626 1816 677 iteratur,

192 702 363 759 proinde
397 699 468 742 sub
502 697 741 742 conditione
763 697 813 740 de
837 699 986 753 prioris
1010 696 1285 749 invaliditate‚
1308 695 1418 739 idem
1441 696 1642 754 patrinus
1667 699 1815 753 prioris

194 772 381 828 baptismi
416 769 545 824 dubii,
579 768 620 825 a)
644 773 849 826 quatenus
873 767 966 824 fieri
985 767 1120 825 possit
1143 780 1192 810 eo
1214 767 1324 825 quod
1350 767 1660 811 incommodum
1683 781 1812 824 grave

192 856 269 885 non
305 842 451 894 obstet,
484 838 748 893 (adhibeatur,
783 838 855 896 qui
887 838 931 881 in
961 838 1108 897 priore
1131 837 1336 896 baptismo
1357 837 1471 896 forte
1493 837 1660 896 adfuit;
1690 843 1814 881 eoetra

192 912 299 955 hune
331 926 471 954 casum
503 912 690 954 eiusdem
727 911 875 966 patrini
909 909 1118 966 baptismi,
1140 909 1183 952 in
1208 908 1413 966 baptismo
1436 908 1724 953 conditionate
1744 922 1819 967 pa-

192 984 329 1026 trinus
364 996 441 1025 non
477 987 536 1024 est
569 980 834 1023 necessarius
848 998 862 1021 .·
896 982 1090 1038 quamvis
1123 980 1291 1023 forsitan
1337 982 1425 1023 sine
1459 982 1619 1036 patrino
1653 984 1819 1023 maneat

195 1055 433 1110 baptizatus.

310 1123 366 1166 De
398 1123 545 1166 eflectu
581 1122 756 1165 iuridico
790 1133 881 1166 can.
915 1121 1000 1164 768
1035 1125 1157 1164 cavet
1188 1123 1213 1174 ἓ
1247 1120 1283 1164 2.
1321 1119 1480 1163 Iterato
1513 1119 1718 1178 baptismo
1747 1119 1820 1164 sub

192 1194 429 1238 eomlitione
461 1193 605 1237 eadem
641 1205 688 1236 ao
723 1195 761 1235 in
794 1192 840 1250 §⁰
875 1191 1157 1249 praecedenti,
1185 1205 1318 1249 neque
1347 1191 1547 1249 patrinus
1578 1191 1653 1249 IJui
1681 1191 1822 1249 priori

192 1265 395 1323 baptismo
429 1263 586 1322 adfuit,
611 1265 779 1307 forsitan
805 1262 979 1306 solemni
1003 1276 1052 1306 ex
1079 1265 1335 1319 praescripto
1358 1264 1478 1318 gravi
1501 1264 1526 1316 ἓ
1553 1263 1588 1316 l,
1612 1275 1701 1305 can.
1721 1262 1822 1316 762,

196 1336 259 1379 vel
296 1338 456 1392 privato
492 1335 658 1391 quando
694 1333 812 1377 facile
847 1335 977 1390 potuit
1009 1332 1151 1377 haberi
1178 1335 1364 1390 patrinus
1397 1346 1445 1376 ex
1482 1334 1594 1376 iussu
1616 1331 1644 1390 ξ
1669 1332 1692 1375 2
1715 1334 1821 1376 eius·

193 1408 286 1450 dem
321 1408 505 1461 canonis,
524 1419 655 1463 neque
678 1405 750 1463 qui
770 1404 1002 1463 posteriori
1024 1406 1177 1453 assistit
1209 1405 1403 1462 quamvis
1438 1416 1515 1446 non
1550 1405 1825 1457 necessarius,

195 1483 340 1521 neuter
373 1476 662 1534 coynalionem
694 1474 963 1534 spirituatem
996 1473 1226 1528 contrahit,
1262 1479 1301 1518 et
1334 1487 1383 1517 en
1416 1474 1598 1518 secunda
1633 1487 1680 1518 ac
1704 1475 1822 1518 tertia

195 1551 384 1604 exceptio
417 1561 508 1591 can.
532 1547 632 1602 768,
665 1547 781 1590 salvo
815 1559 913 1590 casu
949 1559 1041 1590 raro
1074 1547 1294 1589 eveniente
1317 1545 1367 1588 ad
1394 1557 1580 1588 normam
1604 1545 1644 1603 §i
1671 1551 1824 1602 praec.⁸

195 1620 315 1662 liuius
348 1621 532 1673 canonis,
564 1631 741 1674 nempe:
776 1617 861 1660 nisi
912 1616 1020 1660 idem
1066 1616 1267 1674 patrinus
1315 1615 1356 1658 in
1407 1621 1583 1674 utroque
1618 1614 1823 1673 baptismo

194 1689 408 1733 adhibitus
439 1689 586 1747 fuerit,
620 1688 731 1732 nulla
764 1690 873 1731 enim
913 1687 990 1731 hoc
1039 1689 1077 1730 in
1129 1686 1272 1730 ultimo
1319 1699 1416 1730 casu
1465 1686 1583 1730 adest
1632 1688 1734 1729 ratio
1783 1691 1825 1730 ut

194 1774 283 1805 can.
319 1761 402 1803 768
431 1762 512 1802 vim
548 1772 664 1802 snam
700 1771 777 1801 non
812 1763 967 1802 exerat.

314 1832 379 1874 32.
416 1833 490 1877 De
523 1844 724 1876 numero
757 1831 1077 1887 patrinorum.
1103 1854 1123 1860 -
1151 1827 1191 1871 ln
1216 1827 1339 1872 Cone.
1358 1827 1468 1871 Trid.
1487 1827 1499 1850 ²
1521 1829 1823 1884 praemittitur:

200 1919 221 1943 «
243 1907 381 1945 sancta
415 1901 606 1959 Synodus
639 1902 781 1944 statuit
804 1916 824 1941 ›>
846 1918 853 1942 :
889 1901 995 1943 sicut
1022 1911 1216 1956 praesens
1250 1912 1341 1941 ean.
1361 1901 1466 1941 764.
1492 1897 1692 1942 Patrinus
1718 1912 1824 1940 unus

199 1979 375 2025 tantum,
411 1989 433 2013 «
455 1975 545 2016 sive
582 1974 657 2025 vir,
689 1973 778 2014 sive
814 1970 962 2014 mulier
986 1973 1099 2013 iuxta
1123 1983 1174 2013 ss.
1200 1982 1406 2012 canonum
1443 1971 1628 2012 instituta
1654 1985 1691 2023 2),
1715 1969 1824 2026 quod

200 2047 237 2086 in
273 2056 430 2087 canone
468 2045 527 2086 sic
563 2043 763 2086 refertur:
797 2041 893 2084 lieet
932 2040 1089 2084 dii-ersi
1121 2053 1246 2083 seoeus
1279 2054 1305 2082 a
1338 2039 1604 2097 baptizando,
1639 2044 1679 2083 et
1711 2039 1828 2083 colli-

197 2114 333 2171 gando
356 2114 404 2157 ad
435 2113 559 2157 verba
588 2129 610 2154 <‹
634 2113 790 2156 diversi
813 2125 938 2155 sexus
960 2127 1001 2165 >›,
1035 2110 1231 2168 relinquit
1263 2109 1492 2153 clausulam
1515 2109 1825 2153 Tridentinam:

200 2184 260 2227 rel
294 2184 348 2227 act
379 2197 584 2227 summum
620 2197 725 2226 unus
749 2188 788 2225 et
813 2196 897 2225 una
921 2180 1217 2225 adhibeantur.
1240 2180 1347 2235 Quia
1371 2185 1414 2223 ut
1439 2179 1542 2223 bene
1564 2182 1620 2223 ait
1645 2179 1688 2222 l).
1713 2179 1786 2224 Th.
1807 2181 1820 2202 '²

203 2255 468 2298 «dicendum
502 2253 611 2311 quod
646 2253 832 2296 confusio
865 2247 1261 2308 essetdisciplinae,
1296 2252 1373 2293 nisi
1416 2255 1523 2294 esset
1568 2263 1673 2293 unns
1712 2252 1827 2307 prim

198 2326 342 2382 cipalis
376 2327 610 2372 instructor,
645 2328 685 2367 et
720 2324 810 2366 ideo
846 2325 883 2365 in
921 2322 1123 2379 baptismo
1159 2335 1263 2365 unus
1301 2321 1424 2365 debet
1466 2334 1553 2365 esse
1589 2320 1827 2378 principalis

199 2400 430 2452 susceptor,
465 2395 531 2438 alii
568 2399 704 2437 tamen
734 2398 902 2450 possunt
924 2393 1085 2436 admitti
1109 2394 1224 2449 quasi
1259 2391 1522 2435 coadiutores
1546 2407 1564 2432 >³
1604 2395 1699 2434 tunc
1723 2395 1825 2434 tem-

203 2468 324 2521 poris.

319 2536 385 2578 53.
420 2537 695 2588 Qualitates
729 2539 780 2581 ut
812 2536 921 2592 quis
955 2535 1118 2580 valide
1150 2535 1213 2579 sit
1247 2534 1482 2590 patrinus.
1509 2557 1536 2562 —
1560 2531 1639 2576 Rit.
1674 2531 1793 2576 Rom.
1813 2532 1828 2555 ³

203 2606 467 2662 praescribit:
506 2623 526 2645 «
553 2605 770 2657 Par-ochus,
805 2610 1025 2662 antequam
1059 2603 1109 2647 ad
1146 2602 1434 2659 baptizandum
1474 2602 1660 2657 accedat,
1694 2601 1746 2646 ab
1782 2604 1830 2645 iis

200 2677 249 2718 ad
285 2690 386 2732 qnos
419 2681 590 2732 spectat,
624 2678 815 2733 exquirat
858 2675 1091 2731 diligenter,
1126 2687 1265 2731 quem,
1308 2672 1369 2716 vel
1415 2686 1518 2729 quos
1560 2674 1830 2729 Susceptores

201 2760 271 2789 sen
311 2747 493 2789 l’atrinos
526 2746 743 2802 elegerint,
776 2749 844 2803 qui
890 2747 1088 2789 infantem
1128 2744 1179 2788 de
1223 2756 1342 2788 sacro
1386 2745 1496 2787 fonte
1538 2746 1831 2800 suscipiant»,

319 2855 328 2874 ¹
358 2852 458 2886 Sess.
490 2852 622 2886 XXlV
642 2852 687 2886 de
706 2855 774 2886 ret.
799 2858 910 2887 matr.
936 2863 1016 2896 cap.
1044 2851 1092 2886 ΙΙ.
1122 2870 1165 2875 -
1190 2850 1204 2872 2
1229 2850 1270 2883 3³
1298 2849 1338 2883 P.
1369 2861 1405 2894 q.
1431 2849 1591 2891 LXVII,
1610 2861 1642 2884 a.
1661 2850 1684 2884 8
1702 2849 1750 2884 ad
1768 2849 1833 2883 3¹²¹.

205 2920 247 2924 —
274 2902 287 2921 ³
315 2899 391 2933 Tit.
424 2899 473 2939 H,
503 2911 582 2945 cap.
614 2900 643 2942 1,
673 2911 711 2933 n.
741 2900 799 2932 22.
