1971 3261
143 171 239 207 Gan.
268 171 358 206 1107
662 170 746 204 ΤιΤ.
778 170 860 205 VII.
880 190 893 196 -
911 170 968 205 De
995 171 1255 205 illatrimonz'o
1705 168 1772 203 661

144 292 213 335 illo
247 292 356 335 nasci
401 291 612 346 contingat
657 289 918 346 baptizatam,
952 303 1033 333 non
1076 294 1138 332 est
1171 288 1459 333 ‹nlnolandmn
1499 289 1547 333 ad
1585 302 1770 332 normam

144 375 348 407 canonum
388 360 514 414 1103,
548 361 646 414 777,
669 360 708 402 in
744 366 939 404 consueto
973 360 1173 404 alterutro
1194 361 1235 417 a)
1260 360 1627 404 necitrimom‘orum
1648 359 1691 418 b)
1725 374 1774 403 ac

142 433 449 491 baptizatorum
482 430 602 487 libro,
638 431 711 474 secl
742 432 953 475 adnotatio
995 431 1193 475 alterutra
1228 433 1297 475 tiat
1333 431 1374 473 in
1405 431 1618 489 peculiari
1651 430 1772 483 libro,

143 508 187 548 ut
220 503 384 546 videtur
427 504 564 556 unico,
608 501 814 545 servando
849 502 888 544 ιή
927 508 1084 545 secreto
1127 502 1282 545 Furiae
1330 501 1502 545 archivo
1535 501 1585 545 de
1618 516 1696 560 quo
1731 502 1774 545 in

141 588 232 619 can.
264 575 373 627 379,
398 578 437 616 et
471 578 639 630 propter
674 573 795 616 huius
828 573 988 617 archivi
1026 574 1138 630 leges
1172 587 1281 617 nunc
1304 573 1526 630 generales
1560 586 1638 616 non
1674 572 1772 616 obli-

140 649 238 702 gant
259 645 438 701 amplius
470 658 519 688 ex
556 644 706 688 Bened.
744 643 833 688 XlV
870 645 960 689 Ιίῑῐ.5
993 651 1104 701 app.⁸
1137 650 1357 688 accuratae
1405 645 1772 688 determinationes

139 715 190 759 de
223 715 414 759 clausura
449 721 486 759 et
520 716 655 773 sigillo
689 716 866 759 duorum
902 716 951 759 ad
988 715 1064 759 hoc
1099 716 1315 759 librorum.
1351 716 1524 759 Possunt
1557 720 1692 758 tamen
1729 720 1771 758 ut

139 799 309 830 normae
343 787 573 830 directivae
606 788 658 830 ab
690 784 926 832 Ordinariis
958 790 1133 831 servari.

256 857 287 901 E
321 863 463 902 contra
499 861 642 915 vigere
675 859 879 902 dicendae
911 863 1006 902 sunt
1039 861 1387 915 praescriptiones
1421 860 1458 901 in
1483 861 1568 901 cit.⁸
1598 858 1681 916 §5³
1706 872 1771 914 po-

137 931 240 973 sitae
263 930 398 987 qnoad
425 930 787 973 denunciationem
808 927 1044 974 Ordinariis
1063 929 1311 983 faciendam,
1331 934 1416 972 tum
1437 929 1487 972 de
1507 931 1769 972 matrimonio

140 1003 420 1044 conscientiae
463 1000 687 1052 celebrato,
722 1006 808 1044 tum
842 1001 893 1044 de
929 1000 1042 1057 prole
1087 1001 1222 1044 forsan
1267 1005 1471 1057 suscepta,
1509 1000 1575 1043 ubi
1621 1005 1659 1043 et
1692 999 1768 1044 sub

137 1070 289 1128 quibus
313 1071 593 1115 notationibus
618 1071 832 1128 baptizata.
858 1071 965 1114 Ecce
1000 1076 1164 1114 textus:
1194 1087 1216 1112 «
1238 1070 1455 1115 Celebrato
1473 1076 1609 1114 autem
1634 1073 1770 1114 matri-

138 1145 290 1195 monio,
325 1142 494 1186 indilate
516 1155 536 1185 a
564 1142 756 1199 parocho,
781 1142 842 1185 vel
877 1142 957 1185 alio
981 1142 1218 1193 Sacerdote,
1242 1154 1381 1186 coram
1417 1155 1499 1199 quo
1524 1144 1669 1185 initum
1695 1147 1767 1195 est,

136 1213 384 1257 exhibeatur
418 1213 622 1270 Episcopo
657 1213 767 1256 illius
799 1216 998 1270 scriptum
1035 1213 1350 1263 documentum,
1375 1226 1468 1256 cum
1495 1218 1587 1256 nota
1616 1212 1706 1268 loci,
1731 1218 1769 1256 et

137 1286 348 1341 temporis,
382 1287 635 1342 testiumque
668 1286 736 1341 qui
772 1283 1039 1327 celebrationi
1076 1285 1367 1328 interfuerunt.
1403 1283 1521 1327 Fides
1553 1297 1625 1327 seu
1660 1284 1768 1328 Atte-

134 1363 332 1405 stationes
367 1361 500 1406 illae...
528 1361 859 1405 transcribantur
883 1363 920 1404 in
945 1361 1055 1404 dicto
1080 1360 1215 1414 Libro,
1241 1363 1374 1418 prouti
1406 1363 1539 1404 iacent
1562 1361 1614 1404 de
1640 1360 1767 1405 verbo

134 1432 185 1475 ad
222 1431 413 1487 verbum,
446 1444 467 1475 a
503 1445 676 1488 persona
710 1431 762 1475 ab
794 1431 1011 1488 Episcopis
1048 1432 1300 1488 deputanda,
1334 1445 1441 1490 quae
1480 1432 1588 1488 apud
1624 1445 1768 1475 omnes

134 1505 397 1560 integritatis,
418 1502 662 1561 probatique
682 1506 860 1546 nominis
884 1503 1138 1546 loculentum
1163 1502 1313 1547 habeat
1330 1505 1628 1546 testimonium.
1648 1502 1767 1546 Fides

135 1587 234 1618 vero
267 1579 307 1618 et
339 1577 624 1618 attestationes
657 1576 769 1631 ipsae
805 1577 842 1617 in
877 1576 1091 1618 secretiori
1126 1574 1229 1628 loco,
1263 1579 1411 1624 sartae,
1437 1580 1653 1631 tectaeque
1686 1587 1768 1617 ser-

134 1651 346 1689 ventur».
381 1645 515 1689 Hodie
563 1646 670 1702 apud
706 1651 913 1690 secretum
956 1645 1175 1690 archivum
1221 1646 1271 1690 ad
1308 1658 1494 1689 normam
1541 1659 1630 1690 can.
1667 1645 1765 1702 379,

133 1718 158 1771 ἓ
177 1717 214 1760 1.
238 1742 287 1748 —
315 1733 333 1757 «
353 1719 378 1771 ἓ
399 1717 466 1760 11.
486 1716 605 1772 Quod
626 1719 656 1760 si
677 1730 725 1760 ex
751 1717 914 1760 occulto
933 1716 1172 1760 huiusmodi
1193 1719 1457 1760 matrimonio
1477 1717 1632 1774 prolem
1654 1720 1765 1761 nasci

133 1791 359 1845 contingat,
388 1788 475 1832 vuit
498 1788 649 1833 Bened.
674 1787 780 1839 XIV,
805 1788 913 1846 quod
939 1801 961 1831 a
988 1793 1102 1845 patre
1126 1787 1330 1844 baptizati,
1351 1801 1482 1845 eoque
1500 1788 1695 1831 defuncto
1713 1788 1765 1832 ab

133 1858 243 1903 illius
267 1865 398 1903 matre
417 1864 607 1916 suscepta
636 1858 771 1915 proles
789 1858 993 1916 Episcopo
1012 1859 1306 1909 denuntietur;
1327 1859 1521 1916 dictaque
1539 1859 1764 1903 denuncia-

132 1932 188 1974 tio
213 1931 295 1985 liat,
325 1930 386 1974 vel
415 1930 653 1974 immediate
678 1943 750 1986 per
774 1935 966 1986 parentes
991 1932 1111 1987 ipsos,
1141 1930 1201 1973 iel
1230 1943 1302 1986 per
1325 1930 1482 1973 litteras
1505 1944 1647 1973 eorum
1674 1929 1767 1974 cha-

131 2006 293 2045 ractere
317 2007 523 2055 exaratas,
550 2001 614 2044 vet
651 2015 723 2058 per
755 2001 836 2044 tide
869 2001 1038 2057 dignam
1074 2014 1291 2058 personam
1318 2002 1369 2045 ab
1393 2003 1491 2058 ipsis
1526 2001 1766 2058 parentibus

132 2074 408 2130 designatam,
444 2078 485 2116 ut
520 2077 634 2116 certo
658 2078 697 2116 et
730 2072 841 2116 clare
861 2077 1032 2127 constet,
1057 2072 1166 2130 quod
1203 2072 1352 2129 proles,
1378 2072 1446 2115 tali
1474 2072 1575 2118 loco.
1601 2077 1641 2116 et
1664 2078 1766 2116 tem-

133 2157 243 2201 pore.
272 2144 336 2187 vel
364 2146 550 2198 reticitis,
577 2143 639 2187 vel
671 2143 772 2187 salso
805 2146 1014 2199 expressis
1047 2142 1285 2186 nominibus
1309 2149 1524 2200 parentum
1563 2143 1762 2200 baptizata

131 2220 191 2259 est
225 2212 422 2272 legitima,
461 2215 552 2258 licet
589 2214 739 2259 occulti
774 2217 1026 2259 matrimonii
1063 2215 1228 2258 foedere
1253 2220 1481 2272 procreata.
1517 2215 1632 2270 Quae
1665 2229 1764 2259 sane

130 2289 267 2330 omnia
302 2300 397 2331 cum
431 2286 648 2344 Episcopis
692 2288 1006 2331 innotuerint....
1043 2288 1079 2328 in
1116 2285 1221 2330 libro
1256 2286 1434 2330 tideliter
1477 2286 1766 2330 describentur

129 2357 181 2402 ab
213 2371 275 2413 eo,
308 2360 375 2402 cui
419 2359 523 2402 facta
568 2363 628 2401 est
674 2362 853 2414 potestas
884 2357 1108 2401 adnotandi
1153 2359 1416 2401 matrimonia
1460 2358 1622 2401 occulto
1656 2357 1762 2402 cele-

131 2428 261 2472 brata.
296 2428 418 2473 Liber
451 2431 488 2472 in
524 2442 646 2486 quem
689 2429 1002 2485 baptizatorum,
1038 2441 1085 2471 ac
1120 2431 1335 2486 utriusque
1380 2431 1563 2485 parentis
1596 2432 1761 2473 nomina

131 2500 373 2554 referentur,
393 2502 587 2557 quamvis
611 2502 809 2556 distingui
830 2499 976 2543 debeat
998 2498 1048 2543 ab
1072 2499 1201 2542 altero
1222 2501 1598 2554 matrimoniorum,
1617 2500 1761 2543 eadem

128 2575 265 2613 tamen
290 2570 518 2627 diligentia,
545 2571 778 2628 iisdemque
801 2570 974 2614 cautelis
1000 2573 1037 2613 in
1062 2570 1310 2614 cancelleria
1336 2570 1560 2628 episcopali
1585 2570 1763 2623 clausus,

127 2646 167 2685 et
189 2641 335 2698 sigillis
357 2641 600 2698 obsignatus
623 2644 701 2685 erit
735 2641 1045 2697 custodiendus,
1073 2647 1192 2698 prout
1222 2641 1371 2685 librum
1406 2644 1761 2685 matrimoniorum

128 2715 248 2754 caute
281 2712 480 2755 custodiri
515 2726 641 2769 supra
676 2712 955 2755 mandavit».

245 2780 436 2839 Denique
473 2783 593 2828 valde
641 2783 868 2827 notandum
910 2785 979 2838 «ξ
1014 2783 1080 2826 14.
1120 2782 1318 2827 Volumus
1351 2784 1533 2842 denique
1567 2797 1613 2828 ac
1650 2797 1763 2827 man-

129 2853 291 2907 damus,
324 2853 426 2897 tides
459 2867 529 2897 seu
564 2857 848 2899 attestationes
881 2853 1132 2898 Matrimonii
1177 2854 1282 2898 clam
1320 2857 1421 2910 initi,
1456 2860 1492 2898 et
1527 2854 1679 2899 sobolis
1712 2869 1760 2898 ex

128 2937 176 2968 eo
200 2929 442 2981 procreatae
465 2931 662 2983 exceptas
694 2939 742 2969 ex
767 2926 890 2969 dictis
922 2924 1067 2981 Libris,
1096 2926 1217 2970 modo
1241 2939 1322 2983 quo
1346 2928 1501 2970 dictum
1538 2931 1612 2979 est,
1638 2929 1761 2980 (nunc
