<?xml version="1.0" encoding="UTF-8"?>
<!DOCTYPE html PUBLIC "-//W3C//DTD XHTML 1.0 Transitional//EN"
    "http://www.w3.org/TR/xhtml1/DTD/xhtml1-transitional.dtd">
<html xmlns="http://www.w3.org/1999/xhtml" xml:lang="en" lang="en">
 <head>
  <title>
</title>
<meta http-equiv="Content-Type" content="text/html;charset=utf-8" />
  <meta name='ocr-system' content='tesseract 3.04.00' />
  <meta name='ocr-capabilities' content='ocr_page ocr_carea ocr_par ocr_line ocrx_word'/>
</head>
<body>
  <div class='ocr_page' id='page_1' title='image "./p1commentariumte03blatuoft_0576.png"; bbox 0 0 1971 3261; ppageno 0'>
   <div class='ocr_carea' id='block_1_1' title="bbox 208 116 1836 155">
    <p class='ocr_par' dir='ltr' id='par_1_1' title="bbox 208 116 1836 155">
     <span class='ocr_line' id='line_1_1' title="bbox 208 116 1836 155; baseline 0.002 -3"><span class='ocrx_word' id='word_1_1' title='bbox 208 118 277 152; x_wconf 83' lang='lat'>562</span> <span class='ocrx_word' id='word_1_2' title='bbox 610 117 695 151; x_wconf 73' lang='lat' dir='ltr'>Lm.</span> <span class='ocrx_word' id='word_1_3' title='bbox 724 116 797 151; x_wconf 86' lang='lat'>111.</span> <span class='ocrx_word' id='word_1_4' title='bbox 826 136 839 142; x_wconf 94' lang='lat'><strong>·</strong></span> <span class='ocrx_word' id='word_1_5' title='bbox 866 117 978 151; x_wconf 80' lang='lat' dir='ltr'>PARS</span> <span class='ocrx_word' id='word_1_6' title='bbox 1002 117 1020 151; x_wconf 83' lang='grc' dir='ltr'>Ι</span> <span class='ocrx_word' id='word_1_7' title='bbox 1065 137 1075 143; x_wconf 87' lang='grc'>-</span> <span class='ocrx_word' id='word_1_8' title='bbox 1103 117 1159 152; x_wconf 83' lang='lat' dir='ltr'>De</span> <span class='ocrx_word' id='word_1_9' title='bbox 1182 116 1447 152; x_wconf 71' lang='lat' dir='ltr'>Sacramentis</span> <span class='ocrx_word' id='word_1_10' title='bbox 1619 117 1713 154; x_wconf 80' lang='lat' dir='ltr'>Can.</span> <span class='ocrx_word' id='word_1_11' title='bbox 1740 118 1836 155; x_wconf 76' lang='lat'><strong>1063</strong></span> 
     </span>
    </p>
   </div>
   <div class='ocr_carea' id='block_1_2' title="bbox 211 170 1717 190">
    <p class='ocr_par' dir='ltr' id='par_1_2' title="bbox 211 170 1717 190">
     <span class='ocr_line' id='line_1_2' title="bbox 211 170 1717 190; baseline 0 0"><span class='ocrx_word' id='word_1_12' title='bbox 211 170 1717 190; x_wconf 95' lang='lat' dir='ltr'> </span> 
     </span>
    </p>
   </div>
   <div class='ocr_carea' id='block_1_3' title="bbox 210 235 1959 2910">
    <p class='ocr_par' dir='ltr' id='par_1_3' title="bbox 210 235 1953 1641">
     <span class='ocr_line' id='line_1_3' title="bbox 328 235 1835 294; baseline 0.001 -14"><span class='ocrx_word' id='word_1_13' title='bbox 328 235 496 294; x_wconf 88' lang='lat' dir='ltr'>Optimo</span> <span class='ocrx_word' id='word_1_14' title='bbox 531 239 656 293; x_wconf 84' lang='lat' dir='ltr'>igitur</span> <span class='ocrx_word' id='word_1_15' title='bbox 689 238 784 280; x_wconf 89' lang='lat' dir='ltr'>iure</span> <span class='ocrx_word' id='word_1_16' title='bbox 812 240 968 280; x_wconf 87' lang='lat' dir='ltr'>retenta</span> <span class='ocrx_word' id='word_1_17' title='bbox 1001 240 1062 280; x_wconf 88' lang='lat' dir='ltr'>est</span> <span class='ocrx_word' id='word_1_18' title='bbox 1094 235 1317 292; x_wconf 85' lang='lat' dir='ltr'>prohibitio</span> <span class='ocrx_word' id='word_1_19' title='bbox 1353 237 1393 278; x_wconf 93' lang='lat' dir='ltr'>in</span> <span class='ocrx_word' id='word_1_20' title='bbox 1428 249 1518 279; x_wconf 76' lang='lat' dir='ltr'>cau.</span> <span class='ocrx_word' id='word_1_21' title='bbox 1545 238 1665 280; x_wconf 82' lang='lat'><em>1063</em></span> <span class='ocrx_word' id='word_1_22' title='bbox 1686 239 1835 294; x_wconf 89' lang='lat' dir='ltr'>apponi</span> 
     </span>
     <span class='ocr_line' id='line_1_4' title="bbox 210 305 1836 364; baseline 0 -13"><span class='ocrx_word' id='word_1_23' title='bbox 210 308 327 352; x_wconf 89' lang='lat' dir='ltr'>solita</span> <span class='ocrx_word' id='word_1_24' title='bbox 363 320 435 364; x_wconf 92' lang='lat' dir='ltr'>per</span> <span class='ocrx_word' id='word_1_25' title='bbox 466 307 536 351; x_wconf 81' lang='lat' dir='ltr'>S.¹¹¹</span> <span class='ocrx_word' id='word_1_26' title='bbox 583 305 763 363; x_wconf 51' lang='lat' dir='ltr'>Congium</span> <span class='ocrx_word' id='word_1_27' title='bbox 810 306 1091 364; x_wconf 72' lang='lat' dir='ltr'>inquisitionis</span> <span class='ocrx_word' id='word_1_28' title='bbox 1137 306 1492 362; x_wconf 80' lang='lat' dir='ltr'>dispensationum</span> <span class='ocrx_word' id='word_1_29' title='bbox 1545 309 1754 364; x_wconf 76' lang='lat' dir='ltr'>rescriptis</span> <span class='ocrx_word' id='word_1_30' title='bbox 1786 307 1836 351; x_wconf 91' lang='lat' dir='ltr'>ad</span> 
     </span>
     <span class='ocr_line' id='line_1_5' title="bbox 212 374 1840 435; baseline 0.001 -14"><span class='ocrx_word' id='word_1_31' title='bbox 212 381 339 421; x_wconf 88' lang='lat' dir='ltr'>mixta</span> <span class='ocrx_word' id='word_1_32' title='bbox 374 377 656 422; x_wconf 85' lang='lat' dir='ltr'>contrahenda</span> <span class='ocrx_word' id='word_1_33' title='bbox 690 379 965 422; x_wconf 87' lang='lat' dir='ltr'>matrimonia.</span> <span class='ocrx_word' id='word_1_34' title='bbox 998 377 1026 435; x_wconf 60' lang='grc' dir='ltr'>ξ</span> <span class='ocrx_word' id='word_1_35' title='bbox 1059 377 1096 420; x_wconf 93' lang='grc'>1.</span> <span class='ocrx_word' id='word_1_36' title='bbox 1125 375 1221 420; x_wconf 77' lang='lat' dir='ltr'>Etsi</span> <span class='ocrx_word' id='word_1_37' title='bbox 1253 375 1303 419; x_wconf 84' lang='lat' dir='ltr'>ab</span> <span class='ocrx_word' id='word_1_38' title='bbox 1337 374 1545 432; x_wconf 77' lang='lat' dir='ltr'>Ecclesia,</span> <span class='ocrx_word' id='word_1_39' title='bbox 1579 377 1762 421; x_wconf 91' lang='lat' dir='ltr'>scilicet:</span> <span class='ocrx_word' id='word_1_40' title='bbox 1786 377 1840 422; x_wconf 91' lang='lat' dir='ltr'>ab</span> 
     </span>
     <span class='ocr_line' id='line_1_6' title="bbox 212 447 1843 507; baseline -0.002 -13"><span class='ocrx_word' id='word_1_41' title='bbox 212 449 448 507; x_wconf 86' lang='lat' dir='ltr'>Apostolica</span> <span class='ocrx_word' id='word_1_42' title='bbox 482 448 588 492; x_wconf 79' lang='lat' dir='ltr'>Sede</span> <span class='ocrx_word' id='word_1_43' title='bbox 624 448 686 491; x_wconf 90' lang='lat' dir='ltr'>vel</span> <span class='ocrx_word' id='word_1_44' title='bbox 721 461 770 492; x_wconf 91' lang='lat' dir='ltr'>ex</span> <span class='ocrx_word' id='word_1_45' title='bbox 805 450 894 491; x_wconf 90' lang='lat' dir='ltr'>eius</span> <span class='ocrx_word' id='word_1_46' title='bbox 924 447 1115 504; x_wconf 83' lang='lat' dir='ltr'>delegata</span> <span class='ocrx_word' id='word_1_47' title='bbox 1157 447 1402 491; x_wconf 89' lang='lat' dir='ltr'>derivatave</span> <span class='ocrx_word' id='word_1_48' title='bbox 1447 447 1746 503; x_wconf 88' lang='lat' dir='ltr'>iurisdictione,</span> <span class='ocrx_word' id='word_1_49' title='bbox 1778 447 1843 491; x_wconf 87' lang='lat' dir='ltr'>ob·</span> 
     </span>
     <span class='ocr_line' id='line_1_7' title="bbox 213 517 1840 577; baseline -0.002 -13"><span class='ocrx_word' id='word_1_50' title='bbox 213 526 328 564; x_wconf 78' lang='lat' dir='ltr'>teuta</span> <span class='ocrx_word' id='word_1_51' title='bbox 358 519 414 563; x_wconf 82' lang='lat' dir='ltr'>sil</span> <span class='ocrx_word' id='word_1_52' title='bbox 446 519 721 577; x_wconf 77' lang='lat' dir='ltr'>dispensatio,</span> <span class='ocrx_word' id='word_1_53' title='bbox 756 531 862 576; x_wconf 90' lang='lat' dir='ltr'>quae</span> <span class='ocrx_word' id='word_1_54' title='bbox 895 531 974 561; x_wconf 91' lang='lat' dir='ltr'>nou</span> <span class='ocrx_word' id='word_1_55' title='bbox 1010 517 1160 575; x_wconf 82' lang='lat' dir='ltr'>pendet</span> <span class='ocrx_word' id='word_1_56' title='bbox 1182 517 1234 562; x_wconf 90' lang='lat' dir='ltr'>ab</span> <span class='ocrx_word' id='word_1_57' title='bbox 1258 517 1381 560; x_wconf 91' lang='lat' dir='ltr'>huius</span> <span class='ocrx_word' id='word_1_58' title='bbox 1423 519 1665 574; x_wconf 80' lang='lat' dir='ltr'>praescripti</span> <span class='ocrx_word' id='word_1_59' title='bbox 1700 518 1840 563; x_wconf 90' lang='lat' dir='ltr'>obser-</span> 
     </span>
     <span class='ocr_line' id='line_1_8' title="bbox 215 587 1847 648; baseline -0.001 -14"><span class='ocrx_word' id='word_1_60' title='bbox 215 593 369 646; x_wconf 83' lang='lat' dir='ltr'>vantia,</span> <span class='ocrx_word' id='word_1_61' title='bbox 402 603 528 648; x_wconf 79' lang='lat' dir='ltr'>super</span> <span class='ocrx_word' id='word_1_62' title='bbox 560 588 854 648; x_wconf 77' lang='lat' dir='ltr'>impedimento</span> <span class='ocrx_word' id='word_1_63' title='bbox 902 589 1061 632; x_wconf 73' lang='lat' dir='ltr'>mioelae</span> <span class='ocrx_word' id='word_1_64' title='bbox 1106 587 1329 644; x_wconf 75' lang='lat' dir='ltr'>reliyionis</span> <span class='ocrx_word' id='word_1_65' title='bbox 1381 589 1546 644; x_wconf 85' lang='lat' dir='ltr'>proprie</span> <span class='ocrx_word' id='word_1_66' title='bbox 1588 590 1647 632; x_wconf 92' lang='lat' dir='ltr'>sic</span> <span class='ocrx_word' id='word_1_67' title='bbox 1681 593 1847 644; x_wconf 88' lang='lat' dir='ltr'>vocato,</span> 
     </span>
     <span class='ocr_line' id='line_1_9' title="bbox 214 657 1845 721; baseline -0.001 -15"><span class='ocrx_word' id='word_1_68' title='bbox 214 675 320 721; x_wconf 91' lang='lat' dir='ltr'>quae</span> <span class='ocrx_word' id='word_1_69' title='bbox 352 661 574 720; x_wconf 87' lang='lat' dir='ltr'>appellatio</span> <span class='ocrx_word' id='word_1_70' title='bbox 607 664 646 704; x_wconf 92' lang='lat' dir='ltr'>in</span> <span class='ocrx_word' id='word_1_71' title='bbox 682 665 890 717; x_wconf 91' lang='lat' dir='ltr'>posterum</span> <span class='ocrx_word' id='word_1_72' title='bbox 929 661 1008 703; x_wconf 91' lang='lat' dir='ltr'>erit</span> <span class='ocrx_word' id='word_1_73' title='bbox 1031 658 1266 702; x_wconf 88' lang='lat' dir='ltr'>huiusmodi</span> <span class='ocrx_word' id='word_1_74' title='bbox 1292 657 1582 714; x_wconf 85' lang='lat' dir='ltr'>impedimenti</span> <span class='ocrx_word' id='word_1_75' title='bbox 1610 659 1845 716; x_wconf 87' lang='lat' dir='ltr'>peculiaris,</span> 
     </span>
     <span class='ocr_line' id='line_1_10' title="bbox 215 728 1849 791; baseline -0.002 -14"><span class='ocrx_word' id='word_1_76' title='bbox 215 734 411 791; x_wconf 73' lang='lat' dir='ltr'>coniuyes</span> <span class='ocrx_word' id='word_1_77' title='bbox 443 738 663 790; x_wconf 70' lang='lat' dir='ltr'>nequeunt,</span> <span class='ocrx_word' id='word_1_78' title='bbox 699 732 739 775; x_wconf 82' lang='lat' dir='ltr'>hi</span> <span class='ocrx_word' id='word_1_79' title='bbox 773 744 922 788; x_wconf 89' lang='lat' dir='ltr'>nempe</span> <span class='ocrx_word' id='word_1_80' title='bbox 955 729 1241 787; x_wconf 86' lang='lat' dir='ltr'>prohibentur,</span> <span class='ocrx_word' id='word_1_81' title='bbox 1274 731 1313 784; x_wconf 80' lang='lat' dir='ltr'>a)</span> <span class='ocrx_word' id='word_1_82' title='bbox 1346 728 1409 772; x_wconf 89' lang='lat' dir='ltr'>vel</span> <span class='ocrx_word' id='word_1_83' title='bbox 1446 729 1626 773; x_wconf 73' lang='lat' dir='ltr'>aute-vel</span> <span class='ocrx_word' id='word_1_84' title='bbox 1646 735 1742 788; x_wconf 86' lang='lat' dir='ltr'>post</span> <span class='ocrx_word' id='word_1_85' title='bbox 1763 745 1849 774; x_wconf 83' lang='lat' dir='ltr'>ma-</span> 
     </span>
     <span class='ocr_line' id='line_1_11' title="bbox 216 800 1848 862; baseline -0.003 -13"><span class='ocrx_word' id='word_1_86' title='bbox 216 805 475 859; x_wconf 73' lang='lat' dir='ltr'>trimonium,</span> <span class='ocrx_word' id='word_1_87' title='bbox 514 805 610 861; x_wconf 92' lang='lat' dir='ltr'>quia</span> <span class='ocrx_word' id='word_1_88' title='bbox 644 802 767 846; x_wconf 89' lang='lat' dir='ltr'>huius</span> <span class='ocrx_word' id='word_1_89' title='bbox 798 800 1021 862; x_wconf 79' lang='lat' dir='ltr'>celebratio</span> <span class='ocrx_word' id='word_1_90' title='bbox 1063 801 1114 844; x_wconf 88' lang='lat' dir='ltr'>ad</span> <span class='ocrx_word' id='word_1_91' title='bbox 1164 802 1339 844; x_wconf 85' lang='lat' dir='ltr'>vetitum</span> <span class='ocrx_word' id='word_1_92' title='bbox 1383 812 1466 843; x_wconf 93' lang='lat' dir='ltr'>non</span> <span class='ocrx_word' id='word_1_93' title='bbox 1522 801 1664 857; x_wconf 80' lang='lat' dir='ltr'>refert,</span> <span class='ocrx_word' id='word_1_94' title='bbox 1707 814 1848 845; x_wconf 84' lang='lat' dir='ltr'>coram</span> 
     </span>
     <span class='ocr_line' id='line_1_12' title="bbox 215 870 1849 929; baseline -0.004 -8"><span class='ocrx_word' id='word_1_95' title='bbox 215 876 408 922; x_wconf 77' lang='lat' dir='ltr'>Ecclesia</span> <span class='ocrx_word' id='word_1_96' title='bbox 440 875 606 929; x_wconf 76' lang='lat' dir='ltr'>initum,</span> <span class='ocrx_word' id='word_1_97' title='bbox 642 874 681 917; x_wconf 92' lang='lat' dir='ltr'>id</span> <span class='ocrx_word' id='word_1_98' title='bbox 716 878 799 917; x_wconf 89' lang='lat' dir='ltr'>est:</span> <span class='ocrx_word' id='word_1_99' title='bbox 833 873 1063 917; x_wconf 89' lang='lat' dir='ltr'>secundum</span> <span class='ocrx_word' id='word_1_100' title='bbox 1111 885 1163 916; x_wconf 90' lang='lat' dir='ltr'>ss.</span> <span class='ocrx_word' id='word_1_101' title='bbox 1213 883 1392 915; x_wconf 89' lang='lat' dir='ltr'>canones</span> <span class='ocrx_word' id='word_1_102' title='bbox 1438 870 1489 914; x_wconf 89' lang='lat' dir='ltr'>de</span> <span class='ocrx_word' id='word_1_103' title='bbox 1533 872 1661 927; x_wconf 89' lang='lat' dir='ltr'>ipsius</span> <span class='ocrx_word' id='word_1_104' title='bbox 1702 873 1849 927; x_wconf 84' lang='lat' dir='ltr'>forma,</span> 
     </span>
     <span class='ocr_line' id='line_1_13' title="bbox 219 940 1852 1005; baseline -0.004 -14"><span class='ocrx_word' id='word_1_105' title='bbox 219 948 260 1005; x_wconf 93' lang='lat' dir='ltr'>b)</span> <span class='ocrx_word' id='word_1_106' title='bbox 297 946 418 990; x_wconf 83' lang='lat' dir='ltr'>adire</span> <span class='ocrx_word' id='word_1_107' title='bbox 450 959 624 1004; x_wconf 80' lang='lat' dir='ltr'>quoque,</span> <span class='ocrx_word' id='word_1_108' title='bbox 648 947 744 1002; x_wconf 91' lang='lat' dir='ltr'>quia</span> <span class='ocrx_word' id='word_1_109' title='bbox 768 944 870 987; x_wconf 88' lang='lat' dir='ltr'>illud</span> <span class='ocrx_word' id='word_1_110' title='bbox 895 944 1141 1000; x_wconf 91' lang='lat' dir='ltr'>supponitur</span> <span class='ocrx_word' id='word_1_111' title='bbox 1163 954 1328 998; x_wconf 88' lang='lat' dir='ltr'>semper</span> <span class='ocrx_word' id='word_1_112' title='bbox 1350 940 1655 985; x_wconf 91' lang='lat' dir='ltr'>celebrandum</span> <span class='ocrx_word' id='word_1_113' title='bbox 1682 947 1852 999; x_wconf 84' lang='lat' dir='ltr'>propter</span> 
     </span>
     <span class='ocr_line' id='line_1_14' title="bbox 216 1012 1848 1075; baseline -0.005 -12"><span class='ocrx_word' id='word_1_114' title='bbox 216 1020 566 1075; x_wconf 83' lang='lat' dir='ltr'>dispensationem</span> <span class='ocrx_word' id='word_1_115' title='bbox 616 1016 840 1070; x_wconf 81' lang='lat' dir='ltr'>obtentam,</span> <span class='ocrx_word' id='word_1_116' title='bbox 888 1014 929 1072; x_wconf 87' lang='lat' dir='ltr'>c)</span> <span class='ocrx_word' id='word_1_117' title='bbox 962 1014 1048 1057; x_wconf 72' lang='lat' dir='ltr'>sive</span> <span class='ocrx_word' id='word_1_118' title='bbox 1077 1027 1154 1071; x_wconf 77' lang='lat' dir='ltr'>per</span> <span class='ocrx_word' id='word_1_119' title='bbox 1185 1026 1229 1056; x_wconf 86' lang='lat' dir='ltr'>se</span> <span class='ocrx_word' id='word_1_120' title='bbox 1261 1012 1347 1055; x_wconf 78' lang='lat' dir='ltr'>sz&#39;ve</span> <span class='ocrx_word' id='word_1_121' title='bbox 1389 1026 1467 1070; x_wconf 85' lang='lat' dir='ltr'>per</span> <span class='ocrx_word' id='word_1_122' title='bbox 1510 1018 1848 1071; x_wconf 82' lang='lat' dir='ltr'>procuratorem,</span> 
     </span>
     <span class='ocr_line' id='line_1_15' title="bbox 217 1083 1849 1139; baseline -0.004 -6"><span class='ocrx_word' id='word_1_123' title='bbox 217 1104 311 1134; x_wconf 92' lang='lat' dir='ltr'>cum</span> <span class='ocrx_word' id='word_1_124' title='bbox 346 1092 468 1133; x_wconf 92' lang='lat' dir='ltr'>etiam</span> <span class='ocrx_word' id='word_1_125' title='bbox 503 1088 733 1132; x_wconf 88' lang='lat' dir='ltr'>secundum</span> <span class='ocrx_word' id='word_1_126' title='bbox 767 1086 961 1131; x_wconf 88' lang='lat' dir='ltr'>Codicem</span> <span class='ocrx_word' id='word_1_127' title='bbox 1008 1087 1045 1128; x_wconf 91' lang='lat' dir='ltr'>in</span> <span class='ocrx_word' id='word_1_128' title='bbox 1090 1084 1168 1128; x_wconf 90' lang='lat' dir='ltr'>hoc</span> <span class='ocrx_word' id='word_1_129' title='bbox 1204 1085 1341 1139; x_wconf 87' lang='lat' dir='ltr'>vigeat</span> <span class='ocrx_word' id='word_1_130' title='bbox 1386 1096 1472 1139; x_wconf 82' lang='lat' dir='ltr'>reg.</span> <span class='ocrx_word' id='word_1_131' title='bbox 1507 1085 1608 1126; x_wconf 88' lang='lat' dir='ltr'>iuris</span> <span class='ocrx_word' id='word_1_132' title='bbox 1641 1083 1696 1126; x_wconf 72' lang='lat'>7⁶2</span> <span class='ocrx_word' id='word_1_133' title='bbox 1731 1085 1768 1126; x_wconf 93' lang='lat' dir='ltr'>in</span> <span class='ocrx_word' id='word_1_134' title='bbox 1805 1085 1849 1125; x_wconf 77' lang='lat'>60</span> 
     </span>
     <span class='ocr_line' id='line_1_16' title="bbox 222 1153 1847 1217; baseline -0.006 -12"><span class='ocrx_word' id='word_1_135' title='bbox 222 1179 243 1204; x_wconf 78' lang='grc' dir='ltr'>α</span> <span class='ocrx_word' id='word_1_136' title='bbox 266 1163 345 1217; x_wconf 84' lang='lat' dir='ltr'>Qui</span> <span class='ocrx_word' id='word_1_137' title='bbox 382 1162 479 1204; x_wconf 87' lang='lat' dir='ltr'>facit</span> <span class='ocrx_word' id='word_1_138' title='bbox 513 1173 585 1216; x_wconf 91' lang='lat' dir='ltr'>per</span> <span class='ocrx_word' id='word_1_139' title='bbox 618 1159 758 1208; x_wconf 85' lang='lat' dir='ltr'>alium,</span> <span class='ocrx_word' id='word_1_140' title='bbox 784 1162 844 1200; x_wconf 89' lang='lat' dir='ltr'>est</span> <span class='ocrx_word' id='word_1_141' title='bbox 868 1156 1039 1213; x_wconf 86' lang='lat' dir='ltr'>perinde</span> <span class='ocrx_word' id='word_1_142' title='bbox 1062 1168 1110 1199; x_wconf 92' lang='lat' dir='ltr'>ac</span> <span class='ocrx_word' id='word_1_143' title='bbox 1132 1156 1164 1198; x_wconf 89' lang='lat' dir='ltr'>si</span> <span class='ocrx_word' id='word_1_144' title='bbox 1191 1156 1313 1198; x_wconf 83' lang='lat' dir='ltr'>faciat</span> <span class='ocrx_word' id='word_1_145' title='bbox 1339 1167 1414 1210; x_wconf 88' lang='lat' dir='ltr'>per</span> <span class='ocrx_word' id='word_1_146' title='bbox 1437 1155 1618 1210; x_wconf 91' lang='lat' dir='ltr'>seipsum</span> <span class='ocrx_word' id='word_1_147' title='bbox 1643 1169 1683 1209; x_wconf 71' lang='lat' dir='ltr'>n,</span> <span class='ocrx_word' id='word_1_148' title='bbox 1708 1153 1750 1211; x_wconf 83' lang='lat' dir='ltr'>d)</span> <span class='ocrx_word' id='word_1_149' title='bbox 1772 1154 1847 1197; x_wconf 83' lang='lat' dir='ltr'>mi·</span> 
     </span>
     <span class='ocr_line' id='line_1_17' title="bbox 219 1224 1847 1283; baseline -0.006 -7"><span class='ocrx_word' id='word_1_150' title='bbox 219 1233 399 1276; x_wconf 78' lang='lat' dir='ltr'>nistrum</span> <span class='ocrx_word' id='word_1_151' title='bbox 432 1229 713 1274; x_wconf 70' lang='lat' dir='ltr'>acatholicum</span> <span class='ocrx_word' id='word_1_152' title='bbox 745 1231 834 1272; x_wconf 87' lang='lat' dir='ltr'>sive</span> <span class='ocrx_word' id='word_1_153' title='bbox 868 1241 946 1271; x_wconf 92' lang='lat' dir='ltr'>nou</span> <span class='ocrx_word' id='word_1_154' title='bbox 983 1226 1230 1283; x_wconf 88' lang='lat' dir='ltr'>baptizatum</span> <span class='ocrx_word' id='word_1_155' title='bbox 1265 1228 1355 1268; x_wconf 88' lang='lat' dir='ltr'>sive</span> <span class='ocrx_word' id='word_1_156' title='bbox 1393 1224 1660 1281; x_wconf 88' lang='lat' dir='ltr'>baptizatum,</span> <span class='ocrx_word' id='word_1_157' title='bbox 1683 1225 1753 1269; x_wconf 89' lang='lat' dir='ltr'>sed</span> <span class='ocrx_word' id='word_1_158' title='bbox 1777 1227 1847 1282; x_wconf 87' lang='lat' dir='ltr'>qui</span> 
     </span>
     <span class='ocr_line' id='line_1_18' title="bbox 217 1294 1852 1353; baseline -0.006 -5"><span class='ocrx_word' id='word_1_159' title='bbox 217 1309 334 1347; x_wconf 88' lang='lat' dir='ltr'>extra</span> <span class='ocrx_word' id='word_1_160' title='bbox 368 1302 595 1346; x_wconf 81' lang='lat' dir='ltr'>Ecclesiam</span> <span class='ocrx_word' id='word_1_161' title='bbox 645 1300 890 1344; x_wconf 87' lang='lat' dir='ltr'>catholicam</span> <span class='ocrx_word' id='word_1_162' title='bbox 944 1301 1146 1351; x_wconf 82' lang='lat' dir='ltr'>versatur,</span> <span class='ocrx_word' id='word_1_163' title='bbox 1181 1296 1220 1353; x_wconf 88' lang='lat' dir='ltr'>e)</span> <span class='ocrx_word' id='word_1_164' title='bbox 1258 1295 1318 1338; x_wconf 74' lang='lat' dir='ltr'>uli</span> <span class='ocrx_word' id='word_1_165' title='bbox 1351 1294 1490 1338; x_wconf 80' lang='lat' dir='ltr'>sacris</span> <span class='ocrx_word' id='word_1_166' title='bbox 1539 1294 1769 1351; x_wconf 79' lang='lat' dir='ltr'>addictum,</span> <span class='ocrx_word' id='word_1_167' title='bbox 1804 1308 1852 1338; x_wconf 92' lang='lat' dir='ltr'>eo</span> 
     </span>
     <span class='ocr_line' id='line_1_19' title="bbox 218 1365 1851 1433; baseline -0.006 -15"><span class='ocrx_word' id='word_1_168' title='bbox 218 1376 327 1433; x_wconf 91' lang='lat' dir='ltr'>quod</span> <span class='ocrx_word' id='word_1_169' title='bbox 366 1376 536 1417; x_wconf 86' lang='lat' dir='ltr'>vetitum</span> <span class='ocrx_word' id='word_1_170' title='bbox 572 1375 795 1415; x_wconf 81' lang='lat' dir='ltr'>attentatae</span> <span class='ocrx_word' id='word_1_171' title='bbox 828 1369 1217 1414; x_wconf 86' lang='lat' dir='ltr'>communicationis</span> <span class='ocrx_word' id='word_1_172' title='bbox 1236 1369 1274 1410; x_wconf 92' lang='lat' dir='ltr'>in</span> <span class='ocrx_word' id='word_1_173' title='bbox 1294 1368 1423 1410; x_wconf 89' lang='lat' dir='ltr'>sacris</span> <span class='ocrx_word' id='word_1_174' title='bbox 1443 1368 1481 1409; x_wconf 94' lang='lat' dir='ltr'>in</span> <span class='ocrx_word' id='word_1_175' title='bbox 1509 1366 1585 1410; x_wconf 91' lang='lat' dir='ltr'>hoc</span> <span class='ocrx_word' id='word_1_176' title='bbox 1607 1365 1654 1424; x_wconf 71' lang='lat'>§⁰</span> <span class='ocrx_word' id='word_1_177' title='bbox 1677 1370 1851 1423; x_wconf 83' lang='lat' dir='ltr'>urgetur</span> 
     </span>
     <span class='ocr_line' id='line_1_20' title="bbox 219 1438 1851 1505; baseline -0.007 -15"><span class='ocrx_word' id='word_1_178' title='bbox 219 1448 384 1505; x_wconf 88' lang='lat' dir='ltr'>quando</span> <span class='ocrx_word' id='word_1_179' title='bbox 398 1446 658 1501; x_wconf 82' lang='lat' dir='ltr'>adiungitur:</span> <span class='ocrx_word' id='word_1_180' title='bbox 681 1441 735 1485; x_wconf 81' lang='lat' dir='ltr'>ad</span> <span class='ocrx_word' id='word_1_181' title='bbox 754 1439 1110 1484; x_wconf 74' lang='lat' dir='ltr'>matrimonialem</span> <span class='ocrx_word' id='word_1_182' title='bbox 1128 1451 1388 1491; x_wconf 78' lang='lat' dir='ltr'>consensum,</span> <span class='ocrx_word' id='word_1_183' title='bbox 1409 1439 1481 1494; x_wconf 89' lang='lat' dir='ltr'>qui</span> <span class='ocrx_word' id='word_1_184' title='bbox 1507 1450 1580 1493; x_wconf 92' lang='lat' dir='ltr'>per</span> <span class='ocrx_word' id='word_1_185' title='bbox 1603 1450 1646 1480; x_wconf 87' lang='lat' dir='ltr'>se</span> <span class='ocrx_word' id='word_1_186' title='bbox 1673 1452 1696 1478; x_wconf 85' lang='grc'>((</span> <span class='ocrx_word' id='word_1_187' title='bbox 1714 1438 1851 1479; x_wconf 91' lang='lat' dir='ltr'>matri·</span> 
     </span>
     <span class='ocr_line' id='line_1_21' title="bbox 221 1507 1855 1572; baseline -0.007 -11"><span class='ocrx_word' id='word_1_188' title='bbox 221 1520 406 1561; x_wconf 89' lang='lat' dir='ltr'>monium</span> <span class='ocrx_word' id='word_1_189' title='bbox 442 1517 537 1559; x_wconf 80' lang='lat' dir='ltr'>facit</span> <span class='ocrx_word' id='word_1_190' title='bbox 561 1532 580 1557; x_wconf 84' lang='lat'><strong><em>»</em></strong></span> <span class='ocrx_word' id='word_1_191' title='bbox 620 1514 727 1572; x_wconf 90' lang='lat' dir='ltr'>(cau.</span> <span class='ocrx_word' id='word_1_192' title='bbox 764 1513 891 1567; x_wconf 76' lang='lat'>1081,</span> <span class='ocrx_word' id='word_1_193' title='bbox 924 1513 951 1569; x_wconf 59' lang='lat' dir='ltr'>g</span> <span class='ocrx_word' id='word_1_194' title='bbox 985 1510 1043 1568; x_wconf 81' lang='lat'>1),</span> <span class='ocrx_word' id='word_1_195' title='bbox 1073 1508 1394 1567; x_wconf 76' lang='lat' dir='ltr'>praestamlzun,</span> <span class='ocrx_word' id='word_1_196' title='bbox 1438 1510 1469 1551; x_wconf 88' lang='lat' dir='ltr'>si</span> <span class='ocrx_word' id='word_1_197' title='bbox 1520 1507 1598 1551; x_wconf 89' lang='lat' dir='ltr'>hoc</span> <span class='ocrx_word' id='word_1_198' title='bbox 1633 1507 1855 1564; x_wconf 83' lang='lat' dir='ltr'>praecedat</span> 
     </span>
     <span class='ocr_line' id='line_1_22' title="bbox 220 1579 1953 1641; baseline -0.009 -8"><span class='ocrx_word' id='word_1_199' title='bbox 220 1590 542 1641; x_wconf 83' lang='lat' dir='ltr'>sacramentum,</span> <span class='ocrx_word' id='word_1_200' title='bbox 577 1585 638 1628; x_wconf 78' lang='lat' dir='ltr'>vel</span> <span class='ocrx_word' id='word_1_201' title='bbox 668 1582 969 1636; x_wconf 58' lang='lat' dir='ltr'>reuo‘candimi,</span> <span class='ocrx_word' id='word_1_202' title='bbox 1002 1584 1034 1625; x_wconf 92' lang='lat' dir='ltr'>si</span> <span class='ocrx_word' id='word_1_203' title='bbox 1069 1580 1164 1624; x_wconf 91' lang='lat' dir='ltr'>huic</span> <span class='ocrx_word' id='word_1_204' title='bbox 1199 1579 1266 1623; x_wconf 90' lang='lat' dir='ltr'>ille</span> <span class='ocrx_word' id='word_1_205' title='bbox 1298 1579 1596 1636; x_wconf 87' lang='lat' dir='ltr'>subsequatur.</span> <span class='ocrx_word' id='word_1_206' title='bbox 1948 1630 1953 1633; x_wconf 21' lang='lat' dir='ltr'><strong><em>s</em></strong></span> 
     </span>
    </p>

    <p class='ocr_par' dir='ltr' id='par_1_4' title="bbox 221 1637 1960 2707">
     <span class='ocr_line' id='line_1_23' title="bbox 339 1641 1959 1714; baseline -0.008 -11"><span class='ocrx_word' id='word_1_207' title='bbox 339 1659 461 1705; x_wconf 85' lang='lat' dir='ltr'>Salva</span> <span class='ocrx_word' id='word_1_208' title='bbox 495 1658 802 1714; x_wconf 88' lang='lat' dir='ltr'>dispensatione</span> <span class='ocrx_word' id='word_1_209' title='bbox 835 1653 1001 1697; x_wconf 89' lang='lat' dir='ltr'>obtenta</span> <span class='ocrx_word' id='word_1_210' title='bbox 1024 1652 1205 1709; x_wconf 83' lang='lat' dir='ltr'>perfecte</span> <span class='ocrx_word' id='word_1_211' title='bbox 1231 1655 1397 1707; x_wconf 90' lang='lat' dir='ltr'>propter</span> <span class='ocrx_word' id='word_1_212' title='bbox 1427 1651 1749 1706; x_wconf 85' lang='lat' dir='ltr'>exequutionem</span> <span class='ocrx_word' id='word_1_213' title='bbox 1776 1649 1856 1691; x_wconf 78' lang='lat' dir='ltr'>ior·</span> <span class='ocrx_word' id='word_1_214' title='bbox 1894 1673 1898 1678; x_wconf 74' lang='lat'><em>‹</em></span> <span class='ocrx_word' id='word_1_215' title='bbox 1942 1641 1959 1691; x_wconf 66' lang='lat'>3³</span> 
     </span>
     <span class='ocr_line' id='line_1_24' title="bbox 222 1718 1855 1782; baseline -0.009 -6"><span class='ocrx_word' id='word_1_216' title='bbox 222 1734 340 1776; x_wconf 82' lang='lat' dir='ltr'>lassis</span> <span class='ocrx_word' id='word_1_217' title='bbox 373 1731 665 1782; x_wconf 82' lang='lat' dir='ltr'>necessariam,</span> <span class='ocrx_word' id='word_1_218' title='bbox 699 1724 931 1769; x_wconf 86' lang='lat' dir='ltr'>servandus</span> <span class='ocrx_word' id='word_1_219' title='bbox 964 1728 1024 1767; x_wconf 88' lang='lat' dir='ltr'>est</span> <span class='ocrx_word' id='word_1_220' title='bbox 1055 1723 1083 1780; x_wconf 62' lang='grc' dir='ltr'><strong>ξ</strong></span> <span class='ocrx_word' id='word_1_221' title='bbox 1117 1722 1154 1764; x_wconf 67' lang='lat'>⁶2.</span> <span class='ocrx_word' id='word_1_222' title='bbox 1191 1721 1235 1764; x_wconf 85' lang='lat' dir='ltr'>Si</span> <span class='ocrx_word' id='word_1_223' title='bbox 1266 1718 1480 1778; x_wconf 78' lang='lat' dir='ltr'>parochus</span> <span class='ocrx_word' id='word_1_224' title='bbox 1529 1725 1639 1762; x_wconf 83' lang='lat' dir='ltr'>certe</span> <span class='ocrx_word' id='word_1_225' title='bbox 1679 1719 1855 1772; x_wconf 77' lang='lat' dir='ltr'>noverit,</span> 
     </span>
     <span class='ocr_line' id='line_1_25' title="bbox 222 1789 1858 1856; baseline -0.009 -9"><span class='ocrx_word' id='word_1_226' title='bbox 222 1817 297 1847; x_wconf 91' lang='lat' dir='ltr'>nec</span> <span class='ocrx_word' id='word_1_227' title='bbox 315 1800 664 1856; x_wconf 85' lang='lat' dir='ltr'>sufficitsnspicio</span> <span class='ocrx_word' id='word_1_228' title='bbox 692 1796 754 1841; x_wconf 76' lang='lat' dir='ltr'>vel</span> <span class='ocrx_word' id='word_1_229' title='bbox 780 1794 1049 1853; x_wconf 88' lang='lat' dir='ltr'>probabilitas</span> <span class='ocrx_word' id='word_1_230' title='bbox 1071 1792 1301 1836; x_wconf 89' lang='lat' dir='ltr'>secundum</span> <span class='ocrx_word' id='word_1_231' title='bbox 1326 1793 1489 1835; x_wconf 84' lang='lat' dir='ltr'>axioma</span> <span class='ocrx_word' id='word_1_232' title='bbox 1511 1807 1519 1833; x_wconf 89' lang='lat'>:</span> <span class='ocrx_word' id='word_1_233' title='bbox 1550 1789 1718 1833; x_wconf 88' lang='lat' dir='ltr'>«Nemo</span> <span class='ocrx_word' id='word_1_234' title='bbox 1743 1802 1858 1846; x_wconf 85' lang='lat' dir='ltr'>prae—</span> 
     </span>
     <span class='ocr_line' id='line_1_26' title="bbox 221 1861 1857 1925; baseline -0.009 -7"><span class='ocrx_word' id='word_1_235' title='bbox 221 1876 399 1918; x_wconf 90' lang='lat' dir='ltr'>sumitur</span> <span class='ocrx_word' id='word_1_236' title='bbox 433 1870 580 1924; x_wconf 88' lang='lat' dir='ltr'>malus,</span> <span class='ocrx_word' id='word_1_237' title='bbox 604 1871 680 1912; x_wconf 91' lang='lat' dir='ltr'>nisi</span> <span class='ocrx_word' id='word_1_238' title='bbox 706 1867 960 1925; x_wconf 79' lang='lat' dir='ltr'>probetur»,</span> <span class='ocrx_word' id='word_1_239' title='bbox 984 1877 1171 1922; x_wconf 76' lang='lat' dir='ltr'>sponsos,</span> <span class='ocrx_word' id='word_1_240' title='bbox 1195 1863 1368 1919; x_wconf 87' lang='lat' dir='ltr'>proinde</span> <span class='ocrx_word' id='word_1_241' title='bbox 1392 1861 1648 1905; x_wconf 88' lang='lat' dir='ltr'>catholicum</span> <span class='ocrx_word' id='word_1_242' title='bbox 1675 1873 1857 1918; x_wconf 85' lang='lat' dir='ltr'>quoque,</span> 
     </span>
     <span class='ocr_line' id='line_1_27' title="bbox 223 1930 1922 2001; baseline -0.009 -13"><span class='ocrx_word' id='word_1_243' title='bbox 223 1945 330 1988; x_wconf 74' lang='lat' dir='ltr'>lianc</span> <span class='ocrx_word' id='word_1_244' title='bbox 362 1943 492 2001; x_wconf 73' lang='lat' dir='ltr'>leyem</span> <span class='ocrx_word' id='word_1_245' title='bbox 524 1941 565 2000; x_wconf 55' lang='grc' dir='ltr'><strong><em>ξ</em></strong></span> <span class='ocrx_word' id='word_1_246' title='bbox 600 1940 636 1983; x_wconf 84' lang='lat'>1¹</span> <span class='ocrx_word' id='word_1_247' title='bbox 671 1938 712 1996; x_wconf 91' lang='lat' dir='ltr'>a)</span> <span class='ocrx_word' id='word_1_248' title='bbox 745 1937 979 1982; x_wconf 75' lang='lat' dir='ltr'>violaturos</span> <span class='ocrx_word' id='word_1_249' title='bbox 1002 1949 1090 1979; x_wconf 88' lang='lat' dir='ltr'>esse</span> <span class='ocrx_word' id='word_1_250' title='bbox 1128 1939 1257 1990; x_wconf 82' lang='lat' dir='ltr'>«post</span> <span class='ocrx_word' id='word_1_251' title='bbox 1280 1934 1594 1977; x_wconf 91' lang='lat' dir='ltr'>matrimonium</span> <span class='ocrx_word' id='word_1_252' title='bbox 1618 1943 1758 1975; x_wconf 90' lang='lat' dir='ltr'>coram</span> <span class='ocrx_word' id='word_1_253' title='bbox 1781 1930 1857 1974; x_wconf 90' lang='lat' dir='ltr'>Ec·</span> <span class='ocrx_word' id='word_1_254' title='bbox 1918 1981 1922 1984; x_wconf 8' lang='grc' dir='ltr'>ζ</span> 
     </span>
     <span class='ocr_line' id='line_1_28' title="bbox 222 2001 1852 2070; baseline -0.009 -11"><span class='ocrx_word' id='word_1_255' title='bbox 222 2016 387 2060; x_wconf 82' lang='lat' dir='ltr'>clesia»</span> <span class='ocrx_word' id='word_1_256' title='bbox 425 2014 486 2070; x_wconf 58' lang='lat'>(5⁰</span> <span class='ocrx_word' id='word_1_257' title='bbox 522 2011 585 2068; x_wconf 76' lang='lat'>10)</span> <span class='ocrx_word' id='word_1_258' title='bbox 620 2011 660 2067; x_wconf 90' lang='lat' dir='ltr'>b)</span> <span class='ocrx_word' id='word_1_259' title='bbox 694 2009 756 2053; x_wconf 85' lang='lat' dir='ltr'>vel</span> <span class='ocrx_word' id='word_1_260' title='bbox 789 2009 875 2052; x_wconf 84' lang='lat' dir='ltr'>iam</span> <span class='ocrx_word' id='word_1_261' title='bbox 908 2006 1087 2050; x_wconf 84' lang='lat' dir='ltr'>violasse</span> <span class='ocrx_word' id='word_1_262' title='bbox 1119 2010 1213 2049; x_wconf 87' lang='lat' dir='ltr'>ante</span> <span class='ocrx_word' id='word_1_263' title='bbox 1247 2003 1369 2058; x_wconf 73' lang='lat' dir='ltr'>illud,</span> <span class='ocrx_word' id='word_1_264' title='bbox 1414 2004 1626 2060; x_wconf 90' lang='lat' dir='ltr'>supposita</span> <span class='ocrx_word' id='word_1_265' title='bbox 1663 2001 1730 2045; x_wconf 91' lang='lat' dir='ltr'>illa</span> <span class='ocrx_word' id='word_1_266' title='bbox 1763 2014 1852 2045; x_wconf 89' lang='lat' dir='ltr'>cer-</span> 
     </span>
     <span class='ocr_line' id='line_1_29' title="bbox 223 2073 1851 2137; baseline -0.01 -6"><span class='ocrx_word' id='word_1_267' title='bbox 223 2087 398 2131; x_wconf 89' lang='lat' dir='ltr'>titudine</span> <span class='ocrx_word' id='word_1_268' title='bbox 431 2085 481 2128; x_wconf 91' lang='lat' dir='ltr'>ad</span> <span class='ocrx_word' id='word_1_269' title='bbox 517 2083 594 2127; x_wconf 86' lang='lat' dir='ltr'>boc</span> <span class='ocrx_word' id='word_1_270' title='bbox 627 2081 857 2137; x_wconf 82' lang='lat' dir='ltr'>obligatur:</span> <span class='ocrx_word' id='word_1_271' title='bbox 892 2092 1034 2122; x_wconf 79' lang='lat' dir='ltr'>eorum</span> <span class='ocrx_word' id='word_1_272' title='bbox 1064 2075 1335 2119; x_wconf 74' lang='lat' dir='ltr'>matrimonio</span> <span class='ocrx_word' id='word_1_273' title='bbox 1368 2088 1420 2117; x_wconf 80' lang='lat' dir='ltr'>ue</span> <span class='ocrx_word' id='word_1_274' title='bbox 1443 2073 1633 2122; x_wconf 83' lang='lat' dir='ltr'>assistat,</span> <span class='ocrx_word' id='word_1_275' title='bbox 1659 2085 1766 2130; x_wconf 90' lang='lat' dir='ltr'>quae</span> <span class='ocrx_word' id='word_1_276' title='bbox 1787 2084 1851 2116; x_wconf 88' lang='lat' dir='ltr'>as-</span> 
     </span>
     <span class='ocr_line' id='line_1_30' title="bbox 223 2143 1849 2213; baseline -0.01 -11"><span class='ocrx_word' id='word_1_277' title='bbox 223 2159 407 2202; x_wconf 89' lang='lat' dir='ltr'>sistentia</span> <span class='ocrx_word' id='word_1_278' title='bbox 442 2169 513 2213; x_wconf 89' lang='lat' dir='ltr'>per</span> <span class='ocrx_word' id='word_1_279' title='bbox 545 2167 588 2198; x_wconf 90' lang='lat' dir='ltr'>se</span> <span class='ocrx_word' id='word_1_280' title='bbox 621 2153 684 2196; x_wconf 90' lang='lat' dir='ltr'>vel</span> <span class='ocrx_word' id='word_1_281' title='bbox 720 2165 792 2208; x_wconf 90' lang='lat' dir='ltr'>per</span> <span class='ocrx_word' id='word_1_282' title='bbox 824 2150 951 2194; x_wconf 90' lang='lat' dir='ltr'>alium</span> <span class='ocrx_word' id='word_1_283' title='bbox 975 2148 1027 2192; x_wconf 93' lang='lat' dir='ltr'>ab</span> <span class='ocrx_word' id='word_1_284' title='bbox 1051 2161 1099 2192; x_wconf 89' lang='lat' dir='ltr'>eo</span> <span class='ocrx_word' id='word_1_285' title='bbox 1123 2147 1367 2203; x_wconf 87' lang='lat' dir='ltr'>deputatum</span> <span class='ocrx_word' id='word_1_286' title='bbox 1391 2145 1441 2188; x_wconf 91' lang='lat' dir='ltr'>ad</span> <span class='ocrx_word' id='word_1_287' title='bbox 1466 2147 1559 2188; x_wconf 90' lang='lat' dir='ltr'>eius</span> <span class='ocrx_word' id='word_1_288' title='bbox 1594 2143 1849 2187; x_wconf 85' lang='lat' dir='ltr'>validitatem</span> 
     </span>
     <span class='ocr_line' id='line_1_31' title="bbox 223 2215 1849 2280; baseline -0.01 -7"><span class='ocrx_word' id='word_1_289' title='bbox 223 2234 284 2273; x_wconf 86' lang='lat' dir='ltr'>est</span> <span class='ocrx_word' id='word_1_290' title='bbox 316 2228 564 2280; x_wconf 89' lang='lat' dir='ltr'>necessaria,</span> <span class='ocrx_word' id='word_1_291' title='bbox 595 2224 634 2280; x_wconf 81' lang='lat' dir='ltr'>a)</span> <span class='ocrx_word' id='word_1_292' title='bbox 669 2222 753 2266; x_wconf 80' lang='lat' dir='ltr'>nisi</span> <span class='ocrx_word' id='word_1_293' title='bbox 784 2236 835 2265; x_wconf 52' lang='grc' dir='ltr'>επ</span> <span class='ocrx_word' id='word_1_294' title='bbox 864 2218 1131 2278; x_wconf 74' lang='lat' dir='ltr'>yravissimis</span> <span class='ocrx_word' id='word_1_295' title='bbox 1178 2216 1330 2269; x_wconf 86' lang='lat' dir='ltr'>causis,</span> <span class='ocrx_word' id='word_1_296' title='bbox 1368 2230 1405 2260; x_wconf 92' lang='lat' dir='ltr'>v.</span> <span class='ocrx_word' id='word_1_297' title='bbox 1439 2229 1500 2272; x_wconf 84' lang='lat' dir='ltr'>gr.</span> <span class='ocrx_word' id='word_1_298' title='bbox 1533 2228 1583 2258; x_wconf 91' lang='lat' dir='ltr'>ex</span> <span class='ocrx_word' id='word_1_299' title='bbox 1617 2215 1849 2257; x_wconf 89' lang='lat' dir='ltr'>imminenti</span> 
     </span>
     <span class='ocr_line' id='line_1_32' title="bbox 223 2283 1851 2352; baseline -0.011 -8"><span class='ocrx_word' id='word_1_300' title='bbox 223 2298 517 2352; x_wconf 88' lang='lat' dir='ltr'>concubinatu,</span> <span class='ocrx_word' id='word_1_301' title='bbox 553 2295 616 2339; x_wconf 91' lang='lat' dir='ltr'>vel</span> <span class='ocrx_word' id='word_1_302' title='bbox 652 2296 779 2351; x_wconf 88' lang='lat' dir='ltr'>partis</span> <span class='ocrx_word' id='word_1_303' title='bbox 810 2291 1040 2336; x_wconf 85' lang='lat' dir='ltr'>catholicae</span> <span class='ocrx_word' id='word_1_304' title='bbox 1073 2289 1303 2333; x_wconf 84' lang='lat' dir='ltr'>defectione</span> <span class='ocrx_word' id='word_1_305' title='bbox 1344 2286 1396 2331; x_wconf 91' lang='lat' dir='ltr'>ab</span> <span class='ocrx_word' id='word_1_306' title='bbox 1428 2285 1629 2341; x_wconf 90' lang='lat' dir='ltr'>Ecclesia,</span> <span class='ocrx_word' id='word_1_307' title='bbox 1664 2283 1735 2328; x_wconf 86' lang='lat' dir='ltr'>sed</span> <span class='ocrx_word' id='word_1_308' title='bbox 1770 2283 1851 2327; x_wconf 88' lang='lat' dir='ltr'>illis</span> 
     </span>
     <span class='ocr_line' id='line_1_33' title="bbox 223 2353 1852 2421; baseline -0.012 -6"><span class='ocrx_word' id='word_1_309' title='bbox 223 2368 499 2415; x_wconf 81' lang='lat' dir='ltr'>existentibus</span> <span class='ocrx_word' id='word_1_310' title='bbox 521 2366 657 2411; x_wconf 87' lang='lat' dir='ltr'>adhuc</span> <span class='ocrx_word' id='word_1_311' title='bbox 682 2364 724 2421; x_wconf 91' lang='lat' dir='ltr'>b)</span> <span class='ocrx_word' id='word_1_312' title='bbox 748 2367 905 2406; x_wconf 81' lang='lat' dir='ltr'>remoto</span> <span class='ocrx_word' id='word_1_313' title='bbox 928 2359 1143 2413; x_wconf 80' lang='lat' dir='ltr'>scandalo,</span> <span class='ocrx_word' id='word_1_314' title='bbox 1180 2373 1218 2401; x_wconf 89' lang='lat' dir='ltr'>v.</span> <span class='ocrx_word' id='word_1_315' title='bbox 1252 2371 1312 2415; x_wconf 76' lang='lat' dir='ltr'>gr.</span> <span class='ocrx_word' id='word_1_316' title='bbox 1348 2370 1420 2414; x_wconf 90' lang='lat' dir='ltr'>per</span> <span class='ocrx_word' id='word_1_317' title='bbox 1452 2358 1659 2412; x_wconf 85' lang='lat' dir='ltr'>cognitam</span> <span class='ocrx_word' id='word_1_318' title='bbox 1686 2353 1738 2398; x_wconf 89' lang='lat' dir='ltr'>ab</span> <span class='ocrx_word' id='word_1_319' title='bbox 1760 2353 1852 2397; x_wconf 91' lang='lat' dir='ltr'>aliis</span> 
     </span>
     <span class='ocr_line' id='line_1_34' title="bbox 224 2424 1852 2497; baseline -0.011 -12"><span class='ocrx_word' id='word_1_320' title='bbox 224 2447 309 2485; x_wconf 87' lang='lat' dir='ltr'>tum</span> <span class='ocrx_word' id='word_1_321' title='bbox 346 2440 639 2497; x_wconf 90' lang='lat' dir='ltr'>poenitentiam</span> <span class='ocrx_word' id='word_1_322' title='bbox 675 2437 802 2492; x_wconf 88' lang='lat' dir='ltr'>partis</span> <span class='ocrx_word' id='word_1_323' title='bbox 834 2431 1075 2485; x_wconf 82' lang='lat' dir='ltr'>catholicae,</span> <span class='ocrx_word' id='word_1_324' title='bbox 1099 2435 1186 2474; x_wconf 82' lang='lat' dir='ltr'>tum</span> <span class='ocrx_word' id='word_1_325' title='bbox 1219 2430 1371 2473; x_wconf 83' lang='lat' dir='ltr'>factam</span> <span class='ocrx_word' id='word_1_326' title='bbox 1406 2439 1547 2471; x_wconf 90' lang='lat' dir='ltr'>coram</span> <span class='ocrx_word' id='word_1_327' title='bbox 1585 2424 1758 2469; x_wconf 89' lang='lat' dir='ltr'>testibus</span> <span class='ocrx_word' id='word_1_328' title='bbox 1791 2426 1852 2467; x_wconf 91' lang='lat' dir='ltr'>in-</span> 
     </span>
     <span class='ocr_line' id='line_1_35' title="bbox 225 2495 1849 2565; baseline -0.012 -10"><span class='ocrx_word' id='word_1_329' title='bbox 225 2513 479 2556; x_wconf 87' lang='lat' dir='ltr'>timationem</span> <span class='ocrx_word' id='word_1_330' title='bbox 515 2507 804 2565; x_wconf 89' lang='lat' dir='ltr'>prohibitionis</span> <span class='ocrx_word' id='word_1_331' title='bbox 835 2504 872 2558; x_wconf 64' lang='lat'>§¹</span> <span class='ocrx_word' id='word_1_332' title='bbox 908 2503 958 2557; x_wconf 70' lang='lat'>1³,</span> <span class='ocrx_word' id='word_1_333' title='bbox 993 2502 1032 2559; x_wconf 89' lang='lat' dir='ltr'>c)</span> <span class='ocrx_word' id='word_1_334' title='bbox 1068 2506 1105 2544; x_wconf 87' lang='lat' dir='ltr'>el</span> <span class='ocrx_word' id='word_1_335' title='bbox 1140 2499 1327 2544; x_wconf 77' lang='lat' dir='ltr'>consulto</span> <span class='ocrx_word' id='word_1_336' title='bbox 1351 2498 1476 2556; x_wconf 82' lang='lat' dir='ltr'>prius</span> <span class='ocrx_word' id='word_1_337' title='bbox 1507 2495 1755 2549; x_wconf 79' lang='lat' dir='ltr'>Ordiuario,</span> <span class='ocrx_word' id='word_1_338' title='bbox 1780 2496 1849 2552; x_wconf 93' lang='lat' dir='ltr'>qui</span> 
     </span>
     <span class='ocr_line' id='line_1_36' title="bbox 225 2570 1853 2627; baseline -0.012 0"><span class='ocrx_word' id='word_1_339' title='bbox 225 2583 373 2627; x_wconf 87' lang='lat' dir='ltr'>melius</span> <span class='ocrx_word' id='word_1_340' title='bbox 405 2592 551 2625; x_wconf 88' lang='lat' dir='ltr'>causas</span> <span class='ocrx_word' id='word_1_341' title='bbox 583 2583 622 2622; x_wconf 87' lang='lat' dir='ltr'>et</span> <span class='ocrx_word' id='word_1_342' title='bbox 654 2575 839 2621; x_wconf 88' lang='lat' dir='ltr'>scandali</span> <span class='ocrx_word' id='word_1_343' title='bbox 873 2575 1143 2617; x_wconf 88' lang='lat' dir='ltr'>remotionem</span> <span class='ocrx_word' id='word_1_344' title='bbox 1169 2570 1352 2614; x_wconf 85' lang='lat' dir='ltr'>iudicare</span> <span class='ocrx_word' id='word_1_345' title='bbox 1384 2572 1531 2625; x_wconf 87' lang='lat' dir='ltr'>potest,</span> <span class='ocrx_word' id='word_1_346' title='bbox 1555 2570 1762 2625; x_wconf 90' lang='lat' dir='ltr'>quatenus</span> <span class='ocrx_word' id='word_1_347' title='bbox 1786 2577 1853 2608; x_wconf 89' lang='lat' dir='ltr'>res</span> 
     </span>
     <span class='ocr_line' id='line_1_37' title="bbox 224 2652 929 2707; baseline -0.013 -10"><span class='ocrx_word' id='word_1_348' title='bbox 224 2655 274 2697; x_wconf 88' lang='lat' dir='ltr'>ad</span> <span class='ocrx_word' id='word_1_349' title='bbox 309 2654 440 2696; x_wconf 83' lang='lat' dir='ltr'>sorum</span> <span class='ocrx_word' id='word_1_350' title='bbox 476 2652 654 2707; x_wconf 87' lang='lat' dir='ltr'>pertinet</span> <span class='ocrx_word' id='word_1_351' title='bbox 697 2652 929 2691; x_wconf 87' lang='lat' dir='ltr'>externum.</span> 
     </span>
    </p>

    <p class='ocr_par' dir='ltr' id='par_1_5' title="bbox 226 2708 1852 2910">
     <span class='ocr_line' id='line_1_38' title="bbox 343 2708 1852 2777; baseline -0.014 -10"><span class='ocrx_word' id='word_1_352' title='bbox 343 2723 402 2766; x_wconf 91' lang='lat' dir='ltr'>De</span> <span class='ocrx_word' id='word_1_353' title='bbox 435 2735 482 2765; x_wconf 89' lang='lat' dir='ltr'>eo</span> <span class='ocrx_word' id='word_1_354' title='bbox 515 2719 624 2777; x_wconf 89' lang='lat' dir='ltr'>quod</span> <span class='ocrx_word' id='word_1_355' title='bbox 659 2717 856 2774; x_wconf 90' lang='lat' dir='ltr'>implicite</span> <span class='ocrx_word' id='word_1_356' title='bbox 890 2712 1196 2771; x_wconf 65' lang='lat' dir='ltr'>liabetu1·in§⁰</span> <span class='ocrx_word' id='word_1_357' title='bbox 1223 2713 1280 2768; x_wconf 84' lang='lat'>10,</span> <span class='ocrx_word' id='word_1_358' title='bbox 1302 2724 1383 2755; x_wconf 90' lang='lat' dir='ltr'>non</span> <span class='ocrx_word' id='word_1_359' title='bbox 1416 2712 1504 2754; x_wconf 91' lang='lat' dir='ltr'>siue</span> <span class='ocrx_word' id='word_1_360' title='bbox 1536 2718 1660 2752; x_wconf 89' lang='lat' dir='ltr'>causa</span> <span class='ocrx_word' id='word_1_361' title='bbox 1685 2708 1852 2762; x_wconf 86' lang='lat' dir='ltr'>propter</span> 
     </span>
     <span class='ocr_line' id='line_1_39' title="bbox 226 2777 1849 2847; baseline -0.015 -8"><span class='ocrx_word' id='word_1_362' title='bbox 226 2795 410 2839; x_wconf 85' lang='lat' dir='ltr'>additam</span> <span class='ocrx_word' id='word_1_363' title='bbox 444 2791 763 2847; x_wconf 85' lang='lat' dir='ltr'>explicationem</span> <span class='ocrx_word' id='word_1_364' title='bbox 797 2789 873 2830; x_wconf 86' lang='lat' dir='ltr'>tuit</span> <span class='ocrx_word' id='word_1_365' title='bbox 905 2786 1116 2841; x_wconf 88' lang='lat' dir='ltr'>appositus</span> <span class='ocrx_word' id='word_1_366' title='bbox 1147 2784 1174 2842; x_wconf 63' lang='grc' dir='ltr'>ξ</span> <span class='ocrx_word' id='word_1_367' title='bbox 1208 2783 1245 2826; x_wconf 82' lang='grc'>3.</span> <span class='ocrx_word' id='word_1_368' title='bbox 1280 2781 1374 2827; x_wconf 78' lang='lat' dir='ltr'>Nou</span> <span class='ocrx_word' id='word_1_369' title='bbox 1411 2777 1676 2838; x_wconf 78' lang='lat' dir='ltr'>improbatur</span> <span class='ocrx_word' id='word_1_370' title='bbox 1699 2779 1849 2826; x_wconf 78' lang='lat' dir='ltr'>tamen,</span> 
     </span>
     <span class='ocr_line' id='line_1_40' title="bbox 227 2843 1852 2910; baseline -0.014 0"><span class='ocrx_word' id='word_1_371' title='bbox 227 2879 299 2910; x_wconf 88' lang='lat' dir='ltr'>seu</span> <span class='ocrx_word' id='word_1_372' title='bbox 332 2863 408 2908; x_wconf 90' lang='lat' dir='ltr'>sub</span> <span class='ocrx_word' id='word_1_373' title='bbox 442 2860 747 2906; x_wconf 88' lang='lat' dir='ltr'>conditionibus</span> <span class='ocrx_word' id='word_1_374' title='bbox 770 2862 830 2901; x_wconf 86' lang='lat' dir='ltr'>est</span> <span class='ocrx_word' id='word_1_375' title='bbox 856 2859 893 2899; x_wconf 78' lang='lat' dir='ltr'>vi</span> <span class='ocrx_word' id='word_1_376' title='bbox 919 2856 1042 2899; x_wconf 89' lang='lat' dir='ltr'>huius</span> <span class='ocrx_word' id='word_1_377' title='bbox 1064 2856 1233 2898; x_wconf 87' lang='lat' dir='ltr'>canonis</span> <span class='ocrx_word' id='word_1_378' title='bbox 1267 2853 1537 2910; x_wconf 88' lang='lat' dir='ltr'>permissum:</span> <span class='ocrx_word' id='word_1_379' title='bbox 1565 2845 1675 2906; x_wconf 80' lang='lat' dir='ltr'>quocl</span> <span class='ocrx_word' id='word_1_380' title='bbox 1697 2845 1738 2902; x_wconf 90' lang='lat' dir='ltr'>a)</span> <span class='ocrx_word' id='word_1_381' title='bbox 1762 2843 1852 2901; x_wconf 73' lang='lat' dir='ltr'>leye</span> 
     </span>
    </p>
   </div>
   <div class='ocr_carea' id='block_1_4' title="bbox 1915 0 1971 803">
    <p class='ocr_par' dir='ltr' id='par_1_6' title="bbox 1915 0 1971 803">
     <span class='ocr_line' id='line_1_41' title="bbox 1915 0 1971 803; baseline 0 2458"><span class='ocrx_word' id='word_1_382' title='bbox 1915 0 1971 803; x_wconf 95' lang='lat' dir='ltr'> </span> 
     </span>
    </p>
   </div>
   <div class='ocr_carea' id='block_1_5' title="bbox 1939 696 1971 1160">
    <p class='ocr_par' dir='ltr' id='par_1_7' title="bbox 1939 696 1971 1160">
     <span class='ocr_line' id='line_1_42' title="bbox 1939 696 1971 1160; textangle 90"><span class='ocrx_word' id='word_1_383' title='bbox 1954 1156 1956 1160; x_wconf 43' lang='lat' dir='ltr'>v</span> <span class='ocrx_word' id='word_1_384' title='bbox 1950 1136 1955 1141; x_wconf 62' lang='grc' dir='ltr'><em>ι</em></span> <span class='ocrx_word' id='word_1_385' title='bbox 1942 983 1971 1123; x_wconf 42' lang='grc' dir='ltr'>,ξω-κω]</span> <span class='ocrx_word' id='word_1_386' title='bbox 1950 886 1953 887; x_wconf 69' lang='lat'><em>=</em></span> <span class='ocrx_word' id='word_1_387' title='bbox 1941 753 1971 846; x_wconf 45' lang='lat' dir='ltr'>*aar</span> <span class='ocrx_word' id='word_1_388' title='bbox 1953 739 1959 743; x_wconf 82' lang='lat'><em>.</em></span> <span class='ocrx_word' id='word_1_389' title='bbox 1939 713 1953 722; x_wconf 68' lang='lat' dir='ltr'><em>o</em></span> <span class='ocrx_word' id='word_1_390' title='bbox 1951 696 1954 698; x_wconf 40' lang='lat'><strong>⁴</strong></span> 
     </span>
    </p>
   </div>
   <div class='ocr_carea' id='block_1_6' title="bbox 1932 1654 1971 2113">
    <p class='ocr_par' dir='ltr' id='par_1_8' title="bbox 1932 1654 1971 2113">
     <span class='ocr_line' id='line_1_43' title="bbox 1932 1654 1971 2113; baseline 0 1148"><span class='ocrx_word' id='word_1_391' title='bbox 1932 1654 1971 2113; x_wconf 95' lang='lat' dir='ltr'> </span> 
     </span>
    </p>
   </div>
   <div class='ocr_carea' id='block_1_7' title="bbox 1942 2446 1969 2582">
    <p class='ocr_par' dir='ltr' id='par_1_9' title="bbox 1942 2446 1969 2550">
     <span class='ocr_line' id='line_1_44' title="bbox 1944 2446 1968 2475; baseline 0 0"><span class='ocrx_word' id='word_1_392' title='bbox 1944 2446 1968 2475; x_wconf 51' lang='lat' dir='ltr'>&gt;s</span> 
     </span>
     <span class='ocr_line' id='line_1_45' title="bbox 1942 2473 1965 2495; baseline 0 0"><span class='ocrx_word' id='word_1_393' title='bbox 1942 2473 1965 2495; x_wconf 63' lang='lat'>32</span> 
     </span>
     <span class='ocr_line' id='line_1_46' title="bbox 1946 2496 1967 2524; baseline 0 -6"><span class='ocrx_word' id='word_1_394' title='bbox 1946 2496 1967 2524; x_wconf 51' lang='lat' dir='ltr'>a.</span> 
     </span>
     <span class='ocr_line' id='line_1_47' title="bbox 1946 2522 1969 2550; baseline 0 0"><span class='ocrx_word' id='word_1_395' title='bbox 1946 2522 1969 2550; x_wconf 57' lang='grc' dir='ltr'>,θ’</span> 
     </span>
    </p>

    <p class='ocr_par' dir='ltr' id='par_1_10' title="bbox 1955 2560 1967 2582">
     <span class='ocr_line' id='line_1_48' title="bbox 1955 2560 1967 2582; baseline 0 0"><span class='ocrx_word' id='word_1_396' title='bbox 1955 2560 1967 2582; x_wconf 60' lang='lat'>⁶.</span> 
     </span>
    </p>
   </div>
  </div>
 </body>
</html>
