1971 3261
193 180 262 214 534
594 177 679 212 ΜΒ.
707 177 779 210 III.
810 196 822 202 -
848 176 959 211 PARS
985 176 1015 210 Ι.
1046 196 1057 202 -
1084 176 1141 211 De
1165 176 1430 212 sacramentis
1602 177 1695 213 Gan.
1725 176 1817 210 1043

195 303 383 355 parentes
416 296 575 340 habiles
607 289 821 340 extiterint
851 296 900 339 ad
937 297 1246 339 matrimonium
1281 298 1388 339 inter
1420 310 1463 340 se
1490 296 1819 340 contrahendum

194 375 379 425 tempore
413 369 712 424 conceptionis,
748 366 810 410 vel
848 368 1171 423 praegnationis,
1207 366 1269 410 vel
1305 369 1594 410 nativitatis».

313 439 352 481 ln
389 438 641 495 supradictis
674 440 801 494 igitur
832 436 930 480 solis
963 439 1299 492 circumstantiis,
1332 443 1525 495 possunt,
1567 454 1588 479 α
1612 451 1718 496 quae
1753 452 1820 495 po-

194 516 317 554 testas
352 510 650 553 iurisdictionis
673 508 807 566 (quia)
833 511 920 565 ipso
954 510 1042 551 iure
1061 507 1203 563 (huius
1236 508 1424 565 canonis)
1444 509 1606 552 adnexa
1639 509 1774 552 officio
1797 525 1816 550 ›>

193 581 455 639 (conceditur
475 593 654 637 namque
677 595 697 620 «
718 579 902 623 locorum
923 576 1158 623 Ordinariis
1176 584 1220 635 >))
1240 584 1300 622 est
1324 579 1571 623 «ordinaria
1591 579 1701 637 (can.
1721 580 1824 636 197)

193 654 282 694 sive
318 653 484 707 propria
517 653 607 693 sive
643 652 858 703 vicaria»,
881 662 961 692 non
997 655 1133 692 tamen
1160 649 1199 692 hi
1229 665 1248 690 <‹
1274 655 1443 706 possunt
1466 662 1555 693 eam
1581 650 1698 693 alteri
1724 649 1824 707 (cui-

194 720 394 779 cumque)
428 735 477 764 ex
514 726 597 764 toto
632 720 697 764 vel
731 734 781 764 ex
817 724 931 777 parte
965 720 1161 777 delegare
1190 720 1298 776 (can.
1336 721 1435 774 199,
1467 720 1494 778 ἓ
1528 720 1586 778 1),
1621 723 1733 764 iuxta
1766 722 1826 763 in-

195 795 534 850 terpretationem
569 791 693 835 huius
726 794 897 836 canonis
930 792 1067 836 datam
1104 794 1142 834 in
1177 791 1409 836 Comment.
1442 791 1596 835 Textus
1622 790 1719 836 Cod.
1745 791 1823 834 lur.

195 864 333 918 caus,
377 863 577 920 abrogata
630 876 728 906 vero
777 865 1058 917 cencessione,
1103 875 1227 918 quam
1278 862 1468 906 decrevit
1511 864 1549 905 S.
1582 861 1625 906 C.
1660 861 1760 920 lnq⁸.
1787 861 1824 907 ²:

202 952 219 974 «
244 932 491 979 Ordinarios
525 947 643 991 posse
677 946 768 977 eam
802 933 1078 990 subdelegare
1112 933 1380 977 habitualiter
1420 932 1611 989 parochis
1653 937 1827 982 tantum,

196 1006 266 1050 sed
303 1020 375 1062 pro
399 1006 566 1050 casibus
598 1006 831 1059 dumtaxat,
864 1007 902 1047 iu
937 1004 1088 1062 quibus
1120 1005 1235 1048 deest
1268 1009 1432 1061 tempus
1464 1004 1514 1048 ad
1549 1006 1659 1061 ipsos
1692 1017 1828 1048 recur-

198 1077 327 1130 rendi,
364 1082 403 1120 et
438 1075 669 1132 periculum
715 1080 777 1119 est
809 1078 848 1118 in
883 1088 1061 1131 mora»,
1095 1075 1204 1133 quod
1251 1088 1361 1119 nunc
1407 1088 1478 1131 per
1520 1087 1720 1118 canonem
1764 1088 1826 1118 se-

194 1153 390 1205 quentem
426 1152 486 1190 est
521 1149 619 1203 ipsis
651 1146 843 1203 parochis
876 1149 955 1190 iam
991 1160 1250 1190 concessum.
1275 1172 1328 1177 —
1353 1147 1549 1204 Sequitur
1582 1148 1619 1188 in
1654 1145 1733 1189 hoc
1766 1159 1830 1190 ca-

198 1233 303 1262 none
337 1218 546 1262 obiectum
572 1217 779 1261 facultatis
801 1219 860 1261 sic
884 1230 1155 1274 expressum:
1180 1217 1221 1274 a)
1247 1222 1331 1260 tuin
1364 1230 1492 1274 super
1522 1216 1663 1275 forma
1687 1216 1828 1274 (atquo

200 1293 312 1333 iuxta
348 1303 433 1346 reg.
470 1291 546 1333 iur.
582 1289 636 1332 80
672 1291 709 1331 in
746 1288 812 1333 6⁰:
845 1291 927 1331 «in
963 1294 1060 1344 toto,
1096 1293 1254 1345 partem
1290 1302 1369 1342 non
1405 1293 1465 1331 est
1497 1287 1671 1331 dubium
1704 1290 1831 1331 conti-

200 1364 285 1404 neri
311 1359 356 1418 »)
385 1360 429 1403 in
462 1359 731 1403 matrimonii
764 1358 1044 1403 celebratione
1075 1358 1285 1402 servanda
1320 1362 1432 1402 iuxta
1466 1361 1613 1416 capitis
1647 1357 1694 1401 Vl
1730 1365 1828 1416 seq⁵.

200 1434 454 1489 praescripta
480 1433 604 1475 etiam
640 1445 713 1488 pro
747 1430 1065 1487 exceptionibus
1096 1430 1147 1474 de
1179 1429 1331 1488 quibus
1365 1433 1402 1473 in
1437 1443 1527 1475 can.
1555 1430 1830 1485 1098,1099,

198 1503 307 1561 quod
343 1502 579 1546 dubitatum
614 1503 690 1545 fuit
721 1502 986 1559 quandoque,
1022 1504 1118 1560 quia
1152 1501 1257 1555 (litts.
1282 1504 1382 1555 εἰν.)
1404 1502 1443 1546 S.
1467 1500 1617 1558 Congr.
1644 1501 1742 1558 lnq⁵.
1768 1513 1829 1544 ra-

198 1577 350 1617 tionem
387 1573 595 1617 facultatis
629 1573 807 1616 afferens
839 1573 1025 1617 dixerat:
1066 1578 1154 1616 «ut
1189 1575 1376 1616 morituri
1413 1575 1450 1616 in
1486 1577 1596 1616 tanta
1632 1574 1832 1628 temporis

198 1646 388 1701 angustia
423 1647 460 1687 in
497 1645 645 1687 faciem
680 1643 892 1687 Ecclesiae
926 1646 1001 1686 rite
1035 1643 1236 1700 copulari,
1256 1649 1295 1686 et
1330 1645 1522 1700 propriae
1555 1644 1832 1686 conscientiae

198 1715 415 1759 consulere
449 1714 681 1770 valeant»,
716 1714 755 1769 b)
790 1720 875 1757 tum
908 1728 1036 1772 super
1067 1713 1256 1757 omuibus
1294 1727 1373 1757 non
1416 1713 1548 1757 solum
1588 1729 1610 1754 «
1633 1713 1830 1757 dirimen-

200 1785 351 1830 tibus»
392 1790 434 1828 ut
468 1787 506 1828 in
541 1788 624 1829 eit³.
662 1785 751 1830 litts.
785 1785 855 1829 sed
897 1791 936 1828 et
980 1784 1317 1842 impedientibus,
1352 1790 1391 1827 et
1429 1783 1612 1841 siugulis
1655 1783 1830 1841 impedi-

200 1856 366 1910 mentis,
399 1861 442 1900 ut
474 1856 633 1900 nullum
669 1856 884 1900 exclusum
921 1861 1150 1913 reputetur,
1173 1861 1378 1914 quatenus
1408 1858 1460 1899 sit
1492 1854 1530 1912 c)
1564 1855 1673 1898 iuris
1706 1854 1830 1898 eecle-

201 1926 381 1984 siastiei,
416 1927 546 1971 idest:
581 1926 659 1970 sub
693 1929 821 1983 ipsius
855 1932 1055 1984 potestate
1097 1940 1169 1970 seu
1211 1926 1482 1983 dispositione
1521 1925 1726 1976 relictum,
1758 1926 1832 1967 etsi

202 2012 250 2041 ex
278 2000 366 2041 iure
393 1999 537 2041 divino
570 1998 852 2041 conditionate
879 2000 961 2040 vim
987 1997 1150 2050 habeat,
1170 1997 1350 2041 scilicet:
1384 1998 1595 2053 supposito
1628 1995 1834 2039 humanae

207 2068 432 2112 voluntatis
464 2074 574 2123 actu,
611 2082 647 2111 v.
683 2082 744 2125 gr.
781 2073 938 2123 votum,
972 2068 1081 2126 quod
1119 2071 1207 2111 iure
1241 2069 1384 2111 divino
1417 2072 1478 2111 est
1509 2066 1832 2119 observandum,

206 2141 246 2194 d)
281 2140 367 2182 sive
397 2139 578 2197 publicis
610 2139 697 2182 sive
728 2139 917 2191 occultis,
941 2152 1118 2197 quorum
1157 2139 1379 2183 verborum
1414 2138 1741 2195 significationes
1773 2137 1834 2180 di-

206 2211 384 2254 dicimus
429 2213 466 2253 in
510 2223 600 2255 can.
637 2211 763 2265 1037,
801 2213 934 2267 prouti
970 2210 1016 2253 S.
1052 2209 1201 2267 Congr.
1244 2208 1562 2267 Inquisitionis3
1605 2207 1833 2252 declaravit

205 2283 307 2325 litim.
357 2282 541 2325 eiusdem
601 2281 727 2325 verba
781 2283 1020 2338 «quamvis
1072 2280 1313 2338 publicis».
1363 2279 1542 2323 Additur
1589 2281 1626 2321 in
1676 2290 1834 2322 canone

203 2354 241 2408 c)
279 2352 406 2395 etiam
450 2351 753 2410 multiplicibus
803 2352 1200 2408 «impedimentis»
1248 2351 1427 2396 scilicet:
1471 2351 1677 2394 «etiamsi
1722 2349 1831 2392 idem
1876 2392 1879 2394 .

207 2423 549 2480 impedimentum
597 2422 812 2479 multiplex
847 2425 913 2476 sit,
949 2422 1012 2466 vel
1046 2436 1172 2479 super
1216 2421 1403 2479 pluribus
1445 2421 1637 2465 diversae
1679 2420 1831 2476 speciei

205 2495 527 2550 impedimentis,
545 2496 634 2537 sive
653 2493 960 2548 dirimentibus,
979 2495 1068 2537 sive
1088 2492 1424 2548 impedientibus,
1445 2495 1583 2535 inuno
1602 2491 1833 2547 eodemque

204 2576 301 2607 casu
336 2563 715 2617 occurrentibus»,
751 2569 1030 2620 congruenter
1073 2563 1169 2607 huic
1213 2565 1468 2619 praescripto
1501 2563 1671 2606 canonis
1704 2560 1832 2614 1049,

204 2648 310 2692 quae
346 2639 524 2690 potestas
557 2634 796 2678 cumulandi
831 2633 1118 2691 denegabatur
1153 2636 1191 2676 in
1227 2636 1315 2676 iure
1349 2633 1626 2690 praecedenti.

322 2705 619 2749 Subducuntur
656 2719 754 2749 vero
777 2707 914 2749 statim
941 2708 979 2748 in
1004 2705 1081 2748 hoc
1104 2718 1262 2748 canone
1285 2704 1492 2762 quaedam
1522 2703 1833 2760 impedimenta,

206 2789 312 2834 quae
355 2781 527 2832 excepta
573 2778 739 2819 fuerunt
773 2779 810 2819 in
845 2778 929 2819 cit⁸.
965 2775 1069 2829 litt⁵.,
1104 2789 1275 2832 nempe:
1308 2774 1493 2833 eoeceptis
1525 2773 1835 2832 impedimentis

325 2930 335 2951 1
363 2929 447 2963 Vol.
479 2944 492 2958 ‹
513 2928 569 2962 De
597 2928 780 2963 Personis
801 2944 833 2962 ».
859 2927 930 2962 Ed.
959 2929 994 2961 2.
1025 2948 1067 2952 —
1094 2928 1108 2949 ‘2
1134 2927 1155 2961 9
1182 2927 1265 2961 Ian.
1296 2927 1397 2961 1899.
1426 2947 1468 2953 -—
1494 2927 1507 2948 3
1533 2926 1578 2960 23
1605 2927 1696 2970 Apr.
1725 2926 1829 2960 1890.

1967 2267 1971 2278 .,
1966 2213 1971 2246 ΗΑ.
1964 2124 1971 2197 -Α-ιι
