1971 3261
183 167 228 198 22
574 161 657 194 Lus.
688 159 758 192 ΙΙΙ.
794 178 801 182 -
828 158 937 190 PARS
964 156 992 189 Ι.
1024 175 1034 180 -
1061 155 1117 188 De
1147 154 1412 187 Sacramenta}
1612 149 1705 185 Gan.
1735 150 1799 184 737

309 282 370 323 18.
406 280 641 335 Baptismi
689 277 911 322 definitio
959 277 1007 318 et
1053 270 1373 316 accidentalis
1420 270 1614 314 divisio.
1646 293 1701 299 -—
1735 267 1807 311 Ba-

187 356 358 409 ptismus
389 355 446 393 est
486 348 678 391 «ablutio
713 346 898 400 corporis
931 344 1113 386 exterior
1145 341 1251 383 facta
1284 339 1361 382 sub
1388 339 1521 382 forma
1555 341 1808 395 praescripta

189 422 473 465 verborum».
510 419 548 461 ln
583 430 628 460 ea
665 417 904 459 definitione
940 425 1063 455 voces
1101 410 1336 454 «ablutio»
1375 413 1415 452 et
1452 411 1714 466 «corporis»
1742 421 1808 452 ac-

185 495 392 548 cipiuntur
426 488 670 544 simpliciter
702 498 749 529 ac
784 483 1027 534 formaliter,
1062 484 1084 533 i,
1115 494 1149 525 e.
1187 494 1258 536 pro
1292 479 1503 524 ablutione
1534 481 1810 523 communiter

189 563 310 606 dicta.
344 572 449 617 quae
486 560 527 600 lit
551 569 656 614 aqua
690 554 881 607 naturali,
905 558 944 595 et
976 552 1144 609 quiden]
1182 565 1253 607 pro
1277 550 1472 594 abluendi
1506 552 1681 603 actione,
1705 550 1810 593 facta

189 634 442 689 praecisione
477 629 527 671 de
563 627 775 670 munditiei
811 625 958 667 effectu
991 627 1167 680 sequuto
1214 622 1275 665 vel
1314 634 1416 677 non3
1450 626 1490 664 et
1521 633 1671 677 corpus
1704 622 1812 663 acci-

191 705 297 759 pitur
331 714 401 757 pro
451 700 518 742 illo
552 698 675 755 quod,
723 709 815 740 curn
865 697 917 737 sit
963 696 1113 738 ceteris
1148 694 1372 750 perfectius
1422 697 1588 749 propter
1621 692 1810 745 sormam,

189 772 430 828 simpliciter
463 773 520 812 sic
553 767 797 825 appellatur,
833 779 1002 821 nempe:
1029 765 1255 808 humanum
1290 777 1454 820 corpus,
1478 776 1526 807 ac
1560 765 1727 819 insuper
1753 764 1811 804 vi-

192 856 305 895 vum,
336 841 416 884 tale
449 842 555 883 enim
593 838 819 881 formaliter
852 837 1004 879 dicitur
1037 849 1198 891 corpus.
1237 836 1372 878 Potest
1403 836 1526 878 etiam
1563 847 1635 891 per
1667 845 1813 877 causas

189 911 366 957 describi
404 911 649 967 baptismus:
680 925 702 949 «
719 911 1024 951 sacramentum
1050 918 1184 949 novae
1207 906 1321 962 legis,
1346 919 1427 963 quo
1462 918 1534 961 per
1561 906 1812 948 exteriorem

190 985 374 1039 corporis
407 981 657 1024 ablutionem
692 991 799 1036 aqua
833 978 981 1020 factam
1025 976 1102 1020 sub
1135 977 1387 1032 praescripta
1426 975 1646 1019 verborum
1683 975 1813 1017 forma

191 1054 313 1097 homo
346 1050 614 1108 spiritualiter
649 1053 918 1105 regeneratur
950 1051 1074 1104 atque
1108 1049 1146 1089 in
1181 1045 1363 1090 Ecclesia
1398 1047 1723 1089 constituitur».

312 1123 433 1165 Porro
470 1124 506 1164 in
544 1121 639 1164 Dec.
674 1133 745 1176 pro
779 1119 973 1162 Armonis
1008 1117 1217 1174 Eugenius
1251 1115 1300 1159 lV
1333 1116 1477 1160 docet:
1517 1131 1539 1157 «
1572 1117 1708 1158 omnia
1742 1115 1812 1157 Sa-

190 1198 400 1239 cramenta
422 1192 553 1236 tribus
576 1192 859 1248 perficiuntur7
884 1188 1077 1232 videlicet
1102 1187 1224 1231 rebus
1248 1193 1442 1245 tanquam
1470 1188 1656 1236 materia,
1678 1184 1816 1229 verbis

192 1270 386 1322 tanquam
420 1264 564 1315 forma,
597 1267 636 1305 et
671 1273 842 1318 persona
878 1262 1052 1303 ministri
1096 1260 1348 1303 conferentis
1380 1262 1686 1301 sacramentum
1720 1269 1813 1300 cum

193 1336 416 1378 intentione
460 1332 635 1376 faciendi
672 1331 781 1389 quod
833 1331 930 1374 facit
972 1329 1179 1374 Ecclesia:
1217 1342 1393 1386 quorum
1429 1331 1459 1371 si
1495 1327 1660 1386 aliquod
1696 1327 1815 1380 desit,

192 1418 271 1448 non
308 1405 518 1460 perlicitur
550 1403 921 1447 Sacramentum».
950 1403 1054 1445 Hinc
1087 1403 1313 1457 respiciens
1335 1399 1475 1444 Codex
1500 1401 1722 1442 intrinseca
1746 1397 1815 1441 ba-

195 1477 328 1532 ptismi
362 1475 578 1527 elementa,
605 1487 676 1530 pro
710 1486 817 1516 nunc
851 1474 1045 1515 omittens
1069 1472 1179 1529 loqui
1213 1471 1264 1514 de
1300 1472 1486 1513 ministro
1519 1482 1567 1513 ac
1591 1471 1817 1525 recipiente

193 1546 410 1602 baptisma,
433 1547 607 1588 coniecit
630 1558 720 1587 can.
741 1545 844 1587 737.
869 1543 898 1601 ἓ
916 1544 953 1586 1.
984 1542 1237 1601 Baptismus,
1263 1544 1319 1585 uti
1345 1544 1383 1584 in
1408 1541 1512 1584 tituli
1539 1543 1819 1597 inscriptione,

194 1617 562 1661 Sacrmneneormn
586 1615 733 1668 iambo,
755 1617 851 1673 qula
887 1628 959 1671 per
983 1617 1115 1672 ipsum
1142 1613 1265 1657 homo
1298 1614 1448 1669 accipit
1483 1616 1723 1668 potestatem
1762 1625 1818 1654 re·

194 1687 370 1744 cipiendi
406 1686 483 1729 alia
517 1691 790 1741 sacramenta,
814 1691 853 1729 et
884 1685 1221 1744 fundamentum,
1244 1686 1341 1742 quia
1374 1688 1525 1737 cetera,
1550 1682 1618 1726 illo
1652 1684 1816 1737 omisso,

194 1772 271 1802 non
307 1763 489 1814 prosunt,
514 1758 676 1800 dicente
706 1757 879 1800 Domino
914 1756 963 1800 ad
988 1755 1263 1800 Nicodemum
1285 1755 1321 1798 1;
1361 1770 1381 1795 (c
1401 1754 1547 1809 Amen,
1571 1766 1690 1796 amen
1725 1755 1818 1797 dico

194 1829 281 1883 tibi,
315 1830 388 1871 nisi
423 1830 515 1884 quis
550 1832 714 1870 renatus
749 1829 871 1871 fuerit
903 1841 953 1870 ex
988 1839 1095 1884 aqua
1128 1831 1168 1870 et
1199 1827 1353 1883 Spiritu
1386 1826 1550 1880 Sancto,
1574 1838 1653 1868 non
1689 1828 1819 1880 potest

194 1901 363 1942 introire
388 1901 423 1941 iu
461 1911 631 1954 regnum
661 1898 788 1941 Dei».
817 1898 992 1942 Proinde
1014 1897 1202 1941 omnibus
1235 1897 1278 1939 in
1308 1910 1354 1939 re
1384 1895 1447 1939 vel
1469 1895 1619 1938 saltem
1651 1895 1696 1938 in
1727 1899 1818 1938 voto

196 1970 307 2012 illum
346 1969 569 2025 recipiendi
604 1971 635 2011 si
673 1968 920 2025 possibilitas
943 1969 1105 2012 adesset
1137 1967 1387 2012 observandi
1422 1967 1557 2024 legem
1583 1966 1693 2009 illam
1718 1966 1821 2009 divi-

194 2053 302 2093 nam,
331 2042 475 2082 «sicut
507 2052 599 2082 cum
635 2040 783 2096 aliquis
811 2039 1006 2096 baptizari
1043 2039 1264 2094 desiderat,
1297 2038 1368 2082 sed
1404 2038 1542 2095 aliquo
1574 2050 1673 2081 casu
1708 2049 1821 2093 prae-

198 2113 360 2154 venitur
396 2116 538 2159 morle,
571 2115 792 2167 antequam
829 2111 1077 2166 baptismum
1111 2112 1322 2166 suscipiat,
1359 2114 1399 2152 et
1444 2109 1535 2152 talis
1567 2111 1655 2151 sine
1688 2107 1819 2163 bapti-

195 2195 283 2225 smo
315 2181 463 2223 actuali
497 2180 670 2223 salutem
707 2184 902 2240 consequi
938 2186 1081 2238 potest,
1120 2185 1285 2238 propter
1325 2180 1577 2223 desiderium
1615 2179 1819 2235 baptismi,

196 2252 303 2309 quod
343 2251 524 2307 procedit
559 2264 608 2293 ex
645 2252 724 2295 tide
776 2266 845 2309 per
879 2252 1144 2296 dilectionem
1180 2256 1390 2308 operante,
1425 2264 1497 2307 per
1545 2262 1667 2307 quam
1713 2248 1821 2292 Deus

198 2326 367 2367 interius
401 2324 609 2368 hominem
644 2325 888 2377 sanctificat,
918 2326 1036 2367 cuius
1072 2325 1250 2379 potentia
1284 2323 1555 2365 sacramentis
1591 2319 1822 2364 visibilibus

197 2408 272 2436 non
299 2395 501 2451 alligatur.
540 2395 655 2439 Unde
695 2394 938 2438 Ambrosius
972 2395 1071 2438 dicit
1105 2394 1155 2437 de
1193 2392 1489 2442 Valentiniano,
1524 2394 1592 2449 qui
1627 2390 1819 2434 catechu-

199 2478 342 2507 menus
378 2471 562 2508 mortuus
596 2467 692 2508 fuit:
720 2464 852 2518 Quem
880 2470 1199 2522 regeneraturus
1223 2476 1350 2517 eram,
1374 2465 1509 2515 amisi,
1535 2467 1819 2505 verumtamen

199 2535 263 2578 ille
298 2538 486 2591 gratiam,
510 2549 634 2593 quam
671 2539 854 2592 poposcit
879 2550 958 2579 uon
993 2538 1168 2579 amisit»
1192 2536 1220 2579 ².
1248 2534 1457 2577 Alterutro
1491 2546 1589 2588 ergo
1618 2546 1666 2575 ex
1702 2533 1823 2575 dictis

200 2606 319 2648 modo
363 2607 622 2649 necessarius
664 2606 719 2649 acl
766 2607 945 2649 salutem
988 2620 1038 2650 ex
1081 2606 1308 2650 Salvatoris
1349 2605 1551 2648 sententia
1597 2603 1823 2659 baptismus

197 2676 335 2718 aalide
383 2691 460 2719 non
506 2676 723 2734 confertur
764 2678 945 2721 scilicet:
986 2691 1124 2720 «cum
1176 2676 1296 2734 (teste
1332 2675 1409 2719 Rit.
1444 2674 1580 2730 Rom.)
1611 2676 1624 2695 ²³
1660 2674 1709 2717 ad
1745 2673 1822 2716 hoc

199 2746 509 2789 Sacramentum
545 2748 840 2791 conterendum
866 2748 943 2791 alia
978 2750 1058 2791 sint
1091 2748 1142 2791 de
1176 2751 1264 2790 iure
1286 2747 1429 2789 divino
1463 2745 1649 2789 absolute
1683 2757 1822 2787 neces-

262 2898 276 2930 Ι
319 2853 327 2872 ¹
357 2852 409 2919 10).
439 2852 508 2891 ΠΙ,
536 2854 568 2885 5.
611 2872 653 2878 —
691 2853 704 2875 “2
734 2853 777 2887 D.
807 2853 878 2886 Th.
919 2855 959 2887 3³
987 2853 1030 2887 P.
1075 2865 1111 2898 q.
1141 2852 1322 2892 LXVIII,
1361 2863 1394 2885 a.
1423 2852 1445 2884 2
1471 2862 1501 2886 c.
1541 2872 1582 2875 -
1622 2850 1636 2872 3
1662 2849 1739 2883 Tit.
1769 2847 1821 2887 ΙΙ,

204 2909 232 2931 c.
282 2926 288 2937 ,
316 2909 352 2930 n.
383 2902 415 2931 ἱ..
