1971 3261
137 123 209 156 362
542 119 625 153 Lm.
652 118 723 153 111.
752 138 763 144 -
790 118 901 152 PARS
927 119 956 152 Ι.
984 139 996 143 -
1021 118 1079 153 De
1104 119 1369 154 Sam-amentis
1490 119 1583 154 Can.
1608 119 1767 154 954-955

146 241 343 284 vinciales
377 239 569 295 Episcopi
602 238 653 295 (si
679 250 846 280 necesse
868 236 1008 294 suerit)
1032 239 1181 281 ceteris
1203 238 1568 292 consentientibus,
1588 252 1608 282 a
1633 239 1765 283 tribus

142 314 252 354 iussu
288 309 600 364 Archiepiscopi
635 312 827 363 poterunt
860 307 1042 351 ordinari
1068 323 1105 348 )).
1131 306 1236 351 Huic
1256 310 1378 364 capiti
1403 322 1450 352 ac
1477 308 1604 352 Pont.i
1628 308 1764 354 Rom.⁰

143 382 333 436 congruit
357 392 446 421 cuii.
472 380 578 421 954.
604 376 837 434 Episcopus
860 376 1102 420 charactere
1135 389 1181 420 ac
1215 390 1309 421 cum
1340 378 1548 434 pontificio
1574 378 1767 422 mandato

142 454 408 493 consecrator
440 447 557 491 debet
579 447 687 490 ulios
711 446 814 490 duos
836 445 1067 504 Episcopos
1098 451 1250 503 pariter
1282 453 1546 492 consecratos
1569 447 1769 492 adhibere

141 521 190 564 ad
228 520 466 573 liceitateni,
500 518 571 575 qui
603 517 682 560 sibi
715 518 759 560 in
792 517 1106 561 cousecratz'owe
1144 518 1366 574 episcopali
1410 519 1661 562 conserenda
1700 533 1765 562 as-

137 591 294 633 sistant
327 590 376 633 ail
414 602 600 632 normam
639 588 782 631 Pont.¹³
813 587 946 632 Rom.i
981 590 1274 643 ministrantes,
1307 589 1392 632 uisi
1425 588 1503 632 kae
1525 603 1652 647 super
1672 603 1719 632 re
1741 604 1767 632 α

140 661 248 705 Sede
280 659 520 718 Apostoliea
554 659 604 702 ad
640 671 827 702 normam
852 672 941 702 can.
972 659 995 702 7
1020 658 1309 717 dispensatum
1331 659 1477 716 luerit,
1505 666 1625 716 prout
1648 673 1766 717 opor-

137 738 208 786 tet,
242 734 331 775 sive
363 730 613 787 generaliter
637 744 709 786 pro
732 729 870 787 aliqua
896 732 1078 786 regione,
1102 732 1191 773 sive
1216 732 1253 772 in
1278 743 1388 785 casu,
1415 731 1465 773 ad
1494 731 1571 775 hoc
1596 745 1765 788 nempe:

141 809 181 847 nt
230 803 297 846 alii
347 802 428 845 duo
477 801 714 844 sacerdotes
762 801 930 844 forsitan
981 802 1019 842 in
1068 801 1269 856 dignitate
1303 803 1513 844 constituti
1547 801 1765 858 suppleant

143 875 441 931 Episcoporum
476 873 754 915 assistentium
791 872 1011 915 defectum.

259 945 354 987 302.
391 945 613 989 Minister
637 957 727 999 pro
751 944 884 988 licita
907 944 1232 988 ordinatione.
1252 967 1304 972 -——
1329 942 1361 985 A
1388 944 1531 998 primis
1556 942 1765 987 Ecclesiae

138 1015 314 1059 saeculis
339 1015 452 1071 plura
478 1026 595 1057 sacra
619 1013 795 1056 concilia
818 1013 1099 1056 decreverunt
1121 1014 1229 1069 quod
1261 1015 1468 1056 recentius
1503 1015 1769 1057 confirmavit

136 1086 248 1129 Trid.
275 1086 302 1137 ²,
335 1087 452 1129 cuius
489 1083 614 1127 verba
649 1083 984 1127 transcribuntur
1019 1086 1055 1125 in
1092 1097 1181 1126 cau.
1206 1085 1314 1126 955.
1348 1081 1653 1141 Unusquisque,
1677 1086 1767 1128 sive

138 1157 282 1209 laicus,
313 1159 402 1199 sive
436 1155 628 1209 clericus,
662 1157 737 1197 nisi
774 1156 852 1197 iam
891 1152 1108 1210 presbyter
1130 1156 1181 1196 sit
1207 1159 1248 1196 ut
1271 1157 1408 1197 statim
1435 1154 1603 1210 patebit,
1627 1168 1652 1197 a
1672 1168 1767 1212 pro-

134 1227 245 1286 prio,
281 1240 358 1270 non
394 1227 754 1283 qualitercumque
788 1225 837 1268 ad
874 1237 1061 1268 normam
1095 1237 1186 1267 can.
1221 1225 1289 1279 94,
1323 1225 1393 1268 sed
1430 1228 1543 1268 iuxta
1576 1238 1665 1270 can.
1692 1227 1766 1268 im-

140 1298 318 1341 mediate
351 1301 608 1355 sequentem,
642 1295 849 1353 Episcopo
884 1308 1031 1351 nempe
1071 1301 1399 1339 «consecrato»
1438 1300 1546 1346 (can.
1573 1297 1689 1349 951),
1720 1309 1767 1340 ac

141 1369 314 1426 proinde
347 1368 576 1411 secundum
615 1367 730 1410 xerbi
765 1369 973 1423 propriam
1009 1368 1149 1410 stricte
1182 1367 1544 1422 significationem.
1568 1380 1647 1410 non
1673 1369 1768 1410 iuri-

138 1441 276 1484 dicam
311 1438 539 1482 secundum
575 1440 862 1493 exceptionem
899 1439 935 1478 in
971 1436 998 1493 ξ
1032 1437 1055 1479 2
1089 1443 1196 1480 can.⁸
1220 1437 1318 1491 ⁶215,
1352 1452 1399 1480 eo
1433 1438 1542 1494 quod
1577 1437 1767 1494 adiungi-

140 1517 227 1554 tur:
263 1509 498 1565 ordinetur,
532 1511 620 1551 sive
647 1511 822 1564 primam
847 1513 1058 1551 tonsuram
1085 1508 1338 1564 recipiendo,
1361 1511 1448 1551 sive
1480 1508 1667 1551 ordinem
1694 1511 1767 1550 mi-

138 1594 279 1624 norem
335 1585 405 1623 aut
461 1582 675 1632 maiorem,
718 1583 890 1634 excepta
934 1581 1244 1621 consecratione
1288 1577 1512 1634 episcopali
1554 1579 1605 1621 de
1648 1580 1766 1622 cuius

138 1652 357 1696 collatione
390 1651 509 1694 aliter
545 1652 810 1706 praescripsit
841 1662 931 1693 can.
956 1648 1054 1703 953,
1079 1653 1118 1692 et
1152 1649 1367 1706 hucusque
1401 1649 1496 1692 (lata
1530 1654 1590 1692 est
1624 1662 1768 1693 norma

135 1723 353 1780 generalis,
389 1725 506 1765 cuius
538 1723 803 1777 exceptiones
836 1721 1038 1764 iuridicae
1070 1725 1322 1776 sequuntur:
1353 1726 1427 1763 um
1450 1734 1540 1763 oum
1565 1720 1768 1777 leyitz'mis

138 1808 305 1850 nempe:
345 1796 455 1836 iuxta
488 1797 709 1850 sequentes
741 1804 919 1835 canones
952 1791 1153 1845 eiusdem,
1182 1793 1335 1847 proprii
1358 1791 1549 1847 Episcopi
1576 1795 1767 1847 utsupra

137 1864 352 1916 declarati,
388 1863 545 1906 litteris
578 1861 848 1905 disrnfissorz'z's.
880 1861 991 1905 Haec
1017 1861 1245 1905 litterarum
1271 1862 1552 1905 denominatio
1578 1863 1769 1917 provenit

138 1949 157 1978 a
193 1934 315 1979 Cone.
340 1933 495 1985 Trid.2,
530 1933 628 1976 dum
662 1935 825 1976 statuit:
868 1948 886 1973 ((
907 1932 1098 1988 Episcopi
1125 1946 1195 1988 per
1219 1935 1464 1988 semetipsos
1487 1932 1653 1975 ordines
1676 1945 1770 1975 con-

136 2008 285 2058 serant,
318 2005 427 2063 quod
462 2007 494 2048 si
529 2004 790 2060 aegritudine
826 2005 976 2046 suerint
1011 2003 1213 2059 impediti,
1236 2003 1423 2047 subditos
1455 2017 1551 2046 suos
1582 2016 1662 2046 non
1695 2003 1767 2047 ali-

137 2081 213 2131 ter,
247 2089 371 2133 quam
407 2079 484 2118 iam
527 2075 719 2131 probatos
751 2079 791 2117 et
822 2076 1080 2118 examinatos
1121 2074 1171 2117 ad
1210 2074 1335 2118 alium
1371 2073 1619 2130 Episcopum
1659 2074 1768 2117 ordi-

139 2147 296 2190 nandos
330 2147 538 2189 dimittant
560 2161 601 2190 )).
635 2144 741 2188 Hinc
787 2149 896 2188 recte
938 2144 1202 2201 appellantur
1235 2145 1496 2188 dimissoriae
1534 2144 1671 2187 «illae
1705 2143 1768 2187 lit-

137 2222 249 2261 {erae
282 2216 432 2274 quibus
475 2215 704 2272 Episcopus
746 2217 939 2271 proprius
979 2215 1067 2272 (aut
1099 2212 1332 2260 Ordinandi
1370 2214 1580 2258 Praelatus
1612 2213 1769 2258 habens

139 2289 215 2332 lioc
250 2289 329 2344 ius)
363 2288 432 2330 dat
465 2287 582 2330 alteri
607 2286 814 2343 Episcopo
847 2299 926 2329 non
962 2288 1128 2342 proprio
1151 2299 1199 2329 ex
1227 2288 1315 2329 iure
1341 2285 1616 2342 privilegiove
1641 2284 1768 2329 facul-

139 2363 280 2412 tatem,
315 2363 357 2401 ut
392 2357 501 2401 licite
536 2361 779 2413 promoveat
802 2357 852 2400 ad
877 2357 1045 2400 ordines
1069 2356 1197 2406 illum,
1223 2369 1345 2414 quem
1382 2359 1421 2399 in
1455 2355 1533 2399 hoc
1555 2355 1767 2399 subditum

143 2429 325 2473 habet».
360 2427 519 2484 Duplex
556 2430 681 2484 igitur
715 2430 776 2470 ius
808 2427 1001 2483 Episcopi
1037 2429 1190 2484 proprii
1225 2431 1285 2470 est
1319 2429 1357 2469 in
1397 2426 1472 2470 hoc
1504 2425 1551 2484 §⁰
1575 2439 1769 2482 expresse

139 2500 445 2543 confirmatum.

255 2572 378 2614 Sacra
432 2584 529 2613 vero
573 2571 721 2627 Congr.
756 2571 929 2615 Consist.
954 2572 968 2593 ³
1003 2570 1053 2614 de
1086 2570 1266 2628 quodam
1308 2569 1528 2626 privilegio
1566 2570 1766 2612 anteactis

140 2641 395 2697 temporibus
428 2640 608 2695 obtento,
643 2646 681 2684 et
713 2642 823 2698 quod
858 2645 919 2684 est
951 2642 1205 2684 contrarium
1250 2640 1345 2683 huic
1389 2641 1559 2683 canonis
1591 2639 1636 2693 §⁰
1671 2650 1766 2681 cen-

139 2714 241 2754 suit:
280 2716 601 2754 «memoratum
639 2711 920 2768 privilegium,
953 2713 1123 2754 cessatis
1155 2704 1290 2754 causis
1313 2710 1364 2754 ob
1387 2722 1490 2767 quas
1521 2721 1764 2753 concessum

258 2818 269 2839 1
299 2816 390 2861 Cap.
418 2817 453 2857 8,
483 2828 575 2851 sess.
605 2817 757 2858 XXIII,
786 2817 832 2850 de
860 2817 944 2851 Ref.
976 2837 1016 2841 —
1056 2816 1069 2838 2
1096 2817 1187 2861 Cap.
1216 2818 1251 2860 3,
1281 2828 1374 2851 sess.
1404 2815 1553 2858 XXIII,
1594 2813 1640 2848 de
1677 2812 1764 2848 Rei.

141 2886 182 2889 -—
201 2865 214 2886 3
242 2865 262 2898 6
282 2864 381 2899 Nov.
405 2864 508 2898 1920.
531 2864 607 2898 CO.
630 2864 742 2908 XIII⁷
763 2864 845 2899 259.
