1971 3261
171 146 240 181 700
563 142 647 176 Lm.
677 141 750 175 ΙΙΙ.
778 160 792 166 -
818 141 929 176 PARS
953 141 985 175 I.
1015 161 1027 167 -
1053 142 1111 176 De
1134 141 1402 177 sacramentis
1586 142 1679 179 Gan.
1708 144 1801 179 1138

169 277 257 308 cau.
295 263 421 316 1134,
454 261 495 318 c)
527 266 565 304 et
596 259 966 303 retrotraolionem
1000 259 1123 315 illius,
1157 260 1267 318 quod
1292 274 1402 305 nunc
1433 262 1692 317 conceditur,
1722 276 1800 321 per

167 334 375 391 fictionem
406 332 530 385 iuris,
563 343 669 388 quae
701 330 831 374 solam
882 329 1210 387 possibilitatem,
1246 345 1325 375 non
1361 334 1417 375 rei
1454 334 1689 389 veritatem,
1722 347 1799 377 nec

167 404 536 449 contradictionem
573 401 771 458 implicat,
805 401 920 444 eirca
952 401 1121 460 effeetus
1156 405 1407 446 matrimonii
1456 403 1693 461 canoniam,
1725 418 1797 448 seu

166 490 189 520 a
221 477 421 520 canonico
456 477 545 517 iure
574 473 628 516 illi
664 486 900 527 concessos,
943 472 999 516 ad
1042 474 1339 531 praeteritum,
1373 487 1552 531 nempe:
1600 477 1659 519 sic
1692 476 1796 519 iudi-

166 547 320 591 candos
352 559 399 589 ac
432 547 463 588 si
498 544 654 588 obtenti
688 545 845 587 fuerint
867 548 1055 600 tempore
1089 546 1178 588 initi
1212 549 1450 588 contractus
1484 546 1800 590 matrimonialis

167 617 352 669 invalidi,
386 618 454 673 qui
487 615 649 659 subiato
683 620 781 658 tnnc
815 615 1114 670 impedimento
1151 614 1313 659 validus
1345 616 1500 660 fuisset.

285 687 398 731 Haec
433 687 574 730 ultima
609 686 832 742 explicatio
878 686 1019 742 patefit
1058 698 1105 729 ac
1146 686 1366 730 roboratur
1398 689 1437 730 in
1472 690 1496 742 g
1530 689 1567 731 2.
1605 688 1796 732 Convali-

166 758 298 814 dacio,
332 772 411 810 qua
449 757 660 801 vinculum
695 756 914 813 coniugale
948 759 1216 813 instauratur,
1250 757 1296 814 fil
1338 772 1364 800 a
1405 764 1610 803 momento
1651 760 1798 817 plenae

167 829 444 874 concessionis
464 828 649 886 qratiae,
675 828 779 871 sacta
815 841 980 885 quoque
1012 832 1307 886 exequutione,
1330 831 1362 872 si
1388 829 1510 873 buius
1532 843 1636 886 opus
1661 832 1797 885 fuerit,

168 904 221 945 ita
255 906 298 944 ut
330 901 462 944 solum
487 913 535 943 ex
562 899 640 943 hoc
665 904 874 942 momento
906 899 1014 943 adsit
1054 899 1267 943 vinculum
1302 900 1538 957 coniugale,
1570 914 1648 944 non
1684 904 1798 958 prius

166 974 377 1025 extiterit,
411 969 685 1013 retrotractio
720 982 814 1013 vero
855 968 1116 1027 intelliqilur
1146 968 1278 1027 facta,
1313 983 1393 1013 non
1438 972 1477 1014 in
1513 973 1571 1014 rei
1606 974 1800 1027 veritate,

165 1042 235 1086 sed
273 1047 315 1086 ut
346 1043 544 1097 diximus,
578 1041 788 1084 iudicatur
819 1053 867 1084 ac
901 1046 1118 1097 reputatur
1150 1040 1203 1084 ab
1236 1040 1434 1097 Ecclesia,
1454 1041 1511 1085 ad
1533 1042 1798 1086 matrimonii

166 1113 351 1166 initiunt,
383 1113 549 1171 quando
582 1116 821 1155 contractus
843 1112 919 1154 fuit
942 1111 1127 1155 invalide
1161 1117 1365 1168 peractus,
1388 1112 1474 1155 nisi
1506 1112 1628 1156 aliud
1659 1114 1795 1171 quoad

167 1184 271 1228 banc
306 1185 663 1227 retrotractionem
697 1196 906 1241 eoepresse,
941 1185 998 1226 uti
1032 1185 1237 1239 exceptio,
1273 1185 1311 1226 in
1345 1196 1443 1227 casu
1476 1189 1688 1229 caveatur.

282 1253 383 1299 Cum
419 1257 458 1297 in
491 1256 706 1298 sanatione
739 1253 817 1297 hac
868 1255 1120 1297 matrimonii
1159 1267 1338 1297 «novus
1374 1255 1597 1299 voluntatis
1629 1260 1792 1299 actus»

165 1325 448 1370 consentiendi
487 1341 507 1366 <t
532 1327 571 1368 in
609 1327 965 1368 matrimonium»
1003 1338 1082 1367 non
1120 1327 1357 1383 requiratur
1388 1326 1439 1369 ad
1475 1339 1662 1370 normam
1697 1329 1722 1381 g
1757 1328 1796 1384 l,

167 1399 433 1440 monitionem
469 1398 602 1453 primo
650 1401 818 1452 aspectu
870 1395 1101 1439 mirabilem
1138 1397 1294 1453 profert
1323 1395 1354 1455 ξ
1385 1396 1423 1440 3.
1463 1396 1735 1455 Dispensatio
1768 1412 1794 1441 a

164 1467 254 1525 leqe
285 1467 335 1511 de
365 1467 606 1511 renovando
639 1481 841 1510 consensu
875 1466 937 1523 (ἓο
973 1466 1016 1524 1)
1049 1466 1219 1511 concedi
1251 1467 1379 1510 etiam
1411 1473 1563 1526 potest,
1596 1481 1676 1512 non
1711 1475 1797 1513 tan-

164 1544 250 1582 tum
284 1538 397 1582 salva
432 1540 685 1581 matrimonii
724 1542 872 1581 natura
914 1551 1161 1581 consensum
1206 1541 1441 1583 necessario
1481 1542 1688 1596 exigente,
1721 1541 1793 1584 sed

165 1612 278 1654 iuxta
310 1609 520 1654 Ecclesiae
557 1612 716 1666 praxim
751 1622 918 1666 quoque
950 1610 1009 1664 tit,
1052 1609 1093 1667 a)
1126 1609 1190 1653 vel
1233 1624 1318 1652 nna
1362 1615 1538 1661 tantum,
1572 1612 1707 1654 forsan
1742 1611 1795 1656 ob

165 1681 410 1737 prudentiae
444 1683 645 1724 rationem
681 1681 719 1723 id
757 1683 1053 1738 requirentem,
1105 1680 1148 1737 b)
1181 1680 1244 1724 vel
1277 1686 1458 1739 utraque
1484 1687 1611 1739 parte
1643 1682 1795 1736 inscia,

164 1766 236 1808 pro
260 1765 357 1795 casu
381 1757 451 1795 aut
474 1755 512 1795 in
537 1754 751 1795 sanatione
777 1752 956 1808 plurium
995 1754 1372 1806 matrimoniorum,
1408 1767 1446 1794 v.
1470 1767 1531 1809 gr.
1567 1767 1639 1810 per
1661 1759 1793 1799 const.

167 1823 435 1866 «Provida»
472 1823 529 1866 Pii
566 1822 601 1866 X
635 1822 648 1845 ¹
683 1822 752 1866 nbi
786 1825 956 1866 statuit:
994 1822 1301 1867 «Matrimonia
1338 1827 1465 1867 mixta
1500 1826 1538 1867 in
1573 1824 1794 1882 quibusvis

162 1893 328 1950 Imperii
361 1892 599 1938 Germanici
635 1896 862 1950 provinciis
895 1899 934 1938 et
967 1894 1082 1949 locis,
1114 1896 1239 1937 etiam
1273 1897 1311 1937 in
1346 1897 1395 1938 iis
1426 1908 1533 1953 quae
1567 1897 1680 1938 iuxta
1714 1895 1795 1939 Ro-

165 1977 381 2008 manarum
413 1964 792 2021 Congregationum
837 1965 1071 2008 decisiones
1113 1967 1150 2008 vi
1200 1967 1378 2009 irritanti
1427 1968 1574 2022 capitis
1612 1965 1794 2009 Tametsi

162 2041 275 2079 certo
308 2035 524 2094 hucusque
556 2035 741 2080 subiecta
775 2037 955 2092 inerunt,
979 2050 1058 2079 non
1083 2041 1247 2080 servata
1281 2038 1412 2081 forma
1436 2036 1676 2081 Tridentina
1710 2039 1791 2081 iam

162 2112 390 2162 contracta,
415 2107 475 2151 vel
509 2106 638 2165 (quod
664 2107 774 2151 Deus
795 2107 978 2164 avertat)
1012 2110 1049 2151 in
1087 2113 1295 2164 posterum
1320 2108 1619 2163 contrahenda,
1653 2109 1792 2166 (intel-

163 2177 375 2233 ligendum
411 2178 447 2220 id
473 2191 604 2236 usque
627 2179 676 2221 ad
702 2178 866 2222 Codicis
892 2178 1112 2236 vigorem),
1146 2179 1374 2223 dummodo
1407 2192 1483 2223 nec
1511 2179 1623 2223 aliud
1657 2179 1793 2223 obstet

161 2250 406 2291 canonicum
443 2249 801 2305 impedimentum,
837 2262 912 2292 nec
944 2252 1146 2293 sententia
1181 2249 1381 2293 nullitatis
1416 2254 1583 2306 propter
1616 2250 1789 2306 impedi-

163 2324 346 2362 mentum
367 2318 710 2363 clandestinitatis
727 2325 822 2363 ante
840 2321 949 2363 diem
969 2320 1116 2363 festum
1139 2320 1318 2364 Paschae
1336 2320 1459 2363 huius
1476 2322 1572 2363 anni
1586 2319 1622 2377 (1
1637 2321 1660 2362 5
1676 2320 1794 2376 Apri-

161 2389 224 2444 lis)
256 2389 440 2446 legitime
474 2390 553 2433 lata
586 2392 724 2444 fuerit,
758 2395 798 2434 et
832 2395 998 2434 mutuus
1040 2393 1266 2448 coniugum
1310 2404 1536 2435 consensus
1576 2404 1705 2448 usque
1737 2390 1789 2434 ad

160 2461 312 2503 dictam
346 2460 456 2503 diem
501 2464 849 2517 perseveraverit,
886 2475 957 2518 pro
995 2462 1142 2505 validis
1184 2464 1353 2505 omnino
1401 2461 1545 2506 baberi
1582 2461 1787 2516 volumus,

160 2531 285 2588 idque
317 2544 514 2587 expresse
547 2532 823 2587 declaramus,
857 2532 1079 2576 delinimus
1111 2537 1235 2590 atque
1268 2533 1534 2576 decernimus
1556 2547 1597 2574 )).
1633 2532 1674 2575 ln
1708 2545 1791 2589 quo

161 2607 273 2644 textu
306 2604 464 2644 sanatio
500 2604 858 2646 matrimoniorum
884 2606 1124 2657 mixtorum,
1147 2616 1254 2660 quae
1289 2603 1399 2646 nulla
1432 2603 1599 2646 fuerunt
1631 2601 1683 2646 ob
1715 2603 1786 2646 de-

159 2672 312 2715 sectum
344 2672 514 2724 formae,
548 2672 799 2728 generaliter
832 2673 1076 2717 conceditur
1111 2686 1241 2731 usque
1273 2673 1324 2717 ad
1360 2672 1474 2716 illum
1500 2673 1626 2727 diem,
1661 2674 1786 2716 etiam

159 2743 286 2784 inscia
321 2742 487 2785 forsitan
515 2747 688 2799 utraque
713 2748 841 2798 parte,
865 2755 913 2786 ac
935 2743 1056 2786 simul
1083 2743 1324 2787 decernitur
1347 2745 1386 2786 in
1412 2748 1620 2800 posterum
1645 2755 1788 2786 exem-

266 2894 277 2916 ¹
303 2894 326 2927 8
350 2894 436 2928 Ian.
468 2894 572 2927 1906.
