1971 3261
113 176 206 213 Can.
235 176 328 211 1012
618 175 703 210 ΤιΤ.
733 176 819 210 VII.
850 195 861 202 -
888 176 944 210 De
980 177 1240 210 Matrimonia
1677 176 1745 210 487

111 300 196 338 tera
231 299 399 351 propter
434 294 698 350 baptismum.
736 293 782 336 Et
817 296 875 337 sic
913 299 1019 350 patet
1060 297 1212 337 veritas
1258 296 1378 337 liuius
1418 294 1459 351 ξ’
1503 295 1743 350 ceteroquin

112 366 328 408 referentis
359 365 638 421 dogmaticam
672 364 961 407 ‹lelinitionem
983 365 1107 407 (jonc.
1131 364 1267 408 Trid.:
1296 366 1304 386 ¹
1347 381 1367 404 «
1386 366 1424 407 Si
1460 366 1552 421 quis
1579 364 1745 418 dixerit,

114 437 421 478 matrimonium
457 448 535 477 non
570 447 658 477 esse
696 448 808 489 vere,
834 440 871 477 et
898 437 1065 490 proprie
1090 448 1215 477 unum
1242 448 1291 478 ex
1317 440 1473 491 septem
1500 435 1601 491 legis
1624 448 1747 477 eran-

110 505 269 562 gelicae
301 503 572 549 sacramentis
605 518 626 548 a
660 504 823 547 Christo
859 504 1034 548 Domino
1069 508 1313 558 institutum,
1339 505 1409 548 sed
1435 505 1486 549 ab
1511 504 1747 548 bominibus

112 578 150 619 in
186 576 369 620 Ecclesia
404 578 637 628 inventum,
673 588 809 632 neque
843 579 1020 629 gratiam
1056 578 1260 626 conterre,
1295 576 1514 620 anathema
1548 579 1656 619 sit».

230 646 335 690 Hinc
369 651 513 702 sponte
549 647 638 689 tluit
669 646 780 703 quod
830 649 974 690 asserit
1009 647 1036 679 Q
1068 650 1110 691 3.
1151 646 1306 700 (tumre,
1353 647 1480 690 idest:
1526 646 1578 690 ob
1620 646 1660 703 ξ’
1709 647 1746 689 1¹

110 722 267 762 certam
303 720 624 774 propositionem
662 717 773 759 inter
806 716 1040 775 baptizatos
1069 720 1203 760 virum
1228 722 1267 761 et
1294 717 1528 772 mulierem,
1551 720 1645 775 quia
1671 718 1745 761 du-

113 788 265 833 bitatur
298 788 435 832 adltuc
469 800 518 831 an
555 790 662 832 inter
696 801 765 831 eas
801 802 998 844 personas
1032 802 1208 846 quarum
1236 791 1355 832 unica
1382 794 1538 832 tantum
1565 794 1624 832 est
1649 788 1746 845 bap·

111 862 229 903 tizata
265 861 574 902 matrimonium
621 861 671 902 sit
715 864 1040 914 sacramentum,
1088 859 1230 916 nequit
1280 859 1611 901 nuttrimom'alis
1659 873 1749 902 eon-

112 935 274 973 traetus
307 932 429 974 etiam
468 931 621 974 reflexa
659 932 886 973 intentione
919 929 1172 974 abstractiva
1216 930 1381 973 validus
1424 931 1666 984 consistere,
1700 944 1747 973 eo

109 1001 219 1058 quod
255 1001 460 1044 adversus
493 1001 681 1044 divinam
718 1003 819 1043 iuris
842 1001 1154 1057 dispositionem
1179 1014 1303 1057 supra
1329 1001 1580 1057 explicatam
1607 1003 1747 1058 nequit

116 1072 304 1115 voluntas
338 1071 518 1115 humana
553 1071 812 1127 praevalere⁷
838 1072 937 1129 quin
963 1072 1018 1114 si!
1041 1085 1087 1115 eo
1112 1072 1201 1129 ipso
1225 1077 1533 1114 sacramentarii
1563 1072 1745 1115 validum

110 1155 278 1200 quoque
314 1147 482 1199 propter
514 1144 822 1185 coniunctionis
856 1143 1065 1195 ellectum,
1089 1147 1128 1185 et
1162 1155 1285 1185 causa
1322 1156 1393 1198 per
1416 1156 1458 1185 se
1483 1143 1628 1186 efficax
1654 1155 1746 1199 gra-

113 1216 192 1257 tiae
226 1216 265 1256 ni
300 1213 461 1257 obicem
498 1215 535 1255 in
570 1213 708 1270 aliquo
733 1226 781 1256 ex
809 1213 1151 1256 contrahentibus
1174 1213 1361 1257 subiecto
1387 1216 1606 1258 inveniret.
1632 1212 1749 1266 Quae

110 1284 301 1327 doctrina
337 1283 547 1339 probatur,
583 1288 621 1326 et
656 1283 891 1339 explicatur
924 1283 1109 1326 eiusdem
1145 1284 1181 1333 §i
1215 1297 1361 1327 sensus
1394 1297 1442 1327 ex
1479 1291 1583 1341 seq.⁸
1617 1290 1749 1341 prop.⁸

112 1357 150 1398 in
185 1353 353 1411 Syllabo
390 1355 445 1397 Pii
483 1353 533 1397 tx
570 1354 790 1398 damnatis.
830 1370 850 1395 «
879 1354 995 1411 Prop.
1023 1356 1089 1397 65.
1116 1354 1239 1398 Nulla
1276 1357 1433 1398 ratione
1468 1356 1562 1398 ferri
1602 1361 1747 1412 potest,

109 1424 318 1469 Christum
354 1427 545 1468 evexisse
579 1427 890 1468 matrimonium
926 1425 975 1468 ad
1011 1426 1256 1482 dignitatem
1281 1429 1545 1469 sacramenti.
1572 1427 1640 1469 66.
1667 1425 1747 1469 Ma-

113 1498 293 1540 trimonii
327 1501 637 1540 sacramentum
672 1509 750 1539 non
785 1500 845 1539 est
879 1498 955 1539 nisi
990 1497 1087 1553 quid
1124 1499 1354 1540 contractui
1390 1499 1670 1540 accessorium
1696 1497 1748 1540 ab

111 1580 244 1624 eoque
275 1567 521 1624 separabile,
558 1569 779 1623 ipsumque
812 1572 1121 1610 sacramentum
1159 1569 1196 1609 in
1244 1580 1322 1610 una
1370 1572 1528 1610 tantum
1575 1568 1747 1624 nuptiali

114 1637 403 1682 benedictione
436 1640 561 1681 situm
596 1643 713 1681 est».

232 1708 329 1751 398.
350 1710 656 1755 Sacramenti
683 1710 981 1754 matrimonii
1008 1711 1231 1762 materia,
1249 1710 1411 1754 forma
1429 1713 1478 1755 et
1495 1712 1703 1756 ministri
1719 1709 1747 1750 ².

114 1805 166 1810 —
199 1779 302 1822 Sunt
334 1779 504 1837 quidam
540 1780 726 1823 dicentes
761 1782 976 1822 materiam
1013 1784 1215 1822 remotam
1251 1793 1340 1823 esse
1375 1782 1438 1822 ius
1473 1785 1661 1823 mutuum
1710 1783 1747 1823 in

111 1862 287 1906 corpora
323 1851 361 1892 iu
395 1850 540 1893 ordine
573 1850 623 1893 ad
658 1852 986 1907 generationem.
1020 1850 1097 1893 Sed
1145 1849 1221 1893 ltoc
1261 1863 1339 1893 non
1384 1851 1548 1893 ridetur
1589 1864 1747 1894 verum.

112 1921 219 1964 Ante
252 1925 511 1964 contractum
547 1923 656 1963 enim
685 1921 1031 1964 matrimonialem
1059 1923 1121 1964 ius
1143 1921 1193 1964 ad
1222 1923 1531 1964 matrimonium
1559 1920 1749 1978 liabetur,

111 1992 182 2035 sed
220 1994 282 2035 ius
317 1996 505 2034 mutuum
543 1991 643 2034 illud
681 1994 868 2045 minime,
891 2005 984 2035 cum
1020 1994 1068 2035 sit
1106 1994 1640 2036 matrimoniisacramento
1663 1993 1747 2036 effi-

111 2063 322 2107 ciendum.
358 2062 527 2106 Materia
564 2076 664 2106 vero
699 2068 856 2106 remota
884 2065 921 2105 in
946 2065 1218 2106 sacramentis
1243 2065 1592 2119 praesupponitur
1614 2065 1687 2116 eis,
1711 2068 1749 2106 et

112 2138 172 2176 est
206 2146 313 2190 quae
345 2132 567 2176 adhibetur
602 2136 639 2176 in
675 2134 936 2177 conticiendo
969 2138 1244 2177 sacramento.
1271 2133 1395 2190 Atqui
1420 2146 1467 2176 ea
1501 2146 1608 2191 quae
1634 2147 1750 2190 prae-

112 2206 295 2247 existunt
331 2206 594 2247 matrimonio
628 2209 667 2247 et
700 2204 751 2247 de
785 2204 936 2261 quibus
971 2203 1289 2247 matrimonialis
1311 2209 1551 2248 contractus
1574 2205 1631 2259 tit,
1656 2210 1751 2248 sunt
1789 2194 1792 2196 ’

112 2287 287 2331 corpora
322 2274 656 2318 contrahentium
693 2274 877 2331 legitime
911 2275 960 2318 ad
1006 2280 1122 2318 actus
1165 2274 1406 2330 coniugales
1448 2280 1558 2331 apta,
1590 2288 1661 2318 seu
1709 2280 1750 2318 ut

111 2347 168 2388 ait
204 2344 247 2387 D.
271 2344 344 2389 Tb.
371 2346 474 2388 infra
493 2344 510 2367 ³
538 2345 790 2401 «legitimae
817 2358 1018 2401 personae
1037 2345 1086 2388 ad
1106 2344 1436 2389 contrahendum
1459 2361 1496 2386 ».
1520 2345 1627 2402 Ergo
1648 2345 1749 2389 haec

112 2420 207 2459 sunt
243 2428 340 2459 vera
377 2418 548 2460 materia
584 2421 741 2459 remota
775 2418 1026 2459 sacramenti
1062 2418 1330 2459 matrimonii.

231 2484 577 2531 Communissime
602 2500 711 2530 minc
740 2489 940 2530 asseritur
967 2486 1091 2530 verba
1121 2486 1181 2530 vet
1206 2488 1338 2543 signa,
1365 2492 1485 2543 prout
1507 2489 1747 2543 exprimunt

114 2557 379 2601 traditionem
408 2560 536 2601 mutui
565 2560 666 2601 iuris
688 2571 910 2614 corporum
939 2559 1044 2600 inter
1068 2570 1139 2600 eos
1161 2559 1230 2615 qui
1257 2561 1566 2601 matrimonium
1593 2563 1752 2601 contra-

95 2627 232 2680 hunt,
265 2641 354 2671 esse
391 2631 603 2672 materiam
641 2631 888 2685 proximam,
929 2629 1159 2685 eademque
1197 2628 1322 2672 verba
1361 2629 1422 2671 vel
1458 2631 1590 2684 signa,
1630 2635 1747 2685 prout

116 2701 379 2742 manifestant
411 2702 739 2756 acceptationem
776 2701 944 2756 praefati
981 2702 1081 2742 iuris
1116 2702 1152 2742 in
1188 2700 1334 2743 ordine
1357 2700 1524 2756 quidem
1550 2700 1598 2743 ad
1625 2713 1748 2756 gene-

117 2772 318 2813 rationem
355 2783 426 2826 per
459 2770 593 2814 dictas
627 2783 837 2827 personas,
874 2783 963 2813 esse
998 2772 1169 2813 formam
1204 2773 1453 2814 sacramenti
1482 2773 1749 2814 matrimonii.

234 2875 243 2896 ¹
273 2875 374 2909 Sess.
406 2875 552 2915 XXIV,
582 2887 665 2910 can.
698 2878 729 2909 1.
760 2896 804 2901 —
830 2876 843 2898 2
871 2876 916 2910 D.
944 2875 1017 2909 Th.
1041 2875 1172 2920 Suppl.
1192 2888 1228 2921 q.
1250 2876 1376 2919 XLII,
1397 2889 1431 2910 a.
1457 2879 1473 2910 l
1494 2876 1541 2911 ad
1560 2878 1608 2910 '2¹¹³
1629 2883 1668 2912 et
1691 2879 1751 2911 1¹¹¹.

44 2927 57 2933 '
115 2942 158 2947 —-
185 2922 199 2944 3
238 2922 374 2967 Suppl.
401 2934 436 2968 q.
466 2922 587 2964 XLV,
617 2928 690 2957 art.
720 2924 753 2957 5.
785 2923 858 2957 Sed
885 2929 1023 2957 contra
1050 2924 1084 2956 2.
