1971 3261
180 133 278 170 Can.
307 131 458 167 ‘isa-783
676 130 761 164 ΤῙΤ.
791 129 842 164 II.
871 149 883 154 -
911 129 967 164 De
1006 127 1312 193 Cotifi'rmatz'one
1772 127 1815 161 81

303 251 364 294 Ad
401 249 611 307 peculiare
642 249 759 293 Sedis
792 247 1055 304 Apostolicae
1091 246 1295 290 indultum
1321 246 1430 304 quod
1455 248 1615 299 attinet,
1639 250 1732 289 sunt
1756 259 1817 288 se-

181 327 359 382 quentes
390 321 460 379 ἐξ
495 335 568 378 pro
592 320 835 365 diversitate
860 321 1028 373 rituum,
1061 318 1277 362 videlicet:
1311 316 1401 376 ἑά.
1429 316 1649 375 Presbyter
1681 316 1721 373 a)
1756 315 1817 359 la-

183 393 267 437 tim?
300 393 423 443 ritas,
457 391 682 435 saecularis
718 390 780 433 vet
818 389 1051 446 religiosus,
1087 388 1169 441 cai,
1206 402 1284 432 non
1322 390 1506 444 praecise
1544 389 1673 430 «iure
1705 400 1816 430 com-

184 466 340 508 muni»
376 465 482 519 (can.
517 462 617 516 782,
649 461 678 519 ξ
711 460 768 518 9),
801 460 871 504 sed
898 460 938 502 m'
961 458 1121 502 imlalli
1156 459 1384 516 personalis
1420 459 1481 502 vel
1523 460 1817 502 communicati

182 548 204 579 3
244 533 407 578 Vicario
459 532 521 577 vel
574 532 783 576 Praefecto
832 530 1071 587 Apostolico
1123 530 1185 573 vel
1235 529 1311 574 sibi
1361 531 1603 586 pertinentis
1636 529 1820 571 fortassis

184 608 344 650 ratione
380 605 456 648 loci
492 605 713 657 missionis,
761 607 831 646 aut
880 614 979 645 suae
1031 602 1256 658 religionis,
1307 600 1408 643 liaec
1449 599 1636 657 facultas
1669 598 1818 642 confir-

183 676 324 720 mandi
360 679 578 733 competat,
624 673 983 730 confirmationem
1033 671 1171 715 calide
1213 671 1376 729 confert
1416 671 1458 728 b)
1493 670 1595 714 solis
1629 668 1820 726 fidelibus

180 747 251 791 sui
284 747 394 789 ritas
430 758 600 802 nempe:
637 745 765 798 latini,
800 744 915 788 33113
953 746 1199 800 exceptione
1237 743 1511 786 determinata
1545 744 1626 785 sic:
1660 741 1746 783 m'si
1778 740 1820 783 ia

182 817 350 862 indulto
385 817 437 860 (le
469 830 551 874 quo
585 829 709 872 snpra
759 814 882 858 aliud
931 828 1105 871 nempe:
1154 816 1408 858 contrarium
1444 826 1641 870 eacpresse
1672 814 1709 854 in
1747 811 1821 855 1136

183 897 299 946 parte
333 893 503 931 cautam
536 886 683 944 fuerit.
717 886 805 930 Hoc
838 891 976 930 autem
1027 888 1064 928 in
1109 897 1206 929 casu
1243 885 1412 928 latinum
1454 883 1823 927 administrationis

183 961 307 1003 ritum
342 960 458 1016 sequi
493 957 679 1013 deberet,
714 970 793 1000 non
829 956 1105 1000 confirmandi
1142 958 1283 1009 ritum,
1307 955 1356 998 ad
1383 967 1571 997 normam
1607 959 1710 997 63113.
1737 952 1820 996 733

179 1029 451 1082 servandam,
485 1031 581 1087 quia
618 1041 749 1072 canon
785 1040 981 1084 praesens
1003 1026 1080 1071 sub
1107 1027 1183 1070 boc
1216 1025 1360 1082 Capite
1399 1041 1418 1066 «
1443 1025 1494 1069 (le
1518 1026 1706 1068 ministro
1730 1036 1823 1067 con-

181 1102 472 1144 firmationis»
510 1104 571 1143 est
604 1101 720 1152 situs,
760 1112 839 1142 non
887 1100 925 1141 111
970 1111 1056 1155 seq.
1103 1100 1248 1153 capite.
1285 1122 1341 1127 —
1369 1096 1524 1139 Pariter
1556 1093 1584 1152 ξ
1617 1095 1654 1137 5
1690 1093 1822 1151 Nefas

179 1177 255 1227 est,
289 1171 399 1229 quod
439 1169 612 1214 1611111111
649 1172 814 1226 proprie
838 1169 1047 1225 significat
1071 1167 1392 1223 prohibitionem
1421 1168 1521 1209 iuris
1544 1166 1688 1214 aix-ini,
1716 1177 1822 1222 quae

179 1244 377 1299 supponit
410 1241 649 1285 facultatem
686 1245 727 1283 ut
761 1242 843 1283 sint
875 1239 1198 1282 extraordinarii
1235 1240 1410 1281 ministri
1450 1239 1486 1279 vi
1512 1239 1536 1291 g
1561 1238 1583 1279 '⁹2
1608 1243 1711 1280 cam.
1738 1236 1821 1279 782

180 1315 459 1357 necessariam
495 1312 639 1355 deesse
669 1310 931 1369 presbyteris
976 1310 1088 1352 ritus
1128 1308 1368 1363 orientalis,
1403 1308 1475 1366 qai
1506 1307 1714 1366 facultate
1745 1309 1821 1351 sci-

180 1383 299 1428 licet:
335 1381 533 1426 habituali
570 1383 705 1425 forsan
740 1381 790 1424 ad
827 1385 994 1437 tempus
1030 1380 1092 1423 vel
1119 1380 1169 1423 ad
1196 1384 1357 1423 certum
1395 1392 1613 1422 numerum
1649 1391 1819 1421 casuum

177 1466 390 1507 concessa,
423 1455 531 1496 sicut
562 1465 686 1509 supra
723 1454 762 1495 in
796 1451 874 1495 hoc
907 1451 954 1508 {⁰
989 1450 1246 1495 declaratum
1282 1455 1343 1493 est
1375 1451 1427 1493 de
1451 1449 1623 1503 indulto,
1648 1448 1819 1506 celpri-

175 1524 343 1583 vileqio,
380 1524 589 1568 videlicet:
623 1537 671 1567 eo
704 1523 813 1581 quod
849 1522 916 1566 illa
952 1525 989 1565 in
1027 1527 1275 1579 perpetuum
1299 1524 1351 1564 sit
1374 1520 1554 1575 obtenta,
1579 1520 1641 1563 vel
1669 1520 1815 1563 melius

176 1598 274 1654 quia
310 1600 351 1639 ut
386 1595 449 1639 lex
488 1594 709 1652 peculiaris
742 1608 815 1651 pro
849 1607 992 1637 eorum
1029 1595 1123 1646 ritu,
1163 1594 1240 1636 iuri
1276 1594 1486 1636 communi
1527 1591 1690 1635 Codicis
1723 1603 1818 1634 con-

178 1667 528 1723 tradistinguitnr,
559 1665 762 1724 pandent,
786 1664 1148 1722 confirmationem
1174 1678 1259 1707 aaa
1283 1677 1373 1706 cam
1397 1662 1618 1720 baptismo,
1644 1667 1685 1705 ut
1710 1662 1817 1718 apud

176 1737 400 1782 orientales
433 1739 583 1781 assolet
616 1735 855 1795 infantibus
877 1736 945 1778 sai
968 1735 1081 1778 ritas
1105 1734 1354 1793 conferendi
1376 1733 1552 1777 eandem
1574 1732 1822 1776 ini'm'straic

179 1813 392 1867 nequeunt
413 1808 562 1863 valide,
582 1810 696 1852 iuxta
715 1807 1041 1852 declaratiOncm
1064 1820 1187 1863 supra
1211 1809 1384 1862 positam
1415 1805 1636 1848 verborum
1667 1821 1689 1845 ((
1706 1806 1822 1847 nefas

176 1885 239 1924 est
262 1896 302 1935 »,
336 1878 574 1937 infantibus
622 1878 752 1922 latini
798 1882 924 1930 ritus,
975 1880 1065 1921 3116
1098 1879 1236 1921 statim
1275 1881 1363 1934 post
1399 1876 1663 1933 baptismum,
1703 1877 1821 1919 cuius

177 1952 482 1996 administratio
515 1952 575 1994 eis
607 1949 880 1993 orientalibus
916 1949 1166 2005 regulariter
1202 1961 1280 1991 non
1317 1947 1409 1991 licet
1445 1947 1494 1990 ad
1516 1959 1705 1990 normam
1729 1958 1819 1989 can.

176 2023 234 2067 98
265 2024 293 2080 ς’
328 2023 366 2074 1,
399 2022 500 2076 756,
533 2023 624 2065 sive
657 2023 878 2064 seiunctim
915 2025 953 2064 et
990 2022 1069 2063 iam
1107 2022 1222 2076 prius
1257 2018 1483 2076 baptizatis.

296 2093 356 2137 Ex
392 2093 513 2137 dictis
547 2095 585 2136 in
621 2092 675 2150 ἐξ
708 2093 731 2135 4
758 2097 798 2136 et
822 2093 846 2136 5
880 2094 1044 2136 eruitur
1079 2091 1354 2134 confirmandi
1392 2090 1625 2134 facultatem
1657 2104 1675 2129 c<
1696 2101 1817 2145 pecu-

181 2165 273 2209 liari
306 2177 548 2208 concessam
584 2163 744 2207 indulto
768 2179 789 2204 J>
838 2166 943 2216 (can.
980 2162 1081 2215 78⁶2,
1116 2160 1144 2220 ξ
1177 2161 1221 2218 a)
1257 2164 1309 2205 ita
1345 2161 1511 2204 limitari
1546 2160 1680 2218 quoad
1718 2159 1818 2202 vali-

177 2236 348 2280 ditatem
385 2236 727 2289 confirmationis,
762 2238 807 2278 ut
839 2236 1028 2277 minister
1063 2235 1115 2276 sit
1148 2233 1192 2290 a)
1217 2231 1435 2289 presbyter
1478 2234 1580 2274 ritus
1614 2231 1725 2275 latini
1754 2230 1816 2273 vel

177 2306 393 2350 orientalis
425 2306 536 2362 (6311.
571 2306 670 2361 78⁶2,
704 2304 733 2362 ξ
766 2305 823 2361 ⁶2),
858 2305 930 2348 sed
967 2317 1057 2348 eam
1098 2308 1291 2347 exerceat
1315 2302 1355 2360 b)
1378 2316 1475 2359 erga
1501 2302 1609 2345 solos
1631 2301 1815 2345 eiusdem

180 2380 283 2421 ritus
316 2377 461 2421 fideles
496 2376 569 2435 (gg
603 2376 642 2430 4,
677 2377 719 2430 5)
751 2381 790 2419 et
824 2375 862 2433 c)
897 2389 991 2420 cum
1026 2374 1252 2418 chrismate
1287 2387 1361 2430 per
1395 2373 1643 2429 Episcopum
1678 2385 1818 2415 conse-

176 2453 293 2493 crato
326 2448 436 2506 (can.
471 2448 572 2503 781,
595 2449 620 2501 ἓ
647 2447 704 2505 1),
738 2452 983 2505 ceterasque
1010 2446 1277 2489 limitationes
1301 2447 1512 2501 potestatis
1534 2448 1687 2497 servet,
1711 2455 1816 2500 quae

178 2521 218 2562 in
238 2518 460 2576 privilegio
482 2518 545 2562 vel
567 2518 725 2562 indulto
745 2520 925 2561 insertae
946 2518 1122 2560 fuerint:
1143 2515 1405 2560 solummodo
1423 2515 1601 2558 admissa
1623 2526 1815 2570 expressa

179 2592 448 2634 revocatione
482 2589 731 2633 conditionis
763 2588 840 2632 sub
876 2589 1010 2632 littera
1049 2587 1108 2644 1)),
1142 2599 1249 2644 quae
1273 2588 1439 2630 forsitan
1467 2585 1623 2629 indulto
1649 2584 1816 2641 presby-

178 2663 256 2705 teri
292 2661 407 2704 latini
442 2662 565 2704 fuerit
596 2663 782 2717 apposita
816 2660 857 2715 (§
891 2659 948 2716 4).

301 2732 371 2774 77.
409 2733 481 2777 De
519 2734 951 2778 administratione
995 2732 1133 2776 licita
1175 2730 1566 2775 confirmationis
1610 2741 1697 2784 per
1738 2728 1819 2771 mi-

177 2805 387 2849 nistrum
421 2804 739 2848 ordinarium.
763 2827 788 2833 —
812 2800 1024 2854 Quosnam
1052 2800 1197 2843 fideles
1222 2801 1408 2842 minister
1432 2799 1667 2841 ordinarius
1693 2799 1814 2853 possit

179 2872 291 2917 licite
326 2873 578 2916 confirmare
612 2886 686 2916 nos
719 2873 867 2916 edocet
900 2885 991 2914 can.
1029 2871 1136 2915 783.
1170 2873 1195 2922 ἓ
1231 2871 1266 2913 1.
1292 2868 1527 2927 Episcopus
1551 2872 1816 2911 consecratus

264 2962 359 2990 BLAT
383 2978 401 2983 -
428 2962 552 2990 Pomm.
585 2962 668 2991 Tea-e.
695 2961 770 2989 Coa.
795 2961 870 2989 Imm
899 2962 980 2989 Can.
1714 2958 1730 2983 fi
