1971 3261
128 151 222 188 Can.
246 151 316 187 882
659 153 743 188 Trr.
770 153 834 188 IV.
864 175 874 179 -
903 155 959 189 De
986 157 1228 191 Poenilentia
1688 162 1755 195 *2255

128 284 152 313 a
187 269 398 328 quibusvis
426 269 627 327 peccatis,
661 283 767 327 quae
803 272 926 315 verba
963 273 1014 317 ol)
1049 274 1288 318 relationem
1324 277 1373 318 ad
1411 279 1472 319 ius
1506 262 1756 333 praecedens

129 343 241 385 iuxta
276 353 366 385 can.
402 342 441 395 6,
477 340 520 383 2⁰
556 340 712 384 nullum
751 349 964 397 peccatum
1005 344 1065 387 rel
1101 346 1350 403 ‹piandoque
1394 351 1513 402 turpe
1547 348 1753 404 complici-

127 414 234 466 tatis‚
269 412 320 455 de
354 425 434 468 quo
469 415 604 455 tamen
658 416 810 467 postca.
846 413 1131 469 excluderent,
1177 416 1370 473 idemque
1404 419 1671 460 asserendum
1707 420 1756 461 de

129 485 316 540 sequenti
354 481 506 526 verbo:
541 488 615 525 aut
648 483 851 535 censuris,
875 485 945 527 sed
974 491 1140 541 propter
1163 499 1342 530 canones
1376 488 1455 530 894
1495 490 1628 544 quoad
1666 503 1755 545 pcr-

132 558 270 597 catum
306 558 563 597 reservatum
613 554 788 597 Sanctae
821 555 932 604 Sodi,
969 556 1095 607 2253,
1146 558 1188 598 3⁰
1224 559 1586 601 rememorandum
1622 561 1755 616 quoad

130 623 432 667 absolutionem
485 629 791 667 reservatarum
827 638 1116 680 censurarum,
1164 628 1332 671 additur
1365 635 1595 684 opportune
1629 643 1756 686 quiin-

129 694 280 737 lunwt's
312 694 556 749 reservatis,
588 694 769 739 scilicet:
818 709 995 752 quorum
1032 696 1384 741 absolvendortun
1432 700 1603 742 facultas
1635 703 1756 743 etiam

125 764 422 821 specialissime
457 765 716 821 impetranda
749 771 869 818 esset,
906 768 1064 809 ratione
1099 771 1184 809 tum
1210 771 1467 811 auctoritatis
1493 773 1758 819 reservantis,

127 841 212 879 tum
248 838 376 893 ipsius
407 836 602 879 decretae
651 839 967 887 reservationis,
1003 841 1086 879 tum
1124 838 1232 880 modi
1278 852 1495 883 censuram
1533 841 1758 896 intligendi.

126 911 250 964 atque
284 911 451 963 propter
484 919 574 950 can.
611 907 721 950 2237
757 908 892 964 quoad
928 907 1231 951 absolutionem
1270 910 1532 965 publicarum
1568 926 1759 954 censura-

127 991 217 1021 rum
252 982 372 1022 caute
395 977 609 1022 subditur:
643 983 683 1020 et
716 978 910 1035 notoriis,
947 984 987 1021 ut
1023 981 1081 1022 sic
1122 982 1352 1022 reservatio
1386 994 1407 1023 a
1443 984 1530 1024 iure
1554 982 1759 1039 quaelibet

129 1048 190 1092 vel
226 1048 278 1093 ab
311 1048 477 1092 bomine
509 1054 661 1092 statuta
693 1054 826 1092 cesset
859 1049 909 1093 ad
946 1063 1134 1093 normam
1171 1051 1390 1094 doctrinae
1424 1054 1489 1095 cit
1526 1066 1615 1108 cap.
1638 1052 1758 1095 (lonc.

124 1119 236 1162 Trid.
270 1145 322 1150 —
356 1119 427 1163 Est
460 1125 597 1163 tamen
633 1119 856 1176 diligenter
902 1121 1279 1164 animadvertenda
1329 1136 1509 1179 sequens
1553 1123 1759 1166 clausula:

124 1190 293 1233 etiamsi
331 1203 535 1247 praesens
568 1191 623 1233 st't
656 1189 853 1234 sacerdos
902 1190 1177 1249 approbatus,
1226 1204 1333 1249 quae
1384 1192 1539 1235 salvam
1576 1194 1760 1237 decernit

125 1260 448 1305 declarationem
497 1263 565 1304 cit.
615 1262 653 1304 S.
688 1258 825 1305 Officii
869 1262 1004 1319 quoad
1059 1262 1315 1305 validitatem
1362 1262 1645 1315 absolutionis,
1691 1265 1759 1307 sed

128 1334 296 1389 insuper
328 1331 465 1389 quoad
501 1331 724 1375 liceitatem
764 1345 1000 1389 «expresse
1034 1335 1248 1389 corrigit»
1294 1337 1400 1386 (can.
1428 1334 1470 1391 a)
1507 1334 1586 1377 itit.
1631 1334 1763 1387 Rom„

127 1402 194 1446 ubi
228 1403 341 1447 ait¹:
397 1418 418 1444 ((
435 1403 513 1446 Sed
548 1405 580 1446 si
617 1403 847 1460 periculum
899 1406 1043 1447 mortis
1095 1406 1321 1458 immineat,
1358 1404 1423 1461 (ac
1460 1407 1662 1462 notetur):
1698 1418 1766 1461 ap-

129 1473 410 1531 probatusque
442 1474 551 1518 desit
583 1473 880 1529 Confessarius,
934 1474 1030 1532 (boc
1066 1488 1166 1531 ergo
1199 1480 1314 1531 casu)
1363 1475 1534 1533 quilibet
1570 1476 1765 1519 sacerdos

128 1549 258 1602 potest
310 1544 441 1602 (licite
475 1544 527 1588 ob
561 1543 893 1588 Declarationem
927 1546 968 1588 S.
1005 1543 1142 1589 Officii
1187 1546 1521 1589 concordandam
1558 1560 1651 1590 cum
1687 1546 1763 1589 Rit.

130 1615 248 1659 Rom.
272 1620 367 1659 ante
385 1614 603 1672 Codicem)
622 1628 643 1658 a
663 1615 999 1674 quibuscumque
1023 1619 1212 1660 censuris
1231 1622 1269 1660 et
1291 1620 1471 1673 peccatis
1489 1617 1707 1660 absolvere
1726 1635 1763 1659 ».

126 1685 410 1731 —Correctio
434 1690 574 1730 autem
611 1689 685 1731 ista
710 1700 789 1730 non
819 1693 879 1731 est
903 1689 1061 1744 absque
1085 1691 1343 1743 exceptione,
1382 1691 1477 1745 quia
1502 1691 1574 1731 etsi
1608 1687 1767 1736 absolu,-

132 1747 254 1800 tion'is
290 1757 483 1801 validitas
517 1760 555 1800 in
592 1757 776 1814 periculo
813 1761 957 1801 mortis
999 1757 1185 1801 absolute
1219 1764 1257 1802 et
1290 1771 1556 1816 quocumque
1597 1761 1633 1800 in
1669 1770 1764 1801 casu

124 1830 175 1871 sit
208 1828 429 1872 asserenda
464 1831 566 1884 iure,
601 1842 680 1871 non
714 1831 772 1872 sic
805 1828 1031 1872 dicendum
1065 1829 1117 1872 de
1154 1829 1333 1872 liceitate
1369 1829 1641 1872 absolutionis
1676 1842 1765 1885 pec-

128 1901 207 1943 cati
248 1901 382 1956 turpis
424 1913 519 1943 cum
563 1899 857 1956 complicitate,
902 1913 982 1957 qua
1027 1900 1078 1944 de
1123 1913 1247 1943 causa
1293 1905 1352 1943 est
1397 1900 1607 1944 additum:
1652 1899 1766 1943 salt-0

124 1970 389 2028 praescripto
424 1975 514 2015 σιῖη.
549 1972 644 2014 884
668 1973 706 2013 in
741 1983 822 2028 quo
856 1971 1106 2028 explicando
1142 1984 1206 2014 res
1241 1973 1372 2028 magis
1409 1970 1578 2027 patebit,
1603 1976 1640 2014 et
1675 1985 1765 2012 ean.

128 2042 257 2084 2252
287 2041 338 2084 de
363 2040 437 2096 liis,
462 2043 531 2098 qui
558 2046 600 2084 ut
622 2041 780 2085 dictum
806 2047 866 2085 est
905 2046 1195 2098 «receperunt
1229 2041 1529 2085 absolutionem
1555 2041 1606 2085 ab
1631 2044 1765 2098 aliqua

128 2124 302 2155 censura
337 2111 388 2155 ab
423 2111 589 2155 homine
626 2112 687 2156 vel
724 2125 747 2156 a
781 2126 957 2156 censura
992 2112 1292 2168 specialissimo
1320 2113 1442 2155 modo
1475 2112 1570 2156 Sedi
1596 2112 1765 2168 Aposto-

131 2182 233 2225 licae
268 2188 494 2237 reservata,
531 2185 562 2226 si
600 2188 737 2240 postea
773 2183 1065 2227 convaluerint
1087 2199 1124 2230 »ς
1160 2197 1207 2226 eo
1241 2183 1349 2240 quod
1387 2187 1580 2226 tenentur
1613 2183 1766 2238 obliga-

131 2254 241 2295 tione
275 2252 328 2296 ibi
366 2255 622 2309 praescripta
648 2255 761 2298 iuxta
786 2266 877 2310 cap.
917 2253 1035 2296 «Eos
1069 2255 1136 2309 qui
1158 2268 1178 2294 ³)
1217 2253 1268 2296 de
1301 2256 1503 2296 sententia
1529 2266 1770 2296 excommu-

134 2325 353 2366 nicationis
377 2326 414 2366 in
441 2323 501 2377 60,
525 2337 697 2380 nempe:
737 2327 808 2368 «si
843 2329 1031 2368 cessante
1067 2329 1204 2380 postea
1243 2323 1429 2380 periculo
1463 2324 1687 2380 (moi-tis)...
1727 2336 1768 2366 se

133 2393 204 2450 illi,
238 2406 258 2437 a
295 2407 378 2452 quo
411 2393 474 2438 his
497 2395 757 2439 cessantibus
789 2395 948 2440 absolvi
976 2394 1167 2449 debeant,
1193 2407 1316 2452 quam
1343 2397 1424 2437 cito
1458 2395 1676 2437 commode
1702 2408 1768 2450 po-

133 2469 282 2515 terunt,
309 2468 635 2522 contempserint
662 2472 927 2522 praesentare
959 2466 1090 2522 (iuxta
1125 2471 1267 2509 can¹¹¹,;
1295 2480 1314 2506 c(
1335 2478 1412 2508 non
1440 2467 1691 2508 recurrerint
1712 2465 1768 2520 »)‚

133 2534 375 2578 mandatum
402 2537 529 2592 ipsius
551 2549 677 2592 super
712 2536 802 2591 iltis,
830 2550 902 2592 pro
926 2534 1077 2592 quibus
1101 2537 1452 2578 excommunicati
1489 2536 1661 2579 inerant.
1697 2534 1767 2576 liu-

136 2605 289 2648 militer
324 2609 544 2662 recepturi,
579 2611 619 2650 et
651 2608 902 2650 satisfacturi
938 2606 1035 2659 (lioc
1071 2605 1261 2648 ultimum
1296 2608 1384 2648 sine
1420 2618 1549 2662 poena
1584 2606 1769 2661 sequenti

136 2677 248 2719 iuxta
282 2676 504 2733 canonem)
530 2682 649 2733 prout
686 2679 836 2721 iustitia
872 2676 1078 2728 suadebit,
1112 2676 1391 2723 decernimus,
1418 2689 1467 2719 ne
1491 2678 1547 2718 sic
1573 2687 1771 2718 censurae

138 2746 312 2789 illudant
345 2747 666 2791 ecclesiasticae.
702 2750 738 2790 in
774 2748 963 2791 eamdem
999 2750 1245 2790 sententiam
1286 2748 1471 2790 recidere
1507 2749 1592 2802 ipso
1626 2749 1768 2788 iure».

261 2902 272 2922 ¹
300 2900 378 2934 Tit.
408 2900 479 2940 ΙΙΙ,
506 2900 548 2935 C.
577 2901 608 2940 I,
637 2912 674 2934 n.
708 2903 738 2934 1.
