1971 3261
187 200 254 234 118
573 177 671 230 Lus.
700 196 772 230 ΙΙΙ.
802 216 813 221 -
842 196 952 229 PARS
978 194 1009 229 Ι.
1039 214 1052 220 -
1079 195 1135 229 De
1160 194 1426 229 &loramentis
1623 193 1716 228 Can.
1743 192 1814 227 809

186 317 450 361 eucharistici
483 317 806 368 considerantes,
843 316 962 368 prout
995 311 1061 354 illa
1097 316 1157 355 est
1191 313 1228 354 in
1253 311 1464 355 Ecclesiae
1492 310 1699 354 Romanae
1722 323 1811 365 usu,

186 387 538 444 deprehendimus
561 385 669 442 quod
694 383 889 427 sacerdos
912 381 1129 426 celebrans
1150 381 1248 425 illud
1271 383 1446 438 positive
1465 381 1585 424 offert
1603 393 1650 424 ac
1671 393 1815 436 preces

187 458 318 501 t'undit
350 456 602 513 generaliter
640 471 659 495 «
685 468 757 510 pro
791 453 976 497 Ecclesia
1010 452 1213 496 catholica
1238 468 1257 493 ))
1297 466 1368 509 pro
1403 454 1588 508 personis
1621 454 1659 494 in
1693 450 1816 495 subli-

188 530 326 570 mitate
351 527 583 569 constitutis
607 526 720 567 iuxta
744 524 782 566 S.
810 522 923 566 Pauli
959 525 1159 565 monitum
1185 527 1223 565 et
1253 537 1272 563 ε(
1296 536 1367 578 pro
1390 521 1620 566 catholicae
1644 526 1683 565 et
1706 521 1814 578 Apo-

185 597 353 641 stolicae
398 596 491 638 lidei
536 593 809 638 cultoribus»
849 592 1006 648 (Canon
1041 592 1207 636 Missae.
1254 592 1406 650 lnitio).
1448 593 1532 635 lmo
1565 595 1671 636 sicut
1705 591 1816 635 lesus

185 667 371 712 Christus
404 680 447 709 se
481 665 629 709 obtulit
663 666 701 707 in
736 677 861 707 cruce
897 677 968 720 pro
1004 666 1184 720 peccatis
1219 665 1343 707 totius
1376 663 1534 718 mundi,
1560 665 1662 706 etin
1687 674 1816 706 coena

187 740 320 781 orarit
359 741 442 780 «et
477 750 549 792 pro
583 737 641 779 eis
674 737 742 792 qui
778 734 978 778 credituri
1014 738 1131 777 erant
1176 747 1248 790 per
1290 733 1415 777 verba
1448 733 1742 789 Apostolorum
1777 735 1815 776 in

188 822 280 852 eum
306 824 325 848 ))
363 807 436 864 (lo.
472 804 599 859 xvii,
633 805 720 862 ⁵20),
755 807 808 848 ita
853 804 1107 848 censendum
1152 809 1213 847 est
1259 818 1330 860 per
1367 804 1619 847 sacrificium
1655 806 1817 858 missae,

190 884 309 935 prout
341 878 417 921 hoc
450 876 501 921 ab
535 876 592 919 Eo
628 875 911 932 principaliter
954 876 1152 918 oflerente
1198 876 1424 931 perficitur,
1459 877 1625 918 eosdem
1661 875 1819 918 fructus

187 949 379 993 sacrificii
427 950 563 991 crucis
612 949 648 989 in
699 959 842 989 omnes
890 945 1079 989 homines
1115 947 1152 988 vi
1193 958 1265 988 sua
1301 945 1547 989 redundare.
1582 945 1717 1002 Atque
1751 944 1845 1005 ille?

189 1022 344 1064 tructus
378 1018 584 1075 generalis
620 1022 730 1061 recte
767 1021 953 1061 vocatur.

305 1090 414 1133 luter
446 1102 590 1131 omnes
625 1088 783 1142 fideles,
817 1087 1014 1144 peculiari
1052 1089 1209 1130 ratione
1244 1086 1468 1130 dicendum
1504 1091 1566 1130 est
1600 1086 1689 1129 illos
1721 1099 1817 1143 gau-

187 1162 286 1205 dere
319 1162 510 1204 sacriticii
549 1162 696 1203 missae
730 1158 932 1202 fructibus
964 1172 1011 1202 ac
1044 1158 1228 1202 efficacia
1256 1171 1423 1214 precum
1451 1160 1615 1211 missae,
1637 1159 1706 1215 qui
1739 1171 1817 1201 non

187 1232 318 1275 solum
354 1231 434 1274 tide
467 1244 514 1274 ac
548 1233 720 1273 caritate
766 1232 966 1273 uniuntur
1006 1228 1233 1272 celebranti
1275 1231 1457 1276 missam,
1491 1229 1561 1272 sed
1614 1227 1707 1272 huic
1755 1242 1817 1272 as·

189 1305 400 1346 sociantur
424 1305 461 1344 in
486 1301 696 1344 otlerendo
729 1301 934 1344 sacrificio
965 1313 1037 1356 per
1060 1313 1203 1343 eorum
1238 1301 1538 1352 assistentiam;
1573 1305 1612 1343 ct
1637 1312 1708 1356 pro
1733 1301 1820 1356 qui-

191 1374 265 1418 bus
297 1372 513 1416 celebrans
561 1372 679 1415 ollert
726 1373 978 1414 sacrificium
1013 1384 1062 1414 ex
1099 1375 1240 1414 tenore
1283 1373 1466 1414 canonis.
1507 1386 1527 1411 <‹
1551 1370 1600 1413 Et
1633 1372 1817 1413 omnium

189 1446 592 1488 circumstantium»
631 1456 861 1499 eorumque
897 1444 1137 1499 praesertim
1175 1454 1318 1498 preces
1362 1441 1574 1498 liturgicas
1609 1441 1693 1484 Deo
1728 1455 1818 1498 por-

191 1517 304 1572 rigit3
342 1515 450 1557 unde
486 1516 633 1557 missae
667 1514 876 1557 adstantes
909 1518 948 1556 et
984 1515 1228 1565 inserviens,
1255 1512 1451 1568 peculiari
1481 1512 1602 1555 inodo
1637 1513 1817 1556 fructum

194 1585 307 1628 illum
341 1583 578 1641 generalem
612 1588 937 1640 consequuntur.

307 1656 443 1712 Atque
475 1657 610 1698 omnia
647 1654 749 1697 llaec
782 1653 1067 1697 difficultatem
1104 1667 1181 1696 non
1218 1655 1411 1709 ingerunt
1444 1667 1493 1696 ex
1529 1653 1649 1696 dictis
1683 1653 1733 1696 de
1756 1666 1819 1696 sa-

189 1727 334 1770 criticii
371 1728 518 1768 missae
553 1730 699 1768 natura
735 1724 1028 1781 independenti
1063 1737 1083 1767 a
1119 1724 1347 1767 sacerdotis
1380 1723 1630 1767 celebrantis
1658 1726 1822 1777 merito,

189 1802 393 1854 quatenus
425 1796 611 1840 Christus
644 1800 704 1838 est
740 1794 1023 1852 principaliter
1056 1795 1248 1848 offerens,
1272 1800 1310 1837 et
1334 1794 1518 1838 Ecclesia
1542 1793 1628 1837 Deo
1652 1799 1822 1852 accepta

192 1881 263 1924 per
299 1866 508 1923 publicum
542 1867 805 1910 sacerdotum
844 1868 1117 1909 ministerium
1151 1866 1308 1922 S'ponso
1342 1879 1416 1909 suo
1449 1878 1492 1908 se
1525 1866 1756 1908 conformat
1782 1866 1820 1907 in

191 1937 402 1981 offerendo
437 1943 475 1981 et
500 1940 537 1980 in
565 1936 891 1980 accidentalibus
914 1950 1081 1994 quoque
1107 1936 1299 1993 precibus
1322 1936 1372 1979 ad
1398 1937 1593 1979 sacrificii
1617 1935 1818 1979 solemnia

194 2022 265 2064 per
299 2011 427 2064 ipsam
464 2011 640 2051 statutis.

308 2079 456 2121 Existit
491 2083 626 2121 tamen
663 2078 981 2134 distinguendus
1013 2077 1118 2121 alius
1152 2080 1310 2133 fructus
1343 2078 1537 2120 sacrificii
1575 2078 1736 2129 missae,
1771 2076 1822 2119 de

191 2162 273 2206 quo
308 2149 552 2205 intelligitur
585 2149 806 2205 applicatio
843 2151 1002 2201 missae,
1028 2161 1152 2206 quam
1179 2162 1251 2205 per
1273 2148 1541 2192 Sacerdotem
1566 2148 1654 2190 fieri
1680 2146 1825 2191 iubent

192 2233 238 2263 ac
272 2224 509 2275 supponunt
540 2222 645 2263 sacri
682 2233 874 2263 canones.
910 2219 1071 2263 Revera
1107 2219 1202 2262 Pius
1238 2218 1285 2261 Vl
1320 2221 1358 2261 in
1393 2224 1521 2262 const.
1554 2239 1566 2257 α
1597 2219 1821 2262 Auctorem

193 2290 285 2333 tidei
311 2305 330 2331 ›>
362 2290 374 2311 ¹
409 2293 465 2332 ait
498 2290 548 2333 (le
586 2307 608 2331 α
636 2291 752 2346 l'rop.
789 2289 919 2334 XXX.
954 2290 1146 2333 Doctrina
1181 2289 1351 2347 Synodi,
1376 2303 1454 2348 qua
1479 2290 1578 2333 dum
1605 2291 1823 2346 profitetur

191 2360 361 2403 eredere
392 2361 595 2416 sacrificii
627 2360 878 2404 oblationem
913 2360 1136 2404 extendere
1169 2375 1212 2403 se
1244 2360 1299 2404 ad
1332 2375 1484 2415 omnes,
1510 2360 1572 2403 ita
1607 2366 1759 2411 lameri,
1778 2365 1822 2402 ut

190 2433 233 2473 in
269 2431 448 2487 liturfsio
483 2432 575 2487 fieri
606 2434 741 2488 possit
774 2431 972 2489 specialis
1005 2431 1342 2475 commemoratio
1376 2431 1616 2488 aliquorum
1652 2436 1736 2473 tam
1770 2430 1824 2473 vi-

192 2515 350 2554 rorum.
385 2515 510 2558 qzcsim
543 2501 851 2559 defunctorum,
888 2501 1100 2557 precando
1130 2501 1255 2545 Deum
1276 2501 1556 2559 peculiariter
1586 2515 1664 2558 pro
1698 2501 1824 2558 ipsis:

189 2572 283 2615 dein
320 2575 517 2615 continuo
551 2572 740 2616 subiicit:
776 2587 858 2615 ivon
894 2578 1044 2623 tamen,
1067 2571 1176 2630 quod
1209 2572 1428 2615 credamus
1461 2572 1505 2614 iii
1533 2571 1713 2615 arbitrio
1736 2585 1824 2614 esse

190 2641 424 2685 sacerdotis
459 2642 678 2700 applicare
709 2643 876 2699 fruetus
909 2642 1113 2699 sacrificii
1156 2642 1223 2685 eui
1267 2642 1377 2691 vult,⁸
1415 2642 1538 2685 immo
1572 2641 1822 2685 dainiiamus

192 2712 299 2755 lamec
332 2727 517 2757 errorem
562 2712 672 2755 relut
715 2727 969 2771 insaqqiiopere
1011 2712 1284 2770 offendentem
1328 2713 1425 2755 iura
1472 2712 1558 2764 Dei,
1595 2712 1667 2770 qui
1690 2711 1822 2755 'solus

189 2783 408 2827 distribuit
440 2784 607 2841 fruetus
640 2784 855 2840 sacrificii,
891 2784 958 2827 eui
991 2784 1090 2837 rielt,
1117 2789 1154 2826 et
1187 2783 1410 2827 seeundum
1447 2797 1683 2826 mensuram
1717 2796 1824 2840 (sicae

310 2936 317 2956 ¹
347 2936 393 2969 28
420 2936 521 2980 Aug.
552 2936 649 2970 1794.
