1971 3261
155 144 223 177 604
556 142 639 177 [ΑΒ.
667 142 737 177 111.
763 162 776 168 -
803 142 913 177 PARS
938 142 969 177 I.
995 163 1007 168 -
1034 142 1093 178 De
1116 143 1383 178 Sacramentz's
1574 144 1667 181 Can.
1695 146 1788 182 1083

270 260 444 303 Errores
477 261 572 303 facti
621 260 859 304 considerat
907 274 999 305 ean.
1033 263 1166 306 1083.
1199 261 1227 319 ξ
1256 265 1294 304 ’1.
1329 263 1468 306 Error
1505 263 1618 306 eirca
1649 278 1788 322 perso-

153 345 248 373 nam
282 344 376 373 cum
411 343 490 388 qua
526 330 801 384 contrahitur,
834 344 912 374 non
947 331 1080 375 solum
1119 332 1171 376 de
1204 335 1370 376 nomine
1418 337 1489 377 aut
1522 337 1787 391 cognomine,

150 415 231 459 quo
265 401 511 457 appellatur,
546 405 616 444 aut
649 403 772 444 etiam
806 402 858 445 de
891 401 1022 454 titulo,
1055 415 1137 460 quo
1171 407 1327 446 tantum
1363 404 1599 460 decoratur,
1634 404 1786 448 invali-

149 471 247 514 dum
280 470 421 514 reddit
456 471 788 525 matrimonium,
821 485 994 528 nempe:
1029 477 1288 517 contractum
1326 475 1673 518 matrimonialem
1700 477 1789 520 red·

149 543 250 585 dens
300 543 572 597 inefficacem,
607 556 699 586 cum
751 556 977 587 consensus
1026 544 1344 588 matrimonialis
1393 546 1547 602 exulet,
1582 549 1677 604 quia
1718 547 1786 590 tali

148 625 289 655 errore
323 613 473 655 ductus
506 626 752 656 consensum
787 613 857 656 dat
891 616 928 656 in
966 622 1191 670 personam¹
1228 628 1276 658 ac
1310 617 1347 657 in
1386 629 1585 671 personae
1618 630 1782 674 corpus,

147 686 266 726 cuius
300 696 526 726 consensus
561 697 638 726 non
674 689 735 726 est
768 686 803 727 ei
838 688 1021 739 mutuus,
1045 685 1115 728 sed
1141 685 1219 728 alia
1245 690 1289 728 ut
1311 689 1585 742 supponimus
1608 693 1668 731 est
1690 701 1786 732 con-

146 755 342 807 sentiens,
377 755 414 795 in
450 766 577 810 quam
612 753 679 797 ille
714 759 881 810 propter
914 767 1099 798 errorem
1136 769 1214 798 non
1258 759 1478 800 consentit.
1514 782 1566 788 —
1602 757 1678 800 Pro
1711 758 1785 801 du-

150 824 244 881 plici
278 823 497 880 hypothesi
532 837 638 882 quae
661 825 855 868 accidere
881 829 1014 881 potest
1037 827 1075 868 in
1101 826 1399 882 contrahendo,
1427 832 1510 870 tum
1538 830 1576 870 in
1612 837 1788 886 sequen-

147 895 257 938 tibus
290 894 519 938 canonibus
553 899 637 938 tum
666 897 702 937 in
729 894 806 939 hoc
832 897 932 951 ipso,
967 895 1134 939 diversa
1170 900 1453 954 praesumptio
1477 900 1554 941 erit
1587 903 1785 956 tanquam

148 965 291 1021 regula
316 968 353 1008 in
379 965 553 1022 singulis
576 965 789 1009 erroribus
812 966 1130 1011 consideranda.
1156 967 1345 1011 Scilicet:
1374 968 1436 1011 vel
1463 971 1554 1026 quis
1573 973 1786 1026 cognoscit

149 1039 237 1080 visu
272 1041 312 1080 et
344 1039 665 1080 conversatione
705 1042 977 1092 compat-tem,
1012 1050 1135 1095 quam
1187 1041 1310 1081 etiam
1364 1045 1622 1095 praesentem
1659 1040 1786 1094 ducit,

144 1112 269 1165 atque
304 1113 401 1151 tunc
437 1110 717 1164 praesumitur
765 1121 854 1151 eam
901 1114 1161 1164 praesentem
1196 1110 1463 1153 considerare
1497 1113 1534 1153 in
1569 1116 1784 1155 contractu

147 1178 414 1234 perficiendo,
453 1177 514 1221 vel
549 1192 643 1222 cum
679 1191 724 1222 ea
760 1178 930 1222 absente
962 1191 1010 1223 ac
1044 1180 1318 1236 personaliter
1366 1183 1504 1238 ignota
1539 1182 1590 1224 de
1623 1187 1781 1226 contra-

144 1248 281 1291 hendo
302 1251 567 1292 matrimonio
587 1251 781 1293 tractavit
809 1263 881 1306 per
899 1249 1096 1306 epistolas
1122 1250 1184 1294 vel
1211 1254 1373 1294 tertiam
1401 1265 1634 1308 personam,
1659 1257 1783 1310 atquc

145 1324 240 1362 tunc
261 1322 297 1361 in
326 1322 590 1363 matrimonio
615 1333 708 1363 cum
736 1323 821 1374 ipsa
846 1323 970 1363 etiam
999 1321 1273 1377 personaliter
1296 1322 1477 1365 ineundo
1503 1326 1786 1379 praesumitur

143 1392 328 1446 cogitare
361 1390 412 1433 de
447 1390 529 1445 illa,
564 1402 687 1447 quam
723 1390 935 1434 absentem
971 1392 1198 1444 adamavit,
1223 1394 1485 1450 potiusquam
1522 1395 1558 1436 in
1596 1407 1785 1450 praesen-

144 1465 224 1504 tem
263 1461 495 1504 mulierem.
520 1487 577 1492 —
600 1461 706 1505 Hinc
741 1462 873 1505 facilis
907 1466 967 1505 est
999 1462 1149 1506 solutio
1183 1475 1380 1507 casuum:
1417 1463 1449 1506 lO
1476 1464 1597 1508 lacol)
1620 1465 1782 1522 decepti

144 1533 181 1574 in
216 1532 458 1588 accipienda
496 1532 564 1575 Lia
601 1537 794 1589 tanquam
827 1547 972 1587 uxore,
1004 1533 1056 1576 llO
1081 1533 1173 1576 Titii
1199 1534 1390 1578 ducentis
1415 1535 1650 1590 mulierem,
1674 1549 1782 1593 quae

144 1603 272 1659 fingat
304 1615 347 1645 se
382 1616 472 1646 esse
508 1602 618 1646 illam
655 1603 815 1647 Annam
862 1617 956 1647 cum
1007 1617 1085 1661 qua
1138 1618 1209 1657 per
1242 1605 1437 1662 epistolas
1470 1608 1778 1650 matrimonium

144 1673 371 1716 ineundum
409 1676 685 1730 praeparavit,
721 1679 760 1717 et
794 1674 863 1717 lll⁰
898 1674 982 1718 Caii
1007 1675 1197 1719 ducentis
1231 1678 1269 1718 in
1305 1690 1478 1720 uxorem
1516 1677 1732 1721 mulierem
1757 1690 1779 1721 a

142 1757 185 1787 se
219 1744 491 1800 personaliter
523 1747 733 1801 cognitam
772 1745 936 1788 Parisiis
970 1750 1181 1803 tamquam
1210 1746 1312 1790 bene
1339 1749 1582 1791 instructam
1619 1753 1661 1791 et
1695 1762 1780 1791 mo-

143 1817 382 1871 rigeratam,
416 1827 522 1872 quae
556 1820 693 1858 tamen
730 1815 845 1858 illum
880 1815 1045 1873 decepit
1081 1819 1135 1860 uti
1171 1817 1223 1860 de
1257 1819 1423 1861 natione
1456 1819 1645 1862 Statuum
1681 1818 1779 1862 Foe-

140 1885 379 1928 deratorum
417 1885 617 1944 tituloque
651 1890 875 1930 comitissa.

261 1959 284 2008 ξ
318 1958 360 1998 ’3.
397 1954 534 1999 Error
571 1970 646 2000 seu
696 1957 895 2001 iudicium
948 1957 1094 2001 falsum
1146 1959 1259 2001 cirea
1293 1959 1543 2017 qualitatem
1573 1974 1781 2018 personae

141 2027 274 2083 quoad
312 2028 532 2083 fortunam,
570 2027 818 2082 libertatem,
853 2029 1033 2084 titulum,
1068 2032 1155 2072 iura
1208 2032 1578 2086 primogeniturae,
1613 2037 1653 2074 et
1686 2031 1779 2084 alia,

143 2097 367 2141 bonitatem
403 2111 563 2141 morum
599 2104 691 2153 etc„
726 2100 806 2142 etsi
838 2099 906 2142 del
940 2114 1110 2143 eausam
1134 2101 1376 2144 contractui
1400 2104 1651 2145 matrimonii
1676 2102 1779 2145 cele·

142 2168 312 2223 branclo,
346 2171 441 2226 quia
476 2171 507 2212 si
536 2172 690 2213 veritas
713 2173 876 2227 cognita
904 2172 1046 2214 fuisset
1070 2184 1296 2229 numquam
1324 2172 1438 2215 illum
1466 2175 1644 2225 iniisset3
1681 2186 1774 2216 cum

141 2238 242 2282 haec
280 2239 469 2282 voluntas
502 2243 720 2283 consensui
756 2241 850 2284 dato
884 2244 1091 2285 contraria
1126 2247 1219 2286 actu
1258 2256 1336 2286 non
1371 2245 1519 2298 extitit,
1552 2256 1777 2287 consensus

140 2310 261 2353 datus
296 2312 371 2353 fuit
407 2324 530 2354 verus
563 2316 602 2354 et
637 2311 884 2368 regulariter
916 2313 1078 2368 efficax,
1104 2312 1199 2357 hinc
1233 2327 1351 2357 error
1385 2314 1594 2370 praefatus
1627 2314 1774 2357 matri—

139 2380 323 2423 monium
356 2393 436 2438 qua
469 2386 728 2425 contractum
763 2382 914 2425 irritat
949 2388 1126 2428 tantum.
1163 2410 1215 2414 —
1251 2384 1292 2426 10
1317 2383 1367 2427 St·
1401 2398 1523 2427 error
1546 2384 1775 2442 qualitatis

137 2451 316 2494 alicuius
348 2465 396 2494 ex
434 2453 627 2507 praefatis
662 2458 825 2509 praeter
859 2453 1107 2509 libertatem,
1141 2453 1348 2497 redundet
1382 2455 1426 2497 iii
1460 2469 1647 2499 errorem
1678 2469 1770 2517 pei·-

137 2535 279 2571 sonae,
312 2535 359 2565 ac
394 2527 491 2565 tunc
526 2528 693 2579 propter
723 2524 946 2568 adductam
983 2527 1184 2568 rationem
1212 2527 1250 2568 in
1276 2525 1319 2579 ἕο
1345 2525 1388 2568 10
1422 2526 1473 2569 de
1507 2525 1584 2569 hoc
1617 2540 1770 2570 errore.

258 2591 370 2636 Haec
405 2605 504 2636 vero
528 2593 705 2650 qualitas
728 2607 817 2637 esse
843 2599 974 2651 potest
997 2594 1248 2650 huiusmodi,
1275 2601 1318 2639 ut
1345 2596 1544 2652 singulari
1572 2609 1772 2653 personae

138 2667 294 2706 tantum
331 2676 410 2705 non
444 2663 534 2706 aliis
567 2667 801 2718 conveniat,
839 2666 1095 2723 proindeque
1127 2669 1246 2710 sicuti
1272 2669 1441 2710 nomine
1475 2673 1598 2724 atque
1622 2680 1772 2723 cogno-

138 2735 261 2787 mine,
297 2735 349 2776 ita
383 2747 430 2776 ex
469 2734 680 2790 praedicta
705 2736 902 2792 qualitate
928 2739 1053 2793 possit
1077 2750 1249 2793 persona
1276 2742 1485 2794 tamquam
1522 2751 1614 2781 cum
1641 2738 1770 2795 digito

139 2807 373 2847 monstrari.

256 2872 443 2927 Qualitas
480 2889 576 2918 vero
611 2889 810 2931 personae
846 2882 981 2933 posset
1013 2891 1102 2921 esse
1134 2878 1320 2934 pluribus
1354 2881 1601 2934 communis,
1637 2881 1689 2922 ita
1724 2884 1767 2922 ut

1880 2672 1971 2706 s,l
