1971 3261
186 132 256 166 478
589 131 672 164 [ΑΒ.
702 130 772 164 ΙΙΙ.
797 150 810 155 -
835 130 945 164 PARS
970 130 1002 163 I.
1031 150 1043 155 -
1070 130 1127 164 De
1152 130 1418 165 &loramentis
1493 129 1586 166 Can.
1616 130 1816 165 1006-1007

196 251 345 293 «licite
370 250 563 293 ordinare
588 262 665 291 non
701 253 870 305 potest»
909 248 1019 305 (can.
1054 249 1138 292 955
1170 247 1198 306 ξ
1232 249 1291 306 2),
1325 248 1523 292 clericum
1558 249 1681 293 idest:
1721 251 1819 294 «di-

191 322 296 363 vinis
331 321 570 362 ministeriis
605 332 676 375 per
710 321 886 375 primam
919 319 1065 362 saltem
1101 323 1312 362 tonsuram
1349 322 1669 376 mancipatum»
1708 319 1818 377 (can.

192 391 273 433 108
296 390 324 448 ξ
349 390 388 445 1)
412 390 523 432 ritus
556 389 781 432 orientalis
814 394 889 432 aut
921 394 1083 445 contra,
1111 389 1328 434 videlicet:
1352 389 1584 447 Episcopus
1608 391 1820 434 orientalis

191 463 291 503 ritus
324 460 523 503 clericum
559 464 661 502 ritus
698 459 811 503 latini
846 459 1043 503 ordinans
1076 459 1186 503 hunc
1219 472 1420 504 canonem
1458 463 1617 517 integre
1650 473 1820 504 servare

187 530 323 574 (lebet.

305 622 386 658 389.
415 626 600 666 Tempus
629 626 921 659 ordinationis
948 624 1067 659 licite
1094 626 1321 659 iterandae
1348 625 1416 658 vel
1443 625 1694 666 partialiter
1723 634 1819 666 sup-

188 685 382 725 plendae.
413 704 457 708 —
483 682 571 718 Cum
598 694 637 718 ex
665 694 736 718 una
763 687 859 728 parte
887 682 1028 718 maximi
1057 682 1101 717 sit
1132 683 1299 718 momenti
1338 683 1552 718 validitatem
1586 682 1820 718 ordinationis

187 742 435 790 presbyteralis
461 742 593 777 salvam
621 742 707 777 tueri
739 746 877 787 propter
903 741 1062 787 sequelas
1089 741 1124 776 in
1151 741 1354 777 animarum
1381 741 1528 777 salutem
1557 741 1607 777 vel
1630 740 1819 786 perniciem

185 802 396 843 derivantes7
428 801 591 846 idemque
619 800 748 836 fortiori
777 801 912 836 ratione
937 800 1126 835 dicendum
1154 800 1199 834 sit
1236 800 1278 835 de
1316 800 1577 836 consecratione
1612 799 1819 846 Episcopali,

185 872 273 907 quae
299 861 535 896 characterem
554 859 827 906 presbyteralem
847 859 993 894 omnino
1012 859 1262 905 praesupponit
1280 858 1376 894 iuxta
1396 859 1573 894 meliorem
1591 859 1817 900 sententiam,

185 920 300 965 gravis
327 929 465 965 quoque
492 918 659 954 momenti
686 923 738 954 est
758 918 975 953 validitatem
993 922 1153 953 constare
1171 917 1404 953 ordinationis
1423 917 1460 952 in
1478 917 1665 953 diaconum
1685 922 1719 953 et
1735 917 1820 952 alio-

185 990 263 1013 rum
290 978 475 1023 graduum,
499 988 648 1023 quorum
677 977 875 1012 ministeria
901 981 984 1012 sunt
1010 977 1102 1023 apud
1132 975 1238 1012 Deum
1267 981 1408 1022 propter
1432 987 1569 1012 sacrum
1589 975 1820 1022 susceptionis

185 1049 303 1074 eorum
330 1038 435 1073 ritum
459 1041 614 1083 accepta.
644 1036 790 1082 Insuper
816 1047 894 1071 cnm
923 1047 961 1071 ex
989 1036 1099 1071 altera
1131 1040 1226 1081 parte
1264 1035 1335 1070 sint
1373 1036 1487 1071 adhuc
1527 1035 1615 1071 bene
1655 1035 1820 1070 fundatae

184 1097 371 1143 opiniones
396 1096 554 1132 diversae
579 1096 672 1131 circa
697 1095 886 1131 essentiam
914 1106 1032 1130 sacrae
1058 1095 1302 1137 ordinationis,
1322 1095 1464 1141 quando
1485 1095 1643 1141 pluribus
1663 1094 1820 1141 partibus

184 1161 320 1191 constat
347 1155 606 1201 integrantibus
634 1155 740 1195 illam,
768 1155 868 1190 sicuti
895 1166 974 1189 cum
1003 1154 1207 1200 respectivis
1235 1154 1394 1190 formulis
1422 1155 1457 1189 in
1484 1154 1739 1189 subdiaconatu
1757 1153 1819 1188 du-

186 1215 287 1261 plicis
316 1215 481 1250 materiae
507 1214 709 1258 traditione,
739 1214 773 1248 in
802 1214 988 1249 diaconatu
1018 1213 1240 1259 impositione
1269 1225 1393 1248 manus
1422 1213 1579 1259 Episcopi
1608 1224 1648 1248 ac
1673 1223 1819 1257 evange-

185 1274 309 1309 liorum
340 1273 417 1309 libri
446 1273 646 1315 traditione,
676 1273 712 1307 in
741 1272 981 1319 presbyteratu
1011 1272 1232 1318 impositione
1259 1283 1429 1307 manuum
1458 1271 1615 1318 Episcopi
1645 1282 1725 1307 cum
1744 1282 1819 1317 pre—

185 1333 338 1380 sbyterio
363 1344 404 1368 ac
430 1333 746 1368 instrumentorum
773 1332 961 1367 traditione
987 1343 1067 1367 cum
1094 1331 1256 1366 sacrificii
1286 1331 1441 1367 materiis
1467 1336 1570 1377 atque
1596 1330 1820 1377 impositione

186 1392 310 1428 ultima
349 1403 518 1427 manuum
557 1391 728 1437 Episcopi.
769 1390 915 1426 Demum
955 1390 1037 1436 quia
1075 1390 1208 1425 ordinis
1247 1395 1508 1426 sacramentum
1537 1390 1653 1426 iterari
1680 1389 1816 1436 nequit,

187 1452 349 1498 idemque
375 1463 414 1487 ex
442 1451 663 1486 institutione
690 1450 861 1486 Ecclesiae
887 1456 1028 1485 cautum
1056 1455 1107 1485 est
1125 1450 1167 1485 de
1184 1449 1364 1495 gradibus,
1385 1450 1444 1496 qui
1465 1453 1725 1485 sacramentum
1743 1447 1812 1484 dici

185 1522 256 1546 non
286 1515 443 1557 possunt,
472 1510 629 1556 sequitur
655 1520 693 1545 ex
721 1509 823 1544 dictis
862 1508 1069 1550 rationibus,
1096 1508 1310 1554 quandoque
1348 1508 1425 1544 illos
1463 1508 1696 1544 ordinationis
1730 1508 1818 1543 ritus

185 1580 259 1605 esse
284 1569 442 1604 absolute
468 1568 686 1615 repetendos
717 1579 844 1614 nempe
869 1568 1165 1613 quandocumque
1201 1567 1373 1603 invalidos
1405 1568 1510 1603 fuisse
1545 1572 1692 1608 constet,
1728 1578 1817 1602 non-

185 1639 380 1674 numquam
415 1627 479 1663 sub
514 1627 726 1668 conditione,
762 1628 845 1672 quia
871 1627 1020 1662 dubium
1049 1626 1234 1662 fundatum
1261 1626 1303 1662 de
1329 1627 1485 1672 ipsorum
1514 1626 1691 1662 validitate
1716 1626 1819 1668 adsit,

183 1698 224 1722 ac
241 1687 383 1723 demum
401 1687 489 1722 alias
509 1687 723 1732 supplendas
741 1686 980 1722 caeremonias
999 1686 1156 1732 ritusque
1176 1686 1350 1721 notabiles
1369 1686 1464 1721 iuxta
1482 1685 1653 1721 Ecclesiae
1673 1685 1819 1732 praxim,

186 1746 388 1792 praesertim
428 1745 556 1791 quibus
594 1745 802 1791 exprimitur
839 1744 1016 1780 facultatis
1043 1744 1271 1780 secundariae
1297 1745 1474 1780 concessio
1502 1744 1591 1779 facta
1619 1744 1703 1790 ipsis
1728 1743 1819 1779 ordi-

186 1805 289 1846 natis,
320 1817 351 1839 v.
381 1816 429 1850 gr.
460 1815 630 1840 manuum
658 1804 884 1839 inunctiones
910 1814 998 1850 quae
1024 1803 1067 1839 ad
1105 1803 1366 1839 benedictiones
1400 1808 1505 1849 atque
1540 1803 1819 1839 consecrationes

185 1864 435 1910 impertiendas
460 1864 612 1899 directae
638 1868 721 1898 sunt
748 1863 943 1899 secundum
972 1862 1086 1899 Pont.S
1114 1862 1260 1898 Romani
1290 1862 1395 1898 verba
1423 1863 1457 1897 in
1493 1863 1542 1898 eis
1581 1862 1815 1909 perficiendis.

306 1947 380 1989 Pro
413 1946 476 1989 his
509 1946 704 1989 omnibus
737 1945 903 1989 casibus
936 1946 1128 1989 conditus
1161 1951 1223 1989 est
1256 1959 1347 1990 can.
1381 1947 1514 1989 1007.
1554 1944 1727 1998 Quoties
1749 1958 1816 1988 or-

184 2017 350 2061 dinatio
383 2017 582 2060 iteranda
615 2017 684 2072 sit,
720 2030 768 2060 eo
802 2017 911 2075 quod
946 2030 1027 2060 non
1063 2018 1139 2060 fuit
1173 2022 1339 2073 peracta
1376 2017 1512 2060 valide
1545 2030 1639 2060 curn
1672 2016 1817 2060 morali

183 2089 330 2132 saltem
364 2089 626 2136 certitudine,
654 2093 821 2145 propter
844 2090 1044 2131 omissum
1072 2087 1137 2130 vel
1167 2087 1350 2131 invalide
1375 2089 1552 2144 positum
1578 2089 1702 2130 ritum
1726 2086 1819 2131 sub-

184 2158 416 2202 stantialem
452 2172 499 2202 ac
532 2158 803 2216 principalem
833 2158 896 2202 vel
920 2161 1268 2202 concomitantem
1295 2160 1471 2202 sormam
1509 2172 1545 2202 v,
1570 2171 1630 2215 gr.
1657 2160 1695 2201 in
1720 2171 1816 2201 con-

183 2232 414 2272 secratione
446 2229 681 2285 Episcopali
717 2241 917 2272 manuum
950 2231 1172 2285 impositio,
1195 2231 1234 2271 in
1260 2228 1532 2285 presbyterali
1558 2229 1817 2272 ordinatione

185 2311 382 2342 manuum
418 2302 624 2356 impositio
657 2299 850 2356 Episcopi
884 2313 979 2343 cum
1015 2299 1289 2356 presbyterio,
1324 2301 1362 2342 in
1407 2300 1630 2343 diaconatu
1670 2311 1817 2342 manus

182 2369 373 2425 Episcopi
408 2383 533 2426 super
565 2375 690 2426 caput
720 2370 965 2414 subdiaconi
1002 2370 1240 2413 immediata
1275 2372 1497 2426 impositio,
1533 2372 1572 2412 in
1600 2369 1817 2413 subdiaco-

184 2445 281 2483 natu
317 2440 481 2483 traditio
515 2440 656 2484 calicis
688 2454 785 2484 cum
821 2446 982 2497 patena,
1017 2439 1080 2483 vel
1113 2439 1271 2498 aliquis
1303 2440 1415 2482 ritus
1447 2439 1707 2498 supplendus
1750 2453 1814 2483 so-

184 2510 410 2566 lummodo,
444 2524 491 2554 eo
525 2511 633 2568 quod
670 2511 850 2555 validam
883 2516 1089 2568 supponat
1121 2511 1443 2565 ordinationem,
1477 2516 1562 2554 tuin
1598 2513 1694 2568 quia
1737 2512 1812 2553 etsi

181 2581 463 2624 substantialis
498 2584 598 2624 ritus
633 2587 862 2638 reputetur,
887 2587 1023 2626 tamen
1049 2582 1280 2625 destinatur
1303 2581 1353 2624 ad
1381 2584 1515 2625 minus
1541 2581 1813 2638 principalem

183 2656 321 2695 actum
358 2665 394 2692 v.
428 2665 489 2707 gr.
526 2651 668 2694 ultima
704 2664 903 2695 manuum
937 2653 1143 2708 impositio
1169 2653 1208 2694 in
1238 2651 1514 2708 presbyterali
1538 2653 1813 2706 ordinatione,

184 2734 307 2776 quam
341 2724 533 2778 supponit
568 2722 700 2767 Ροηί.Θ
732 2722 880 2766 Ριοιῃ.111
913 2722 1048 2780 quoad
1085 2722 1356 2778 principalem
1391 2728 1528 2766 actum
1575 2724 1813 2779 perfectam,

184 2797 268 2835 tum
312 2794 408 2849 quia
450 2792 721 2835 accidentalis
766 2797 945 2848 potestas
989 2806 1061 2849 per
1094 2805 1187 2835 eum
1223 2792 1328 2835 tradi
1364 2798 1557 2836 censetur
1593 2806 1630 2834 v.
1665 2798 1728 2849 gr.
1762 2804 1811 2835 ex

182 2875 306 2918 supra
342 2864 465 2906 citato
499 2865 633 2919 capite
668 2866 930 2907 inunctiones
969 2866 1007 2905 in
1052 2863 1274 2920 episcopali
1319 2866 1646 2918 consecratione,
1690 2863 1815 2920 idque
