1971 3261
199 130 293 166 Can.
322 130 389 165 785
699 129 782 162 Trr.
809 128 859 162 II.
888 148 901 154 -
942 128 999 162 De
1030 127 1337 172 Oonfirniatz‘one
1790 125 1836 160 83

200 248 393 305 gulorum
429 247 627 305 obligatio
660 247 738 290 bac
774 246 913 290 utendi
957 250 1171 302 potestate.
1216 244 1304 288 Hoc
1349 248 1529 301 praestat
1564 246 1712 288 unicus
1745 258 1835 286 can.

201 321 308 363 785.
341 319 370 377 g
403 319 443 364 1.
477 317 712 377 Episcopus
746 321 1015 361 consecratus
1047 328 1096 359 36
1129 329 1179 359 ex
1214 320 1410 359 contextu
1445 314 1723 358 residentialis
1742 313 1840 357 obli·

197 390 372 448 9alione
405 394 570 433 tenetur
613 391 772 432 ratione
815 388 940 431 officii
976 387 1015 439 3)
1048 391 1359 429 sacramentum
1405 389 1479 430 hoc
1512 385 1556 442 b)
1589 384 1769 429 subditis
1802 387 1837 428 ei

202 463 359 505 ratione
392 459 607 514 domicilii,
642 464 713 503 aut
744 461 862 517 quasi
898 457 1114 513 domicilii,
1160 461 1230 500 aut
1275 459 1389 513 vagis
1433 457 1483 500 ad
1524 469 1711 499 normam
1746 468 1837 500 can.

201 532 269 586 94,
303 531 344 589 6)
376 531 460 575 rite
497 531 546 576 ad
593 545 646 575 ss.
680 543 887 574 canonum
934 541 1121 572 normam
1170 533 1209 571 et
1242 527 1564 571 rationabiliter
1606 527 1740 584 quoad
1760 529 1839 570 611-

201 605 472 647 cumstantias
504 607 544 646 et
577 615 626 645 ex
662 613 787 645 causa
812 614 890 643 non
919 614 993 657 pro
1013 613 1156 643 eorum
1185 598 1301 643 libitu
1324 597 1576 656 petentibus,
1594 596 1840 655 conferendi

201 673 535 732 quibuscumque
569 671 840 729 temporibus,
875 671 945 715 sed
968 671 1221 729 praesertim
1245 675 1430 728 tempore
1453 669 1713 712 visitationis
1731 667 1840 712 dioe-

202 745 320 802 cesis,
358 744 484 789 veluti
521 744 589 788 illa
623 745 903 788 constituente
937 747 1096 799 partem
1131 741 1430 798 obligationum
1466 741 1690 784 huiusmet.

318 816 346 875 ξ
379 817 417 860 ⁵2.
449 815 612 860 Eadem
643 813 901 872 obliqatione
935 819 1101 857 tenetur
1143 813 1324 857 scilicet:
1375 829 1394 854 «
1418 817 1725 856 sacramentum
1761 811 1839 856 hoc

204 890 279 932 rite
312 892 350 931 et
385 886 688 931 rationabiliter
723 885 957 943 petentibus
991 885 1231 929 conferendi
1257 900 1297 938 )),
1336 897 1416 927 000
1439 897 1606 940 semper
1629 897 1677 927 ex
1703 884 1838 927 officio

202 959 275 1004 sed
299 958 445 1003 saltem
474 960 512 1001 vi
539 962 733 1014 receptae
760 957 986 1010 facultatis,
1006 955 1238 1015 presbyter,
1260 954 1486 1014 privileqio
1513 953 1744 1013 apostolico
1767 953 1838 998 do-

203 1034 329 1074 natus
368 1045 386 1071 (ε
413 1029 476 1073 vel
498 1031 587 1073 iure
611 1030 822 1073 communi
853 1027 916 1071 vel
943 1027 1142 1084 peculiari
1167 1026 1327 1070 indulto
1346 1041 1386 1080 »,
1411 1039 1512 1083 erqa
1537 1025 1635 1069 illos
1652 1025 1840 1069 subditos

206 1100 269 1145 vel
305 1114 384 1144 uon
419 1113 596 1158 quorum
631 1099 673 1142 in
697 1098 887 1155 favorem
912 1103 973 1141 est
996 1111 1189 1141 concessa
1213 1096 1415 1155 facultas,
1433 1098 1529 1154 quia
1555 1098 1839 1154 uuusquisque

203 1173 298 1216 data
332 1173 640 1229 opportunitate
659 1172 716 1214 uti
736 1169 858 1214 debet
883 1171 1016 1226 gratia
1041 1171 1079 1211 in
1105 1168 1283 1213 aliorum
1308 1169 1493 1211 savorem
1519 1166 1700 1211 obtenta.
1719 1165 1838 1220 Quod

203 1243 255 1287 de
287 1243 326 1287 S.
360 1241 405 1287 R.
440 1241 484 1285 E.
519 1240 812 1286 Cardinalibus
845 1242 974 1284 asseri
1009 1241 1166 1296 nequit,
1199 1241 1258 1282 eis
1291 1241 1400 1282 enim
1436 1238 1530 1282 data
1554 1243 1613 1281 est
1637 1237 1688 1282 ob
1712 1238 1843 1295 digni-

203 1318 328 1358 tatem
364 1313 539 1357 facultas
573 1311 650 1356 boc
685 1312 950 1369 perfectionis
983 1314 1290 1354 sacramentum
1326 1308 1552 1354 liberaliter
1585 1309 1841 1353 conserendi.

320 1384 348 1443 ἓ
382 1384 419 1428 3.
459 1382 735 1435 Ordinarius,
769 1382 809 1440 a)
845 1381 1040 1439 leyzlima
1076 1394 1204 1424 causa
1238 1381 1366 1424 idest:
1401 1394 1450 1424 ex
1478 1380 1638 1437 legibus
1665 1380 1843 1438 161016-

206 1458 436 1514 portionata
471 1454 711 1512 impeditus,
748 1453 915 1511 quando
951 1452 1028 1497 sub
1061 1452 1261 1496 alterutro
1295 1465 1345 1495 ex
1379 1450 1437 1510 ἐξ
1469 1457 1621 1508 praees.
1657 1465 1844 1508 compre-

204 1527 413 1582 henditur,
451 1525 493 1584 b)
528 1530 603 1569 aut
633 1529 844 1583 potestate
880 1522 1160 1581 confirmandi
1202 1536 1351 1566 carens
1388 1537 1426 1564 v.
1461 1536 1523 1579 gr.
1558 1521 1748 1566 Vicarius
1781 1535 1844 1566 63-

206 1598 395 1656 pitularis
426 1597 525 1641 sede
562 1601 751 1650 vacante,
787 1595 851 1640 vel
886 1594 1105 1653 presbyter
1148 1608 1298 1651 regens
1339 1594 1563 1638 dioecesim
1599 1594 1841 1651 impeditam

205 1670 255 1714 ad
276 1682 463 1713 normam
489 1681 580 1714 can.
600 1668 684 1711 4⁶29
706 1669 733 1725 ξ
759 1667 795 1720 1,
820 1666 861 1724 3)
886 1665 1002 1710 debet
1028 1668 1186 1710 ratione
1209 1666 1333 1709 officii
1357 1666 1466 1723 quod
1492 1667 1614 1722 gerit,
1640 1665 1681 1721 b)
1706 1664 1845 1723 quoad

205 1740 300 1798 fieri
326 1740 476 1799 possit,
510 1742 607 1798 quia
642 1739 764 1783 huius
796 1739 1047 1782 sacramenti
1083 1739 1319 1780 ministrum
1353 1749 1434 1780 non
1477 1749 1642 1793 semper
1677 1735 1844 1780 babebit

206 1811 396 1864 faciliter,
429 1811 469 1869 6)
502 1809 653 1854 saltem
686 1810 806 1853 intra
839 1807 1053 1867 quodlibet
1085 1807 1433 1866 quinquennium,
1479 1809 1681 1863 temporis
1720 1809 1844 1850 inter-

208 1882 363 1927 vallum
413 1882 742 1936 determinatum
782 1883 821 1924 in
867 1893 958 1924 can.
1005 1879 1087 1922 343
1122 1879 1140 1935 ξ
1178 1879 1194 1921 1
1235 1883 1278 1922 ut
1326 1877 1564 1935 «Episcopi
1605 1881 1842 1921 universam

208 1953 433 1997 dioecesim
468 1952 685 1996 lustrent»
734 1950 778 2009 d)
808 1949 1037 2009 providere
1070 1954 1114 1992 ut
1147 1949 1236 1992 suis
1278 1947 1459 1992 subditis
1493 1947 1751 2006 (praebendo
1784 1949 1843 1990 eis

208 2025 577 2082 opportunitatem)
622 2021 696 2066 hoc
740 2026 1053 2065 sacramentum
1100 2019 1440 2063 administretur.
1489 2018 1723 2064 Concordat
1768 2018 1845 2062 hoc

209 2097 512 2153 praescriptum
546 2095 636 2152 (per
669 2093 1011 2138 substitutionem
1045 2092 1216 2136 alterius
1250 2093 1443 2144 ministri)
1475 2104 1570 2135 cum
1604 2090 1632 2148 ξ
1660 2091 1694 2144 l,
1718 2103 1840 2148 quem

209 2167 404 2224 complet.

329 2237 517 2296 Denique
549 2238 599 2281 ad
637 2237 867 2294 urgendam
916 2237 1269 2293 praescriptorum
1314 2236 1485 2278 canonis
1522 2235 1844 2291 exequutionem

209 2311 398 2367 sequitur
429 2310 454 2362 ἓ
486 2308 524 2353 4.
560 2308 607 2351 Si
636 2307 829 2365 yrai‘iter
851 2306 1101 2364 neyleoeerit,
1126 2318 1300 2362 nempe:
1325 2307 1380 2348 ita
1404 2309 1447 2348 ut
1469 2306 1612 2361 gravis
1636 2303 1844 2347 obiectixe

210 2380 332 2437 culpa
367 2380 593 2437 prudenter
626 2380 851 2432 iudicetur,
885 2377 925 2435 a)
960 2382 1270 2421 sacramentum
1309 2375 1657 2432 confirmationis,
1694 2374 1734 2431 b)
1759 2373 1848 2416 suis

211 2450 391 2494 subditis
424 2463 548 2508 supra
583 2450 805 2494 declaratis
841 2449 881 2507 6)
913 2462 1055 2508 perse
1078 2452 1247 2506 propter
1270 2447 1565 2504 obligationem
1593 2460 1641 2490 ex
1668 2448 1720 2500 ἐξ
1744 2445 1783 2500 1,
1811 2445 1851 2498 ⁶2,

212 2522 378 2580 quando
411 2524 463 2565 sit
497 2523 686 2565 minister
730 2521 967 2565 ordinarius
1013 2519 1076 2562 vel
1121 2519 1480 2563 extraordinarius
1525 2531 1573 2561 ex
1620 2520 1721 2571 iure,
1758 2529 1849 2559 nam

213 2597 382 2650 propter
413 2595 716 2636 connexionem
752 2591 875 2636 huius
907 2591 946 2646 {i
980 2591 1029 2635 ad
1067 2589 1400 2646 praecedentem,
1439 2590 1732 2646 propositionis
1754 2586 1851 2630 sub-

213 2665 366 2707 iectum
404 2679 427 2704 c<
443 2660 694 2708 Ordinarius
716 2679 738 2704 ›>
766 2667 827 2707 est
850 2661 1146 2719 supplendum,
1170 2660 1234 2703 vet
1254 2674 1331 2718 per
1354 2659 1487 2703 alium
1513 2661 1551 2702 in
1576 2658 1742 2702 casibus
1770 2660 1794 2711 ξ
1830 2657 1852 2699 3

214 2733 476 2788 ministrare,
511 2739 701 2777 servetur
740 2732 1056 2792 praescriptum
1098 2745 1190 2776 ean.
1229 2733 1336 2785 274,
1384 2745 1422 2773 n.
1457 2733 1501 2786 4,
1534 2729 1715 2773 scilicet:
1751 2733 1848 2771 tunc

214 2805 330 2848 adest
362 2805 516 2849 abusus
548 2805 600 2848 de
633 2818 715 2862 quo
754 2821 773 2846 c(
794 2803 1053 2860 Metropolita
1091 2806 1321 2846 Romanum
1359 2802 1597 2845 Pontificem
1624 2802 1845 2843 certiorem
1873 2805 1876 2807 ’

212 2878 349 2921 facere
373 2892 393 2918 ›>
431 2890 481 2919 ex
515 2888 607 2919 can.
630 2879 698 2920 cit.
729 2879 940 2932 «potest»
970 2882 1010 2918 et
1032 2874 1081 2917 ad
1109 2875 1337 2929 praesentis
1360 2878 1466 2916 cair-³.
1491 2884 1679 2914 normam
1705 2869 1844 2913 debet.
