1971 3261
187 135 258 169 324
581 134 666 168 Lus.
694 133 765 169 ΙΙΙ.
792 153 804 159 -
831 134 943 169 PARS
968 134 998 168 I.
1029 154 1042 159 -
1068 135 1125 169 De
1150 134 1416 170 Sam-amentis

186 254 214 288 si
243 263 313 288 una
338 263 416 287 cum
444 252 565 288 ceteris
598 251 758 287 fidelibus
782 251 819 286 in
846 251 965 287 eodem
1040 251 1128 287 vatis
1153 251 1382 297 orationibus,
1399 252 1483 288 satis
1500 257 1551 288 est
1573 257 1610 288 ut
1625 263 1684 289 eas
1701 258 1818 289 mente

186 301 260 336 loco
284 299 465 336 orantibus
492 303 644 334 mentem
678 309 717 334 ac
745 299 819 345 pios
844 309 967 334 sensus
1039 299 1193 335 recolant
1219 299 1372 344 signisve
1397 299 1579 335 effundant
1597 300 1651 335 vel
1668 304 1818 336 tantum-

186 348 228 383 ad
258 347 365 383 Deum
392 346 570 386 attollant;
599 351 632 382 et
650 346 677 380 si
697 351 821 391 agatur
837 346 879 382 de
900 346 966 392 pri·
1040 347 1141 382 modo
1166 347 1274 382 oculis
1299 351 1516 393 percurrant.

824 466 867 473 —
894 447 1027 493 capaci,
1063 448 1207 493 eiusque
1242 446 1459 483 conditiones
1499 451 1534 482 ut
1569 458 1627 483 eas

847 504 966 530 revera
992 494 1144 530 lucretur
1677 509 1692 527 »
1748 493 1815 530 9³25

824 608 869 612 —
895 588 1007 634 quoad
1035 589 1212 634 plenariae
1239 589 1477 634 indulgentiae
1502 588 1626 635 ampli-

847 635 1005 671 mdlnem
1677 650 1692 668 »
1747 634 1814 671 926

498 730 807 765 .—asubiecto—
828 751 866 754 —
895 731 1069 766 concessis
1094 730 1139 765 ab
1166 729 1331 776 Episcopo
1677 744 1691 762 υ
1747 728 1813 765 9027

828 847 866 850 —
895 825 1014 860 eodem
1042 826 1182 871 saepius
1207 829 1266 860 aut
1293 825 1398 860 semel
1427 825 1460 859 in
1489 825 1544 860 die
1676 839 1691 857 »
1746 820 1814 860 928

825 941 869 945 ——
895 920 1001 954 vitam
1027 930 1250 955 communem
1276 924 1412 964 agente,
1439 920 1551 965 quoad
1570 919 1628 955 Ec-

256 966 329 1001 Art.
357 965 393 1002 ll.
847 967 971 1002 clesiae
998 967 1231 1002 visitationem
1676 980 1691 999 »
1746 964 1813 1001 929

186 1012 231 1049 De
246 1013 474 1058 indulgentiis

193 1061 417 1106 acquirendis
444 1082 487 1085 —
826 1082 867 1086 —
896 1062 1006 1107 quoad
1035 1072 1154 1097 earum
1181 1061 1450 1107 applicationem
1675 1075 1689 1093 »
1745 1060 1812 1096 930

816 1177 865 1194 ,-
892 1156 1123 1191 confessionis
1149 1160 1181 1191 et
1207 1156 1467 1191 communionis
1675 1170 1689 1187 »
1745 1153 1808 1190 931

853 1272 866 1276 ·
893 1251 1019 1296 quibus
1048 1250 1265 1302 praestandis
1283 1250 1425 1285 aliunde
1442 1250 1520 1296 quis
1538 1249 1623 1285 obli-

844 1304 945 1343 gatur
1675 1311 1689 1330 n
1745 1295 1812 1332 932

507 1365 543 1368 -u
585 1355 642 1389 per
679 1355 783 1390 opera

526 1391 684 1426 iniuncta
760 1411 864 1418 -—
892 1392 1012 1428 eadem
1043 1403 1102 1438 pro
1129 1392 1197 1426 illis
1223 1392 1371 1427 diversis
1674 1405 1688 1423 »
1743 1389 1810 1425 933

826 1508 860 1512 -
891 1485 1058 1522 orationis
1085 1485 1213 1520 vocalis
1674 1498 1687 1516 »
1743 1481 1810 1518 934

1166 1600 1209 1604 —
1235 1591 1254 1614 a
1270 1580 1480 1615 confessario
1674 1592 1688 1610 »
1742 1577 1810 1613 935

824 1649 865 1653 —
877 1632 1090 1663 commutata
1105 1608 1162 1694 -Ι

1170 1695 1207 1699 —
1235 1685 1254 1709 a
1281 1674 1355 1708 iure
1673 1686 1687 1704 »
1743 1670 1809 1707 836

301 1797 398 1839 ⁶263.
433 1800 690 1854 Inscriptio
723 1799 929 1843 articuli.
954 1823 1007 1830 —
1034 1795 1189 1839 Deinde
1213 1794 1540 1838 considerandus
1562 1799 1622 1838 est
1640 1794 1728 1837 Art.
1754 1791 1806 1836 II.

186 1865 242 1909 De
275 1867 555 1925 {mlulqentiis
589 1869 809 1924 descriptis
843 1870 880 1910 in
917 1870 1049 1924 primo
1082 1880 1170 1912 ean.
1205 1865 1327 1924 (911)
1361 1866 1524 1909 articuli
1557 1867 1806 1922 praeceden—

181 1940 246 1990 tis,
278 1942 401 1996 atque
435 1939 628 1982 omnibus
660 1939 890 1982 secundum
925 1951 1067 1982 earum
1104 1938 1389 1981 distinctiones
1407 1939 1445 1979 in
1465 1937 1609 1980 eodem
1634 1935 1809 1979 articulo

180 2009 422 2064 explicatas,
457 2009 755 2067 [acquirendis.
799 2011 908 2067 quod
955 2011 1118 2066 proprie
1157 2009 1322 2062 dicitur,
1356 2013 1442 2051 tum
1477 2007 1641 2065 quando
1675 2007 1809 2050 fidelis

181 2080 438 2124 conditiones
470 2081 703 2138 adimplens
735 2080 812 2124 sibi
848 2083 1100 2124 remissionis
1134 2092 1289 2136 poenae
1324 2079 1475 2123 bonum
1514 2078 1684 2132 obtinet,
1718 2083 1807 2121 tum

180 2152 346 2207 quando
381 2165 453 2208 per
486 2151 559 2195 has
591 2152 850 2196 conditiones
883 2151 1130 2207 adimpletas
1162 2150 1283 2194 simul
1308 2163 1402 2194 cum
1431 2150 1639 2193 voluntate
1661 2148 1804 2193 saltem

181 2222 379 2277 implicita
403 2223 646 2279 suffragium
682 2223 871 2277 curandi,
907 2221 1098 2266 fidelibus
1131 2223 1336 2265 defunctis
1374 2221 1564 2265 solatium
1600 2222 1805 2264 remissio-

181 2295 243 2335 nis
276 2292 384 2336 illius
419 2294 743 2337 misericorditer
776 2298 997 2350 procurat;
1033 2295 1071 2336 in
1108 2298 1281 2349 utroque
1305 2294 1413 2335 enim
1439 2304 1536 2335 casu
1563 2304 1659 2334 vere
1687 2304 1807 2348 quae-

179 2362 237 2405 rit
271 2363 459 2406 studiose
491 2363 540 2406 ab
573 2363 757 2407 Ecclesia
792 2363 972 2407 thesauri
1009 2363 1252 2420 particulam
1279 2376 1351 2419 per
1374 2362 1655 2406 conditionum
1680 2361 1807 2405 adim-

180 2433 448 2489 plementuni.

300 2505 396 2547 264.
433 2508 685 2552 Canonum
720 2508 1033 2552 coordinatio
1067 2505 1159 2549 talis
1192 2511 1265 2549 est.
1301 2505 1358 2548 De
1392 2507 1632 2562 acquirente
1672 2503 1804 2548 indul-

179 2577 338 2630 gentias
372 2575 596 2633 loquuntur
628 2590 717 2620 can.
754 2577 955 2631 925-930,
991 2579 1045 2620 ita
1080 2581 1122 2620 ut
1165 2579 1298 2633 primo
1331 2576 1507 2630 dicatur,
1550 2577 1642 2633 quis
1674 2565 1804 2632 capax

178 2646 229 2687 sit
262 2657 309 2688 ac
336 2659 481 2690 revera
517 2647 700 2690 lucretur
733 2659 794 2702 ea,
829 2660 908 2704 qua
945 2660 1043 2690 vero
1076 2646 1349 2702 amplitudine
1387 2646 1685 2703 indulgentiam
1721 2645 1803 2702 ple-

179 2717 352 2760 nariam.
387 2716 545 2761 Deinde
577 2717 810 2761 subiectum
846 2718 1085 2761 decernitur
1108 2717 1242 2774 quoad
1269 2716 1547 2774 indulgentias
1569 2716 1620 2760 ab
1642 2715 1806 2773 Episco-

178 2788 240 2843 pis
272 2800 502 2839 concessas,
537 2795 577 2832 et
610 2791 770 2846 quoties
814 2791 852 2831 in
887 2789 954 2832 die
989 2787 1271 2844 indulgentiae
1317 2787 1526 2845 quaelibet
1558 2800 1580 2831 a
1613 2786 1805 2831 fidelibus

179 2856 330 2901 lucrari
357 2860 524 2914 possint,
558 2859 805 2915 quibusdam
845 2872 942 2902 vero
975 2858 1148 2902 tacilitas
1180 2857 1376 2902 tribuitur
1410 2858 1596 2902 lucrandi
1634 2857 1804 2901 nonnul-
