1971 3261
132 140 225 177 Gan.
254 139 346 174 1138
647 136 731 170 Tl'r.
762 136 851 170 VII.
883 156 895 161 -
922 136 978 171 De
1005 137 1264 169 Matrimonio
1691 132 1760 166 699

345 201 390 209 —,
1467 195 1513 200 ..-

134 258 503 303 nomenclaturam.
555 256 689 300 Huius
732 259 958 299 canonicae
1006 255 1354 297 denominationis
1404 255 1506 296 ratio
1552 255 1611 296 sic
1646 252 1761 295 reddi

136 334 280 387 potest.
313 329 457 372 Sanari
484 330 649 383 proprie
672 330 869 370 convenit
902 327 1034 369 soluin
1064 324 1314 368 viventibus.
1350 323 1629 380 Metapliorice
1666 337 1763 366 vero

132 402 215 445 dici
252 405 384 458 potest
417 399 468 441 de
502 398 695 441 omnibus
730 400 766 440 in
801 397 953 455 quibus
990 398 1228 440 verilicetur
1260 396 1358 453 quid
1394 394 1528 438 simile
1560 396 1762 437 sanationi

137 474 381 517 viventium.
417 470 561 513 Sanari
595 472 705 512 enim
739 471 954 525 contingit,
989 468 1155 525 quando
1200 469 1232 509 is
1275 470 1339 510 cni
1384 468 1537 509 sanitas
1570 465 1765 509 tribuitur

133 550 195 588 est
228 543 350 587 liuius
383 554 529 598 capax,
566 546 707 597 utpote
743 539 899 583 liabens
949 542 986 582 in
1020 554 1063 582 se
1097 538 1252 596 aliquid
1303 538 1351 581 ad
1387 539 1604 580 sanitatem
1642 539 1763 592 perti-

135 627 249 667 nens,
273 612 459 657 scilicet:
489 613 614 654 vitam
648 613 841 668 viresque
867 610 1069 653 iuvandas
1104 609 1320 652 medicinis
1352 608 1402 651 ad
1427 607 1764 663 consequendum

135 687 338 741 vigorem.

252 754 330 798 Sed
358 755 665 797 matrimonium
691 754 893 796 sanationi
920 752 1277 807 praesuppositum
1314 748 1437 792 habet
1472 751 1508 791 in
1533 761 1575 791 se
1609 747 1765 804 aliquid

139 828 225 871 veri
261 827 525 879 matrimonii,
550 824 736 867 scilicet:
771 835 1016 866 consensum
1047 835 1143 864 vere
1169 819 1514 863 matrimonialem
1552 832 1628 860 non
1654 830 1767 860 mere

136 899 420 951 toi-uicarium,
454 898 561 939 sicut
592 896 748 938 dictum
784 898 844 937 est
879 896 915 935 in
951 891 1299 936 convalidationis
1336 891 1589 941 delinitione,
1624 893 1663 931 et
1696 901 1769 944 per

137 970 243 1013 lianc
276 969 624 1024 dispensationem
669 967 895 1008 sanationis
929 966 966 1006 in
1004 963 1157 1017 radice,
1191 962 1404 1018 praedicto
1451 962 1668 1004 consensui
1703 961 1770 1001 tri-

140 1041 280 1085 buitur
306 1040 427 1096 vigor
453 1038 577 1080 validi
603 1038 872 1080 matrimonii.
908 1035 1015 1091 Ergo
1039 1035 1337 1077 convenienter
1362 1032 1463 1075 llaec
1486 1031 1770 1075 convalidatio

138 1113 296 1155 sanatio
332 1111 583 1152 matrimonii
616 1107 862 1164 appellatur.
897 1104 1013 1159 Quae
1045 1105 1199 1148 dicitur
1231 1105 1320 1147 lieri
1355 1106 1393 1146 in
1429 1103 1582 1157 radice,
1607 1106 1770 1157 sumpta

140 1182 381 1238 metaphora
416 1180 467 1223 de
500 1179 661 1233 arbore,
707 1180 825 1222 cuius
868 1178 1117 1233 principium
1161 1180 1201 1219 et
1240 1188 1363 1218 causa
1399 1176 1542 1216 intime
1584 1184 1770 1216 connexa

138 1258 179 1297 et
203 1264 477 1310 perseverans
501 1256 561 1293 est
585 1249 719 1292 radix.
753 1248 808 1291 lta
835 1246 1152 1290 matrimonialis
1184 1246 1489 1289 coniunctionis
1523 1245 1770 1300 principium

139 1329 179 1367 et
212 1336 336 1368 cansa
373 1325 515 1365 intime
548 1332 735 1364 connexa
770 1324 811 1362 et
844 1318 1111 1361 liabitualiter
1146 1329 1421 1373 perseverans
1450 1320 1511 1358 est
1532 1327 1772 1358 consensus.

142 1395 248 1450 Quia
273 1407 372 1447 ergo
396 1396 484 1435 sine
509 1394 625 1434 istius
649 1392 918 1433 renovatione
942 1388 1235 1432 convalidatur
1257 1400 1486 1431 consensus
1510 1388 1642 1442 primo
1663 1398 1774 1442 prae·

138 1469 259 1510 stitus
293 1478 401 1508 nunc
436 1474 722 1520 perseverans,
759 1466 799 1504 et
842 1461 1013 1504 effectus
1053 1459 1402 1503 convalidationis
1440 1456 1775 1501 retrotrahuntur

143 1551 215 1594 per
249 1537 455 1579 lictionem
493 1536 593 1577 iuris
625 1533 676 1576 ad
712 1537 874 1589 tenipus
906 1544 1133 1575 consensus
1167 1532 1300 1586 primo
1334 1529 1432 1584 dati,
1467 1529 1773 1572 convenientis-

138 1611 243 1653 sime
279 1607 587 1650 matrimonium
622 1604 775 1648 dicitur
807 1605 942 1646 sanari
979 1605 1016 1645 in
1054 1602 1207 1646 radice.

260 1676 449 1732 Quatuor
481 1675 590 1720 solos
623 1688 804 1719 canones
837 1673 903 1718 liic
936 1673 1138 1717 articulus
1168 1674 1366 1726 continet,
1412 1684 1591 1727 nempe:
1636 1672 1674 1712 in
1709 1682 1775 1713 ca-

143 1763 249 1794 none
285 1748 397 1792 1138
432 1750 542 1790 notio
577 1746 686 1789 illius
718 1747 944 1790 sanationis
976 1743 1199 1788 exhibetur
1222 1757 1268 1787 ac
1291 1742 1556 1799 explicantur
1588 1743 1776 1785 canonici

141 1821 327 1873 effectus,
359 1819 412 1863 de
447 1818 555 1861 illius
586 1819 813 1861 sanationis
847 1815 1117 1873 possibilitate
1151 1819 1221 1858 aut
1255 1813 1586 1871 impossibilitate
1611 1826 1683 1869 per
1716 1824 1779 1855 ca—

145 1905 274 1936 nones
308 1891 436 1945 1139,
471 1889 582 1932 1140
616 1889 932 1938 determinatur,
970 1891 1009 1930 et
1042 1899 1065 1930 a
1098 1886 1203 1929 Sede
1240 1884 1476 1942 Apostolica
1520 1883 1653 1928 solum
1690 1884 1777 1926 lieri

146 1976 264 2021 posse
299 1965 336 2005 in
371 1975 461 2005 can.
499 1960 603 2003 1141
645 1961 898 2003 decernitur.

265 2034 362 2077 553.
400 2034 526 2085 Quid
560 2034 624 2078 sit
662 2032 959 2076 matrimonii
997 2031 1045 2075 in
1085 2031 1253 2075 radice
1295 2029 1493 2074 sanatio
1536 2041 1596 2073 ac
1638 2028 1781 2072 huius

145 2109 237 2153 vis.
264 2131 316 2136 —
347 2104 446 2167 Fan.
474 2104 588 2147 1138
623 2117 696 2158 pro
729 2101 895 2146 Codicis
930 2114 1043 2144 more
1077 2101 1223 2143 definit
1256 2099 1355 2142 illud
1390 2099 1441 2142 de
1465 2111 1546 2156 quo
1580 2103 1782 2141 tractatur

145 2180 184 2221 in
214 2175 408 2221 articulo.
442 2175 471 2234 ξ
506 2175 541 2217 1.
578 2172 858 2228 Matrimonii,
883 2185 962 2229 qua
987 2173 1293 2215 coniunctionis
1322 2169 1538 2223 maritalis,
1570 2169 1614 2212 in
1637 2168 1784 2212 radice

146 2261 324 2304 nempe:
362 2249 400 2289 in
436 2258 655 2297 consensu,
690 2246 758 2301 qui
798 2245 1155 2286 «matrimonium
1192 2243 1333 2285 facit»
1371 2240 1466 2299 (can
1507 2240 1631 2294 1081,
1663 2240 1691 2299 ἓ
1726 2240 1784 2296 l),

146 2319 331 2372 sanatio,
366 2330 585 2375 perquam
614 2315 681 2359 illa
709 2318 894 2371 vigorem
929 2314 1087 2357 obtinet
1121 2313 1358 2367 iuridicum,
1392 2317 1453 2354 est
1486 2310 1671 2354 eiusdem
1695 2324 1786 2354 eon-

148 2389 356 2434 vatidotio
400 2389 606 2445 explicata
647 2389 685 2430 in
731 2388 879 2443 capitis
923 2387 1206 2442 inscriptione,
1239 2389 1419 2427 attamen
1452 2383 1784 2426 extraordinaria

149 2466 291 2517 utpote
323 2458 607 2518 seemnferens
642 2458 841 2514 implicite
885 2456 926 2514 a)
958 2461 1132 2514 praeter
1172 2454 1547 2512 dispensationem,
1582 2459 1787 2511 quatenus

151 2532 252 2575 haec
285 2533 336 2574 sit
369 2532 617 2583 necessaria,
640 2528 703 2571 oet
736 2526 1009 2570 cessationem
1043 2525 1344 2584 impedimenti,
1378 2525 1489 2583 quod
1523 2524 1573 2567 ad
1609 2526 1784 2567 sanatio-

151 2600 246 2646 nem
295 2605 337 2645 ut
388 2600 612 2658 plurimum
665 2599 1028 2655 praesupponitur‚
1061 2602 1184 2654 atque
1233 2595 1368 2639 obstat
1412 2608 1461 2638 ne
1506 2597 1789 2651 praeexistens

151 2686 316 2729 semper
348 2685 574 2716 consensus
608 2669 924 2713 matrimonialis
958 2669 1109 2712 efficiat
1143 2670 1467 2721 matrimonium,
1504 2665 1546 2723 b)
1570 2665 1788 2722 dispensa-

153 2744 308 2786 tionem
331 2756 357 2785 a
381 2742 472 2800 [eye
508 2741 704 2785 videlicet
726 2757 733 2781 :
770 2743 941 2784 canonis
966 2739 1095 2794 1133,
1126 2738 1154 2797 ξ
1178 2739 1201 2781 2
1235 2737 1286 2781 de
1307 2736 1548 2781 renovando
1571 2750 1788 2789 consensu,

152 2816 224 2872 qui
258 2814 425 2856 forsitan
462 2815 500 2855 in
539 2813 871 2856 manifestatione
905 2810 1087 2867 legitima
1115 2822 1258 2866 passus
1290 2814 1350 2852 est
1373 2809 1594 2861 defectum,
1625 2812 1791 2863 propter

153 2898 279 2943 quem
314 2897 394 2927 non
430 2885 506 2927 fuit
539 2896 765 2927 consensus
798 2882 960 2937 efficax,
990 2893 1096 2938 quae
1130 2882 1346 2924 renovatio
1379 2881 1452 2923 suit
1475 2880 1683 2934 descripta
1719 2891 1791 2934 per
