1971 3261
83 121 179 157 Can.
208 118 408 154 1061-1062
589 118 673 152 ΤΙΤ.
703 118 789 152 VII.
820 139 830 143 -
859 118 914 152 De.
943 119 1202 152 Mczrri‘n‘rouz'o
1641 119 1711 153 561

67 241 326 284 ,cautionum
362 236 562 280 exhibitio
595 239 754 280 notoria
788 239 837 279 sit
875 236 937 280 vel
972 236 1114 280 saltem
1142 236 1233 279 talis
1255 250 1343 279 esse
1369 239 1493 293 possit
1516 238 1565 281 ad
1591 250 1712 280 omno

87 308 328 353 scandalum
364 307 664 350 removendum
685 323 723 351 ».
750 333 801 337 --
822 307 967 361 Quoad
994 309 1165 349 t'orinam
1186 307 1452 350 exhibitionis
1474 310 1710 350 cautionum

89 393 168 423 non
202 378 368 422 extabat
404 379 492 421 iure
525 380 734 421 communi
780 380 910 421 maior
950 378 1254 431 determinatio,
1297 378 1366 421 sed
1406 378 1601 422 Doctores
1633 381 1713 421 exi-

88 449 240 507 gebant
274 462 364 493 eam
399 451 596 504 scriptam
631 453 668 491 et
703 448 925 505 aliquando
970 451 1159 503 iuratam,
1194 451 1246 491 ita
1283 454 1323 491 ut
1356 449 1587 505 simplicem
1623 463 1714 505 pro-

91 522 328 563 missionem
364 531 455 562 raro
491 523 660 575 propter
706 518 907 574 speciales
938 521 1271 562 circumstantias
1311 522 1347 561 in
1383 519 1614 563 acatholico
1648 520 1715 562 ad-

90 592 314 641 mitterent,
364 588 525 631 facilius
573 592 708 631 autem
761 591 798 630 in
849 588 1065 631 catholico.
1114 587 1231 631 Nunc
1279 589 1472 632 standum
1523 594 1581 632 cst
1614 589 1642 647 g
1676 590 1712 631 Q.

90 659 319 703 Cantioues
354 658 626 715 regulariter,
660 659 768 714 quod
804 658 1050 701 adverbium
1097 661 1293 714 permittit
1328 662 1444 716 sequi
1491 658 1712 702 Doctorum

92 732 314 787 praelatam
350 730 580 773 doctrinam
617 732 654 771 in
690 729 867 783 casib11S‚
903 729 1004 772 alias
1039 730 1078 771 in
1114 729 1286 786 scriptis
1323 730 1551 787 eliquatur
1581 728 1633 773 ab
1666 743 1714 773 eo

87 804 157 858 qui
193 801 434 857 dispensare
469 799 604 843 debet.
639 800 717 844 Sed
754 802 864 843 iuxta
901 800 1070 843 relatam
1106 802 1143 842 S.
1168 800 1348 856 (longi-,¹⁸
1382 803 1526 843 insti-,²¹¹
1549 801 1715 856 quando

89 871 281 915 verbales
313 873 407 926 sint,
431 883 570 914 coram
606 870 778 913 testibus
813 872 925 922 tiant,
960 875 997 916 ct
1031 871 1281 927 quandoque
1315 870 1646 914 extraordinarie
1665 873 1714 915 ad

83 942 376 986 certitudinem
411 941 678 985 obtinendam
715 945 849 997 posset
883 943 1160 984 iuramentum
1196 943 1320 997 exigi,
1356 944 1429 984 etsi
1454 954 1611 984 canone
1636 955 1713 985 non

82 1015 135 1056 sit
168 1025 349 1070 uin-'uam
386 1015 701 1068 praescriptum.

208 1084 305 1127 457.
343 1085 584 1129 Catholici
623 1084 866 1139 obligatio
897 1086 1124 1139 respectu
1157 1085 1360 1129 alterius
1400 1085 1624 1140 coniugis
1667 1086 1714 1128 in

86 1156 398 1200 matrimonio
432 1157 604 1199 mixto.
630 1179 682 1183 —
709 1153 791 1196 Etsi
817 1155 954 1196 cautio
977 1152 1169 1209 specialis
1202 1153 1253 1196 de
1287 1153 1362 1196 hac
1397 1166 1476 1196 non
1511 1156 1716 1209 exigatur,

84 1297 123 1338 in
157 1295 491 1352 quibuscumque
523 1296 728 1350 coniugiis
761 1293 829 1337 ubi
864 1294 1026 1337 accidat
1073 1294 1181 1350 quod
1226 1297 1428 1352 sequitur,
1462 1294 1717 1351 obligatione

84 1368 282 1420 caritatis,
315 1367 413 1422 quia
451 1380 473 1405 «
497 1367 720 1421 unicuique
755 1364 970 1407 mandavit
1003 1363 1112 1407 Deus
1144 1364 1195 1407 de
1228 1367 1419 1421 proximo
1452 1378 1525 1408 suo
1551 1381 1589 1419 ³),
1623 1379 1715 1408 eon—

85 1436 315 1479 versionem
349 1436 398 1479 ad
434 1435 663 1479 Ecclesiam
697 1434 943 1478 catholicam
978 1434 1030 1478 ab
1053 1434 1214 1478 haeresi
1263 1435 1324 1478 vel
1360 1435 1584 1479 schismate
1623 1451 1715 1479 eon-

86 1507 200 1563 iuyis
233 1505 474 1556 cicatltolici,
508 1508 576 1563 qui
612 1507 709 1549 facit
748 1508 1058 1549 matrimonium
1102 1508 1292 1560 mixtum,
1314 1506 1549 1564 prudenter
1579 1508 1715 1565 quoad

89 1577 223 1621 media
257 1576 493 1621 adhibenda
527 1582 565 1620 et
599 1579 949 1633 opportunitatem
999 1577 1301 1634 quaerendam,
1346 1578 1601 1634 modumque
1633 1591 1717 1621 ser-

89 1648 286 1700 vandum,
332 1647 370 1691 id
421 1653 503 1691 est:
545 1647 775 1691 illuminato
821 1647 906 1691 zelo
955 1647 1148 1701 curandi,
1201 1652 1322 1704 prout
1374 1664 1393 1689 «
1422 1661 1519 1692 vera
1567 1651 1718 1692 caritas

84 1717 233 1763 Christi
273 1723 392 1775 urget
423 1731 496 1761 nos
519 1734 557 1762 )).

205 1790 303 1834 458.
342 1791 554 1836 Vetitum
589 1791 887 1835 servandum
921 1791 968 1833 in
1002 1790 1298 1834 matrimonii
1332 1791 1471 1835 mixti
1497 1791 1717 1835 celebra-

83 1863 233 1907 tione.
269 1886 321 1891 —
356 1860 506 1904 Bened.
542 1858 634 1903 XIV
670 1861 758 1903 fuse
791 1861 960 1916 exponit
996 1861 1170 1902 mixtum
1205 1861 1446 1915 coniugium
1489 1862 1619 1903 vetari
1653 1873 1717 1903 ca-

86 1932 249 1975 tholicis
287 1931 383 1974 «ob
418 1932 663 1988 flagitiosam
714 1933 752 1973 in
801 1933 930 1974 sacris
978 1931 1400 1973 communicationem
1444 1944 1538 1974 cum
1575 1931 1717 1974 haere-

85 2005 177 2046 ticis
200 2018 240 2057 ))‚
275 2002 384 2059 quod
405 2001 486 2045 Leo
511 2001 602 2045 Xlll
628 2001 765 2045 relatis
791 2000 930 2044 verbis
954 2003 1099 2056 innuit,
1124 2000 1277 2058 aliique
1301 2001 1369 2045 SS.
1397 2001 1614 2045 Pontitices
1637 2015 1718 2046 una

87 2086 188 2117 voce
224 2077 426 2129 repetunt.
461 2074 567 2116 Sane
600 2086 651 2115 ex
687 2084 766 2115 una
801 2076 915 2128 parte
959 2084 1080 2114 nemo
1122 2073 1297 2128 ignorat,
1341 2072 1556 2115 catholicis
1593 2075 1716 2116 etiam

87 2149 175 2200 post
208 2142 345 2188 Const.
388 2159 407 2185 c(
432 2143 493 2187 Ad
529 2144 724 2187 evitanda
749 2159 770 2183 »
807 2142 971 2186 Martini
1000 2141 1027 2183 V
1051 2146 1091 2185 et
1113 2156 1163 2186 ex
1188 2141 1352 2186 Codicis
1375 2155 1464 2186 can.
1494 2143 1620 2197 1258,
1643 2144 1670 2202 ἓ
1696 2145 1711 2187 1

89 2216 203 2258 netas
236 2228 325 2258 esse
359 2228 453 2259 cum
488 2214 707 2257 haereticis
739 2215 1051 2273 communicare
1085 2215 1123 2255 in
1161 2212 1283 2257 rebus
1316 2216 1446 2257 sacris
1479 2218 1517 2257 et
1551 2214 1720 2268 divinis,

86 2298 139 2328 ex
172 2285 251 2329 alia
285 2290 422 2328 autem
458 2289 573 2341 parte
607 2287 646 2326 in
683 2285 945 2327 matrimonio
980 2286 1108 2326 mixto
1152 2283 1254 2327 haec
1292 2287 1615 2328 communicatio
1649 2298 1720 2329 ne-

86 2358 267 2400 cessario
301 2355 491 2407 habetur,
526 2357 620 2412 quia
657 2356 966 2398 matrimonium
1001 2354 1248 2398 contrahere
1280 2368 1377 2398 cum
1402 2354 1611 2399 haeretico
1656 2356 1720 2399 vel

84 2426 353 2470 schismatico
388 2426 604 2483 baptizatis
637 2425 745 2469 idem
771 2430 831 2468 est
854 2437 901 2468 ac
921 2437 1048 2468 unum
1074 2425 1270 2483 idemque
1293 2430 1600 2469 sacramentum
1625 2439 1719 2469 cum

86 2497 236 2541 eodem
270 2498 491 2540 conticere.
526 2496 720 2540 Attamen
753 2497 1075 2539 communicatio
1110 2498 1148 2538 in
1183 2495 1338 2539 (livinis
1371 2509 1466 2540 cum
1502 2495 1722 2540 haereticis

91 2567 153 2611 vel
189 2566 363 2611 includit
410 2567 571 2611 haeresi
623 2566 932 2618 adhaesionem,
967 2571 1007 2609 et
1041 2570 1138 2609 tunc
1186 2566 1334 2610 eodem
1384 2568 1472 2610 iure
1513 2566 1722 2611 inhibetur

87 2651 169 2696 quo
201 2637 399 2691 haeresis,
434 2637 499 2681 vel
533 2651 613 2681 non
649 2637 822 2681 includit
866 2637 1027 2680 haeresi
1075 2637 1387 2693 adhaesionem,
1423 2642 1465 2681 ut
1499 2651 1571 2694 per
1603 2652 1646 2681 se
1681 2640 1718 2680 in

85 2722 186 2754 casu
219 2714 374 2765 nostro,
407 2714 447 2753 et
479 2714 577 2753 tunc
611 2708 856 2766 prohibetur
888 2713 972 2751 tum
1008 2710 1097 2752 iure
1132 2708 1309 2752 naturali
1361 2713 1529 2765 propter
1553 2712 1719 2765 perver-

86 2781 214 2823 sionis
248 2779 494 2836 periculum,
527 2784 614 2823 tum
649 2779 717 2823 illo
750 2783 937 2822 cessante
970 2780 1003 2822 si
1038 2778 1271 2835 periculum
1314 2783 1518 2823 remotum
1553 2781 1634 2835 tint,
1670 2793 1717 2822 ac

84 2863 253 2906 semper
285 2851 375 2893 iure
407 2849 703 2894 ecclesiastico

173 2951 269 2979 BLAT
291 2966 310 2973 -
335 2951 458 2980 Comm.
486 2951 571 2981 Tm.
596 2951 672 2980 0001.
696 2951 769 2980 Iter.
795 2951 876 2981 Can.
1597 2950 1636 2978 36
