1971 3261
657 133 767 168 PARS
793 133 823 167 I.
854 153 865 158 -

896 134 948 169 De
976 133 1243 169 &oramentis
1729 138 1770 171 13

706 394 897 443 PARS
940 395 1192 444 PRIMA.

640 517 741 577 De
786 516 1255 578 Sacramentis.

181 701 265 737 CAN.
293 699 373 736 731.
391 721 414 727 -
433 705 452 743 ξ
485 700 512 735 l.
539 700 627 736 Cum
655 701 776 735 omnia
795 698 917 735 Sacra-

134 754 253 784 menta
280 747 393 784 Novae
422 748 533 793 Legis,
562 759 581 784 a
609 746 749 783 Christo
767 746 915 783 Domino

133 795 255 832 Nostro
275 796 448 837 instituta,
462 796 533 830 sint
553 795 741 842 praecipua
761 795 916 830 sanctiti-

130 844 280 879 cationis
306 848 338 879 ct
365 843 489 878 salutis
516 843 644 885 media,
661 854 802 878 summa
821 843 854 877 in
874 842 916 876 iis

130 896 327 938 opportune
369 891 504 937 riteque
541 872 836 926 administrandis
875 901 916 925 ac

131 939 365 985 suscipiendis
376 938 559 984 diligentia
571 943 603 974 et
614 938 807 974 reverentia
820 937 919 972 adhi-

134 986 247 1022 benda
273 991 341 1021 est.

179 1038 199 1076 ς
227 1034 259 1068 ·..).
294 1033 445 1069 loz-titum
471 1037 523 1068 cst
551 1033 782 1068 Sacramenta
801 1031 914 1067 Eccle-

132 1081 203 1117 siae
231 1082 432 1116 ministrare
459 1080 645 1116 haereticis
664 1084 725 1115 aut
743 1079 914 1115 schisma—

131 1129 345 1170 ticis,etian1
374 1128 463 1163 bona
494 1128 560 1164 fide
586 1127 787 1163 errantibus
806 1137 915 1172 eaque

133 1176 347 1223 petentibus
376 1176 443 1211 nisi
486 1176 594 1221 prius
623 1174 799 1210 erroribus
830 1174 915 1210 reie-

131 1224 208 1266 ctis,
225 1223 397 1260 Ecclesiae
423 1223 642 1259 reconciliati
673 1222 815 1257 fuerint.

180 1269 263 1307 CAN.
292 1269 373 1306 732.
444 1270 516 1312 sl.
546 1270 775 1306 Sacramenta
802 1268 913 1314 bapti-

130 1318 212 1361 smi,
252 1317 534 1353 confirmationis
571 1322 602 1352 et
642 1316 789 1356 ordinis,
824 1326 914 1361 quae

131 1366 367 1401 characterem
412 1365 637 1412 imprimunt
685 1364 801 1399 iterari
856 1374 912 1399 ne-

130 1417 278 1459 queunt.

179 1464 198 1502 5
225 1460 257 1495 ·2.
285 1458 318 1495 Si
349 1470 428 1496 xero
464 1459 616 1506 prudens
652 1458 797 1494 dubium
826 1457 914 1493 exsi

131 1512 198 1544 stat
226 1519 312 1543 num
341 1518 460 1543 revera
479 1507 529 1542 vel
551 1517 635 1542 num
657 1505 769 1542 valide
787 1505 914 1541 collata

133 1555 278 1596 fuerint,
308 1555 372 1591 sub
411 1555 611 1590 conditione
647 1554 773 1589 iterum
801 1553 915 1589 conse-

132 1607 269 1638 rantur.

178 1650 263 1686 CAN.
286 1649 366 1685 733.
381 1670 402 1676 -
421 1653 440 1692 5
462 1649 492 1684 l.
516 1649 552 1684 ln
573 1648 813 1685 Sam-amentis
832 1658 913 1683 con-

132 1697 303 1739 ficiendis,
317 1697 610 1733 administrandis
623 1707 663 1732 ac
678 1695 913 1742 suscipiendis

129 1751 291 1781 accurate
317 1750 500 1781 serventur
518 1745 607 1780 ritus
623 1748 657 1780 et
671 1743 913 1779 caeremoniae

131 1803 220 1838 quae
246 1794 281 1828 in
311 1793 410 1828 libris
447 1792 636 1828 ritualibus
675 1791 719 1827 ab
761 1790 911 1826 Ecclesia

132 1840 286 1886 probatis
314 1840 589 1887 praecipiuntur.

1038 703 1057 741 ἓ
1076 699 1110 734 2.
1136 699 1382 746 [nusquisque
1404 704 1519 735 autem
1542 700 1646 734 ritum
1667 712 1767 735 suuni

990 751 1180 836 seqpagpiss,
1200 748 1295 783 salio
1334 746 1547 793 praescripto
1581 756 1660 782 can.
1686 745 1768 782 851

992 797 1010 836 ἓ
1134 807 1142 827 ι

1038 822 1122 877 (ζἈΝ.
1153 840 1234 876 734.
1321 845 1340 883 ,ξ
1372 841 1397 875 l
1426 841 1531 876 Sacra
1570 840 1643 875 olea
1683 851 1772 886 quae

989 888 1200 941 quibusdam
1221 888 1459 924 Sacramentis
1477 887 1770 923 administrandis

989 935 1200 979 inserxiunt
1239 936 1367 972 debent
1405 946 1479 971 esse
1516 934 1560 970 ab
1602 934 1768 981 Fpiscopo

990 983 1173 1019 benedicta
1202 983 1287 1019 feria
1307 982 1333 1017 N
1352 983 1387 1018 in
1409 983 1515 1018 Coena
1537 981 1673 1017 Domini
1693 994 1752 1029 pro

990 1032 1081 1066 xime
1107 1030 1304 1076 superiore;
1331 1041 1444 1076 neque
1462 1030 1699 1065 adhibeantur
1715 1042 1768 1066 xe-

989 1083 1076 1119 tera,
1105 1077 1171 1112 nisi
1202 1078 1393 1114 necessitas
1420 1082 1552 1122 urgeat.

1038 1129 1056 1167 §
1085 1125 1116 1159 2.
1147 1124 1223 1160 Mox
1258 1125 1432 1161 deficienti
1473 1124 1547 1160 oleo
1585 1124 1770 1160 benedicto

988 1172 1083 1208 aliud
1110 1173 1227 1208 oleum
1254 1173 1296 1208 de
1322 1172 1423 1208 olivis
1450 1183 1520 1207 non
1548 1172 1768 1207 benedictum

988 1220 1185 1259 adiiciatur.
1204 1220 1308 1255 etiam
1338 1220 1471 1262 iterato,
1493 1219 1627 1255 minore
1650 1224 1768 1254 tamen

988 1267 1102 1313 copia.

1036 1315 1122 1350 CAN.
1153 1312 1233 1349 735.
1266 1336 1282 1340 -
1313 1313 1486 1349 Parochus
1522 1314 1597 1349 olea
1624 1324 1723 1349 sacra
1751 1325 1769 1348 a

988 1373 1051 1397 suo
1078 1360 1269 1398 Ordinario
1297 1366 1412 1407 petere
1438 1361 1539 1397 debet
1555 1366 1587 1396 et
1608 1362 1642 1395 in
1663 1362 1769 1397 eccle-

988 1410 1039 1445 sia
1082 1410 1116 1444 in
1157 1414 1232 1444 tuta
1269 1420 1309 1445 ac
1347 1408 1481 1445 decenti
1518 1408 1674 1444 custodia
1705 1408 1769 1443 sub

988 1457 1075 1492 clavi
1104 1455 1291 1501 diiigenter
1310 1467 1507 1492 asservare:
1542 1467 1604 1491 nec
1622 1456 1768 1491 cadomi

988 1504 1226 1545 retineat,nisi
1242 1509 1380 1550 propter
1393 1504 1635 1539 necessitatem
1650 1504 1771 1539 aliam-

989 1563 1028 1587 ve
1054 1552 1299 1587 rationabilem
1327 1562 1479 1591 causam,
1500 1551 1686 1587 accedente
1709 1550 1769 1587 Or-

987 1599 1116 1635 dinarii
1145 1599 1298 1635 licentia.

1036 1647 1119 1682 CAN.
1149 1646 1230 1681 736.
1254 1667 1271 1673 —
1294 1647 1356 1682 Pro
1381 1646 1689 1681 administratione
1708 1646 1769 1681 Sa-

987 1699 1248 1730 cramentorum
1277 1694 1439 1729 minister
1466 1694 1555 1728 nihil
1583 1693 1707 1740 quavis
1728 1694 1769 1728 de

988 1753 1093 1778 causa
1132 1742 1183 1777 vel
1223 1742 1403 1777 occasione
1444 1742 1516 1776 sive
1542 1741 1671 1777 directe
1698 1741 1770 1775 sive

990 1790 1158 1825 indirecte
1183 1790 1298 1834 exigat
1323 1793 1383 1825 aut
1404 1794 1508 1835 petat„
1529 1793 1663 1834 praeter
1680 1788 1771 1823 obla-

988 1837 1101 1873 tiones
1126 1837 1170 1873 de
1197 1837 1325 1883 quibus
1352 1837 1387 1871 in
1414 1847 1493 1872 can.
1526 1835 1630 1871 15⁰7.
1653 1839 1671 1877 ἓ
1697 1835 1719 1870 l.

251 1965 289 2006 9.
324 1963 582 2018 Inscriptio
615 1961 773 2017 partis
807 1963 855 2005 et
893 1961 1017 2005 ordo
1051 1972 1310 2004 canonum.
1335 1982 1358 1990 -
1384 1955 1487 2000 Pars
1518 1956 1659 2014 prima
1710 1958 1768 1998 in-

129 2034 282 2089 scripta
317 2037 378 2075 est
414 2030 473 2074 De
504 2030 801 2083 sacramentiS,
834 2042 942 2087 quae
990 2031 1027 2071 vi
1074 2030 1253 2071 nominis
1285 2032 1379 2071 sunt
1418 2039 1607 2071 «sacrae
1644 2029 1701 2070 rei
1721 2029 1771 2069 si-

130 2115 211 2160 gna
234 2119 273 2144 ».
312 2103 435 2146 l'orro
471 2107 513 2145 ut
545 2104 602 2145 ait
637 2101 680 2144 [).
706 2100 781 2144 Th.
802 2101 814 2122 ¹
844 2116 863 2141 ((
888 2102 1005 2157 signa
1032 2101 1196 2156 proprie
1220 2098 1372 2142 dantur
1397 2097 1647 2153 hominibus,
1666 2110 1768 2154 qiu»-

132 2187 223 2217 rum
247 2178 309 2218 est
332 2186 404 2231 per
429 2177 521 2217 nota
542 2173 592 2217 ad
614 2175 753 2229 ignota
780 2173 1016 2228 pervenire.
1052 2169 1098 2213 El
1134 2169 1227 2213 ideo
1263 2171 1427 2226 proprie
1461 2169 1615 2212 dicitur
1637 2180 1770 2211 sacra-

133 2249 315 2288 mentum
350 2244 460 2302 quod
494 2252 556 2287 est
578 2245 744 2300 signum
769 2243 947 2286 alicuius
971 2243 1027 2284 rei
1053 2253 1198 2303 sacrae
1221 2241 1271 2284 ad
1298 2240 1487 2283 homines
1511 2241 1766 2296 pertinentis,

132 2319 173 2359 ut
205 2315 365 2359 scilicet
400 2307 564 2372 proprie
598 2315 762 2358 dicatur
794 2317 1103 2357 sacramentum
1147 2312 1378 2355 secundum
1419 2310 1528 2369 quod
1575 2324 1683 2353 nunc
1718 2310 1768 2353 de

129 2388 402 2430 sacramentis
435 2385 658 2444 loquimur,
694 2385 804 2442 quod
839 2388 899 2428 est
932 2386 1097 2439 signum
1140 2384 1196 2426 rei
1235 2394 1393 2437 sacrae,
1428 2384 1673 2439 inquantum
1709 2386 1767 2424 est

129 2458 396 2501 sanctificans
433 2456 624 2500 homines
647 2472 688 2501 n.

248 2527 349 2572 Cum
385 2528 437 2572 de
470 2527 533 2571 his
565 2527 837 2586 quamplures
871 2527 1136 2570 definitiones
1168 2538 1216 2569 ac
1250 2525 1464 2569 doctrinae
1500 2526 1767 2567 inveniantur

132 2601 171 2642 in
203 2599 342 2643 Conc.¹
374 2599 606 2643 Tridentini
641 2598 769 2655 Actis,
804 2604 842 2642 et
878 2600 916 2641 in
951 2599 1076 2641 Sacra
1111 2595 1334 2653 Theologia
1368 2595 1641 2652 explicentur,
1679 2594 1768 2637 illos

132 2672 169 2713 in
204 2669 356 2715 Codice
389 2673 652 2713 inveniemus
686 2683 868 2714 canones
902 2669 953 2713 de
987 2667 1192 2714 omnibus,
1228 2680 1335 2726 quae
1368 2666 1418 2710 ad
1459 2668 1620 2724 praxim
1656 2666 1767 2709 ordi-

132 2746 302 2787 nantur:
339 2743 446 2793 inter
477 2755 591 2799 quos
624 2743 662 2784 in
708 2753 798 2786 can.
835 2741 916 2784 731
956 2752 1100 2783 eorum
1135 2739 1317 2795 dignitas
1360 2737 1533 2781 huiusce
1572 2737 1766 2794 sequelae

250 2897 262 2918 1
288 2895 322 2930 3.
352 2908 387 2940 q.
417 2907 454 2940 q.
483 2895 574 2937 LX,
603 2900 678 2930 art.
708 2896 729 2928 2
761 2906 791 2928 c.
