1971 3261
200 137 270 170 446
599 136 683 170 [ΑΒ.
712 136 785 170 III.
815 156 828 161 —
854 136 964 171 PARS
989 137 1020 171 Ι.
1050 158 1062 163 -
1089 138 1147 172 De
1170 138 1437 173 &loramentis
1641 138 1735 175 Can.
1760 139 1832 174 989

202 255 312 289 tribus
339 254 495 295 testibus,
514 254 643 300 quippe
663 253 697 288 hi
716 253 753 288 in
774 253 902 289 iudicio
927 264 999 289 rem
1027 254 1174 300 probare
1200 255 1329 290 valent.
1358 254 1488 291 Revera
1511 255 1577 291 hoc
1604 256 1732 292 factum
1759 268 1831 292 non

201 318 251 348 est
275 312 433 348 absolute
458 312 647 353 occultum,
676 312 735 347 sed
763 312 939 347 aestimari
979 312 1080 348 debet
1119 313 1307 358 occultum,
1336 313 1364 348 si
1390 313 1424 349 hi
1452 314 1520 349 duo
1548 314 1600 349 vel
1625 318 1695 350 tres
1728 319 1831 350 testes

204 373 331 407 factum
359 382 473 417 neque
498 371 733 415 divulgarent,
762 382 876 417 neque
902 371 1125 407 intenderent
1154 372 1298 418 probare
1323 377 1384 408 aut
1409 372 1599 418 divulgare.
1626 372 1694 409 Sed
1720 375 1832 419 quoad

202 430 443 476 publicitatem
471 441 559 476 quae
586 430 713 465 limitat
739 430 774 464 in
793 429 961 476 Episcopo
987 435 1140 477 potest.¹1¹
1167 431 1274 478 disp.i
1299 442 1439 467 necesse
1464 436 1538 467 erat
1563 436 1600 467 ut
1629 432 1757 467 factum
1782 432 1830 467 di-

199 493 423 534 gnosceretur
441 500 461 524 a
481 488 640 535 pluribus
658 499 726 534 qua
751 493 803 523 est
828 489 993 524 delictum
1013 493 1047 525 et
1065 489 1143 525 fons
1162 490 1440 534 irregularitatis,
1466 489 1640 525 Nimirum
1666 490 1830 526 delictum

201 548 349 583 debebat
379 559 454 583 esse
487 548 661 583 occultum
699 548 905 583 formaliter.
934 547 1009 583 Huc
1037 549 1186 594 pertinet
1211 559 1362 595 sequens
1386 549 1586 585 decretum:
1614 547 1702 585 Cum
1729 560 1832 596 quae-

201 607 306 641 situm
336 607 456 641 fuisset
485 620 500 639 «
522 607 575 641 An
604 606 720 651 vigore
753 618 829 652 cap.
859 606 899 642 vl
925 618 1009 642 sess.
1040 607 1146 643 XXlV
1175 607 1217 643 de
1244 607 1334 652 Ret,
1366 609 1472 654 possit
1506 608 1689 654 episcopus
1721 608 1831 644 absol-

202 677 279 701 vere
304 665 349 700 ab
376 665 634 710 irregularitate
673 666 899 711 proveniente
924 677 945 701 a
970 665 1104 707 delicto,
1133 667 1223 712 quod
1263 666 1342 702 licet
1369 667 1546 713 publicum
1575 667 1611 702 in
1638 678 1688 711 se,
1715 672 1831 702 tamen

201 730 380 770 tamquam
408 735 514 759 causa
539 724 807 769 irregularitatis
832 725 1006 760 occultum
1033 725 1166 760 censeri
1194 729 1316 771 potest,
1337 725 1420 771 quia
1446 725 1524 761 licet
1549 730 1647 761 actus
1674 726 1833 772 publicus

201 784 245 818 sit
271 784 450 824 delictum,
482 783 619 829 publice
644 788 762 819 tamen
791 783 945 819 nescitur
970 794 1044 819 esse
1069 783 1258 819 delictum:
1286 784 1342 820 die
1368 783 1388 819 9
1407 783 1503 831 Sept.
1531 783 1621 820 1582
1640 785 1676 820 S.
1698 783 1737 821 C.
1754 796 1833 821 cen-

201 843 283 883 suit,
304 843 446 889 quando
471 842 637 878 delictum
656 854 696 878 ex
715 854 782 888 quo
799 849 921 877 remote
939 843 1099 889 provenit
1125 843 1372 888 irregularitas,
1399 848 1451 879 est
1470 844 1658 890 publicum,
1673 845 1833 890 quamvis

200 905 298 936 actus
337 900 406 941 ille‚
437 911 505 946 quo
543 900 807 940 interveniente,
836 900 1073 945 irregularitas
1112 901 1315 941 incurritur,
1347 901 1504 936 occultus
1543 901 1597 943 sit,
1631 902 1831 948 episcopum

202 959 407 1004 dispensare
433 969 504 994 non
532 969 638 1004 posse,
668 958 772 994 veluti
800 958 827 993 si
857 958 994 1005 publice
1028 959 1350 995 excommunicatus
1377 959 1429 995 vel
1454 959 1587 995 notorie
1621 959 1835 996 simoniacus

202 1018 334 1052 occulte
352 1016 493 1052 Missam
520 1017 764 1059 celebraverit;
791 1017 883 1063 quod
902 1017 929 1052 si
948 1018 1113 1052 delictum
1142 1030 1161 1052 α
1188 1029 1252 1065 quo
1278 1026 1398 1053 remote
1419 1018 1572 1065 provenit
1598 1018 1834 1065 irreqularitas

201 1076 374 1112 occultum
394 1081 457 1117 est,
475 1081 511 1110 ut
532 1081 611 1122 puta
630 1077 945 1112 excommunicatio
963 1077 1015 1112 vel
1038 1077 1231 1118 fornicatio,
1245 1083 1344 1112 actus
1362 1088 1442 1113 vero
1459 1077 1599 1113 Missam
1619 1077 1833 1119 celebrandi,

201 1148 240 1171 ex
267 1146 335 1181 quo
362 1135 551 1170 immediate
576 1135 815 1180 irregularitas
842 1135 1046 1176 incurritur,
1065 1135 1238 1181 publicus,
1262 1147 1359 1182 posse
1377 1136 1610 1172 nihilominus
1634 1136 1834 1183 episcopum

200 1195 245 1230 ab
270 1194 364 1230 omni
393 1194 648 1239 irregularitate
672 1194 852 1230 absolvere
877 1206 916 1230 ex
944 1195 1035 1230 dicto
1061 1207 1137 1241 cap.
1171 1194 1210 1230 w
1232 1209 1264 1229 ».

320 1252 426 1288 Conc.
445 1252 552 1296 't'rid.,
574 1253 702 1299 excipit
727 1264 886 1299 expresse
914 1253 1203 1299 irregularitatem
1230 1265 1270 1289 ex
1295 1255 1483 1290 homicidio
1509 1255 1705 1290 voluntario
1724 1255 1776 1290 vel
1795 1266 1833 1290 ex

201 1312 271 1347 alio
298 1312 423 1348 delicto
448 1312 595 1348 deducto
620 1312 663 1348 ad
692 1313 803 1348 forum
830 1312 1098 1355 contentiosum,
1127 1314 1189 1348 etsi
1218 1319 1291 1348 tum
1324 1313 1551 1349 homicidium
1587 1319 1662 1349 tum
1688 1314 1753 1349 hoc
1778 1314 1834 1349 de-

204 1372 323 1407 lictum
352 1373 424 1406 sint
449 1371 584 1408 occulta
610 1371 646 1406 in
674 1382 778 1407 sensu
805 1372 988 1418 explicato.
1010 1371 1160 1415 Quando
1186 1378 1219 1407 et
1246 1374 1419 1418 quomodo
1445 1373 1673 1408 homicidium
1700 1373 1835 1408 dicatur

205 1431 452 1471 voluntarium,
481 1430 634 1464 vidimus
659 1435 776 1465 antea.
808 1429 947 1465 Factum
974 1435 1144 1466 censetur.
1161 1431 1348 1466 deductum
1367 1431 1410 1466 ad
1432 1431 1543 1466 forum
1578 1431 1832 1467 contentiosum

202 1490 342 1535 quando
376 1489 515 1524 libellus
547 1489 780 1524 accusationis
816 1489 884 1524 iam
910 1500 930 1524 a
958 1489 1096 1535 publico
1127 1490 1333 1534 magistratu
1359 1495 1409 1525 est
1436 1495 1616 1536 susceptus
1643 1495 1675 1525 et
1701 1490 1832 1525 instau-

203 1554 300 1584 ratur
325 1547 508 1594 inquisitio
532 1547 729 1583 criminalis
755 1548 827 1583 sive
854 1559 913 1594 per
939 1553 1107 1584 secretam
1144 1548 1409 1594 inquisitionem
1443 1549 1516 1585 sive
1546 1560 1607 1595 per
1632 1549 1832 1585 citationem

202 1607 332 1643 editam
359 1607 396 1642 iu
422 1612 637 1642 accusatum.
666 1605 701 1642 Si
733 1611 849 1653 postea
887 1607 969 1642 hinc
1007 1607 1181 1642 eximatur
1205 1607 1250 1642 ab
1277 1608 1496 1654 impetitione
1535 1619 1595 1654 per
1632 1607 1834 1643 declaratio-

206 1678 284 1702 nem
313 1687 354 1692 -—
383 1677 454 1701 non
488 1677 562 1702 esse
598 1666 710 1701 locum
739 1666 912 1712 processui
940 1687 986 1691 —
1011 1672 1094 1701 tunc
1124 1667 1253 1702 factum
1281 1671 1394 1713 potest
1421 1666 1539 1702 haberi
1568 1667 1616 1702 uti
1644 1666 1833 1710 occultum,

205 1736 275 1761 non
302 1736 401 1761 secus
425 1735 465 1760 ac
491 1730 604 1766 antea,
633 1736 703 1760 non
731 1736 810 1760 vero
835 1725 862 1759 si
890 1725 1100 1771 deliuquens
1127 1725 1320 1761 libertatem
1348 1725 1502 1761 obtinuit
1528 1725 1733 1771 interposita
1760 1736 1835 1771 pro-

205 1783 371 1819 missione
396 1788 430 1819 et
455 1784 616 1819 cautione
641 1783 684 1819 de
709 1784 1016 1829 repraesentando,
1047 1789 1147 1830 prout
1184 1795 1343 1830 expresse
1372 1784 1508 1820 censuit
1545 1783 1580 1820 S.
1611 1783 1649 1819 C.
1674 1783 1713 1819 C.
1742 1783 1834 1830 apud

204 1842 350 1878 Garoias
369 1843 393 1877 ¹.
425 1842 604 1878 Praeterea
640 1853 680 1878 ex
719 1843 946 1889 responsione
983 1843 1139 1878 eiusdem
1177 1842 1352 1878 dicasterii
1387 1854 1408 1878 a
1435 1843 1628 1888 Fagnan02
1658 1842 1779 1885 relata,
1807 1842 1834 1877 si

205 1901 303 1936 iudex
331 1906 384 1936 est
411 1901 663 1947 incompetens,
679 1912 720 1936 ex
746 1901 821 1937 eius
849 1901 1095 1946 praeventione
1122 1912 1235 1947 neque
1261 1902 1391 1937 factum
1417 1902 1623 1937 aestimatur
1648 1901 1835 1937 deductum

203 1960 246 1995 ad
275 1960 387 1995 forum
414 1961 683 2002 contentiosum,
704 1970 818 2006 neque
843 1960 1037 1995 attenditur
1065 1960 1251 1995 notorietas
1279 1961 1357 1996 sacti
1385 1966 1445 1996 aut
1471 1961 1618 1996 infamia
1645 1960 1735 2002 facti,
1754 1959 1836 1995 inde

204 2024 362 2065 sequuta.

322 2077 413 2122 Quia
440 2089 520 2114 vero
546 2078 664 2114 nullae
689 2079 778 2114 aliae
805 2078 1030 2114 limitationes
1056 2080 1235 2125 appositae
1263 2079 1402 2114 fuerunt
1430 2079 1588 2125 potestati
1607 2077 1834 2124 dispensandi

204 2148 310 2183 quam
336 2137 614 2184 explanavimuS,
640 2137 825 2183 episcopus
852 2142 984 2183 poterat
1009 2139 1226 2174 committere
1246 2149 1345 2173 suam
1374 2143 1578 2184 potestatem
1604 2138 1683 2173 aliis
1708 2148 1770 2183 pro
1795 2137 1836 2171 li-

206 2196 293 2241 bitu,
323 2208 405 2231 nam
433 2196 538 2232 verba
567 2196 644 2231 Dec.
667 2210 682 2228 ι(
705 2207 763 2242 per
788 2197 919 2242 seipsos
944 2204 1004 2232 aut
1031 2208 1092 2243 per
1119 2197 1285 2232 vicarium
1313 2197 1356 2232 ad
1384 2197 1417 2232 id
1444 2196 1640 2243 specialiter
1664 2197 1834 2243 deputan-

205 2255 302 2299 dum,
332 2256 381 2291 eis
406 2261 544 2291 tantum
572 2266 643 2291 non
670 2266 790 2291 eorum
817 2255 991 2291 vicariis»
1022 2256 1216 2302 respiciunt
1239 2256 1327 2291 alias
1352 2256 1507 2291 eiusdem
1543 2255 1669 2291 decreti
1706 2260 1832 2301 partes.

205 2313 302 2349 Sicut
327 2315 431 2350 etiam
467 2315 510 2350 ad
545 2314 607 2350 has
640 2319 779 2350 tantum
806 2315 1007 2350 referuntur
1033 2315 1095 2350 illa
1121 2315 1225 2351 verba
1255 2329 1270 2347 «
1293 2315 1328 2349 in
1355 2315 1500 2351 dioecesi
1533 2326 1595 2350 sua
1601 2341 1670 2349 .....
1700 2315 1737 2349 in
1763 2316 1835 2349 foro

205 2373 439 2409 conscientiae
458 2387 488 2415 »‚
510 2373 723 2419 proindeque
740 2373 1021 2419 dispensationes
1040 2374 1083 2410 ab
1102 2374 1417 2420 irregularitatibus
1435 2374 1572 2419 elargiri
1596 2377 1727 2420 poterat
1740 2377 1835 2408 extra

205 2433 492 2468 sacramentalem
529 2433 797 2476 confessionem,
825 2433 930 2468 etiam
965 2433 1101 2469 absenti
1133 2444 1151 2468 e
1180 2433 1339 2474 dioecesi,
1367 2433 1445 2468 licet
1479 2438 1511 2468 et
1547 2433 1620 2479 ipse
1653 2432 1835 2478 episcopus

205 2491 334 2527 absens
359 2496 463 2532 esset,
491 2496 524 2527 et
552 2492 631 2527 illae
657 2492 937 2538 dispensationes
965 2492 1152 2538 proderant
1177 2492 1291 2528 adhuc
1318 2503 1378 2538 pro
1406 2492 1476 2527 foro
1502 2496 1656 2527 externo.

326 2586 492 2629 Praeter
524 2586 762 2629 facultatem
797 2586 1036 2642 generalem
1070 2587 1324 2643 praedictam
1351 2600 1400 2629 ex
1425 2602 1459 2630 c.
1495 2586 1720 2629 «Liceat»
1750 2586 1857 2643 tue-¹

208 2661 302 2700 runt
335 2656 440 2700 aliae
475 2661 696 2713 potestates
729 2657 995 2712 dispensandi
1030 2657 1326 2700 determinatas
1359 2656 1698 2713 irregularitates,
1728 2668 1835 2713 quae

208 2727 303 2771 alibi
340 2729 515 2770 inveniri
550 2733 737 2784 poterant
773 2730 810 2770 in
846 2729 935 2770 iure
969 2740 1105 2784 praec.
1125 2740 1173 2771 ac
1198 2717 1235 2770 in
1259 2727 1409 2771 Codice
1443 2729 1609 2770 fuerunt
1643 2728 1833 2770 omissae.

325 2834 336 2854 ¹
364 2832 419 2865 De
449 2831 655 2870 beneficiis,
682 2844 716 2876 p.
744 2832 828 2873 VII,
857 2844 887 2866 c.
917 2832 986 2875 XI,
1012 2844 1051 2866 n.
1080 2832 1136 2867 47.
1164 2853 1207 2857 —
1234 2833 1248 2854 2
1275 2832 1421 2867 Comm.
1450 2831 1497 2866 ad
1531 2843 1613 2876 cap.
1642 2833 1665 2865 4
1691 2831 1737 2865 de
1772 2841 1830 2865 co·

208 2879 332 2912 habit.
362 2879 491 2913 cleric.
521 2884 560 2913 et
586 2879 680 2914 mul.
712 2879 780 2914 138
805 2891 884 2924 seq.
