1971 3261
155 131 230 166 618
560 128 644 162 Lus.
670 128 741 163 III.
768 148 780 155 -
807 128 918 164 PARS
943 129 973 164 Ι.
1002 148 1013 155 -
1041 129 1098 164 De
1122 128 1388 165 sacramentis
1571 130 1666 167 Gan.
1694 131 1787 166 1092

272 248 379 292 Huic
412 247 639 291 conditioni
673 250 971 305 aequiparatur
1003 248 1132 291 altera
1171 247 1214 305 b)
1247 247 1312 291 vel
1343 248 1618 306 impossibilis
1653 263 1693 293 v.
1726 263 1790 306 gr.

150 322 185 363 si
219 319 382 363 coelum
407 318 537 375 digito
562 319 760 374 tetigeris,
794 318 834 375 c)
859 317 922 362 vel
955 318 1094 377 turpis
1130 332 1166 359 v.
1192 332 1255 375 gr.
1287 320 1321 362 si
1354 319 1522 363 occidas
1554 320 1679 363 talem
1714 322 1788 363 ini-

155 392 323 442 micum,
351 387 477 432 verba
501 388 760 432 conditiones
785 388 1016 445 peculiares
1039 388 1314 445 designantia,
1338 389 1389 432 de
1418 389 1571 447 quibus
1603 390 1789 434 animad-

156 459 405 503 vertendum
440 463 502 502 est
534 471 630 502 cum
663 456 862 502 Gonzalez
894 460 934 501 in
968 471 1058 516 cap.
1093 460 1186 502 cit.:
1220 457 1345 515 Greg.
1379 458 1435 502 lX
1480 459 1592 503 illam
1626 460 1791 504 dedisse

150 531 490 574 constitutionem
529 545 552 570 (c
575 533 617 572 ut
642 531 863 572 instrueret
888 529 1047 573 iudices
1069 529 1374 573 ecclesiasticos
1395 530 1606 587 quomodo
1628 530 1680 574 de
1704 543 1788 574 ma-

155 602 375 655 trimoniis,
408 602 447 642 in
482 599 633 657 quibus
666 599 926 643 conditiones
958 599 1238 656 impossibiles
1270 605 1309 643 et
1353 605 1507 657 turpes,
1541 614 1613 644 seu
1646 606 1789 645 contra

151 671 428 715 substantiam
462 673 674 727 appositae
707 670 1005 726 addiieiuntur,
1041 672 1310 727 pronuntiare
1342 670 1585 727 debeant»,
1620 671 1671 715 de
1703 674 1791 729 qui-

156 742 244 795 bus,
268 744 301 785 si
335 741 525 785 ultimam
559 743 596 784 in
621 753 710 798 cap.
745 743 1019 798 excipiamus,
1053 743 1413 798 praesumptiones
1445 744 1547 785 iuris
1569 742 1714 797 edixit,
1747 747 1789 786 ut

153 815 332 856 innuunt
368 811 523 856 verba:
564 827 584 853 (ι
609 817 779 869 propter
812 814 1065 856 matrimonii
1100 813 1349 857 favorem».
1393 812 1497 856 Nam
1531 813 1790 857 conditiones

152 889 296 940 turpes
330 885 496 940 proprie
519 883 848 927 considerandae
881 887 1019 926 essent
1041 883 1092 926 de
1125 883 1264 927 futuro
1287 895 1334 927 ac
1357 886 1642 940 suspensivae‚
1665 887 1790 941 atque

154 955 398 998 inducentes
430 959 687 1010 compartem
731 954 782 997 ad
817 958 1035 1011 peccatum
1080 953 1247 1011 aliquod
1292 959 1433 998 contra
1468 953 1602 1011 legem
1642 953 1789 998 saltem

152 1028 405 1082 positivam;
439 1030 479 1069 et
512 1024 790 1082 impossibiles
821 1025 1051 1069 sumendae
1083 1029 1222 1068 essent
1265 1027 1378 1068 iuxta
1423 1027 1606 1081 ipsarum
1647 1025 1791 1068 defini-

153 1099 321 1141 tionem.
358 1096 608 1140 Matrimonii
641 1101 780 1140 autem
803 1097 922 1140 favor
954 1098 1139 1140 consistit
1175 1098 1212 1138 in
1239 1096 1544 1152 praesumenda
1575 1095 1791 1140 validitate

153 1169 282 1223 ipsius
317 1169 396 1209 iam
431 1169 647 1221 contracti,
682 1167 814 1210 donec
846 1169 1104 1210 contrarium
1141 1166 1363 1223 probetur3
1403 1170 1443 1210 et
1476 1168 1789 1223 impraesentia-

153 1251 246 1281 rum
280 1237 347 1281 ille
382 1237 676 1294 intelligendus
708 1240 789 1281 sic:
827 1251 876 1281 ne
910 1239 1161 1281 matrimonii
1195 1241 1506 1281 sacramentum
1530 1241 1701 1294 peccato
1733 1236 1790 1280 al·

152 1308 305 1363 ligetur
337 1310 376 1351 in
411 1309 621 1352 causando
669 1321 720 1351 ex
768 1310 922 1352 iustitia
972 1312 1142 1363 statum,
1175 1313 1213 1351 et
1248 1321 1298 1351 ne
1336 1308 1447 1351 idem
1480 1312 1789 1351 sacramentum

150 1384 366 1436 tamquam
401 1393 467 1423 res
501 1379 843 1436 parvipendenda
868 1392 963 1423 cum
989 1381 1079 1422 ioco
1112 1391 1159 1422 ac
1194 1378 1379 1422 illusorie
1413 1383 1626 1422 tractetur.
1652 1404 1705 1409 —
1732 1382 1791 1422 De

148 1450 390 1494 conditione
423 1455 563 1494 autem
596 1452 706 1506 turpi
740 1450 907 1494 additur
942 1452 980 1493 in
1015 1462 1197 1494 canone:
1237 1449 1310 1493 sed
1342 1464 1424 1493 non
1458 1454 1606 1492 contra
1638 1449 1788 1492 matri-

154 1520 286 1564 monii
319 1520 614 1574 substantiam,
639 1534 687 1564 eo
721 1520 831 1578 quod
855 1521 907 1563 de
932 1522 1007 1563 ista
1033 1520 1338 1564 consideranda
1362 1518 1439 1563 sub
1472 1519 1531 1564 n.⁰
1554 1532 1642 1577 seq.
1677 1518 1788 1562 aliud

149 1591 369 1635 diversum
403 1591 594 1646 edicitur,
630 1604 677 1635 ac
711 1591 779 1634 illa
813 1591 998 1634 clausula
1048 1591 1267 1634 confirmat
1311 1592 1616 1634 restrictionem
1649 1589 1791 1634 condi-

150 1664 274 1705 tionis
307 1675 327 1705 a
362 1667 577 1719 comparte
610 1662 917 1718 adimplendae.
954 1662 1083 1718 Igitur
1107 1662 1157 1705 de
1191 1661 1411 1718 multiplici
1445 1661 1683 1705 conditione
1715 1659 1792 1704 sub

154 1733 231 1777 hoc
266 1738 323 1777 n.⁰
358 1746 553 1790 expressa
587 1733 712 1777 edicit
745 1745 906 1777 canon:
953 1746 1033 1790 pro
1082 1746 1163 1776 non
1213 1732 1379 1775 adiecta
1430 1731 1650 1786 habeatur,
1684 1743 1791 1788 quae

155 1803 282 1848 verba
306 1810 400 1847 sunt
423 1804 567 1848 eadem
595 1817 666 1860 per
689 1802 812 1860 Greg.
838 1803 894 1846 lx
926 1803 1129 1858 adhibita,
1152 1816 1253 1860 ergo
1291 1819 1313 1844 α
1338 1808 1506 1860 propter
1536 1804 1789 1846 matrimonii

152 1876 342 1918 savorem
367 1890 387 1915 »
425 1877 483 1918 sic
519 1874 869 1932 praesumendum
904 1879 977 1918 est.

271 1979 537 2015 Rationabilitas
565 1980 861 2026 praesumptionis
887 1981 954 2015 sita
979 1985 1052 2015 est:
1091 1985 1126 2023 a)
1154 1979 1267 2025 quoad
1307 1979 1545 2015 conditionem
1584 1983 1721 2024 turpem
1751 1979 1787 2013 in

148 2050 191 2075 eo
217 2040 307 2085 quod
335 2040 407 2085 ipse
433 2039 634 2075 conditione
665 2039 723 2075 tali
750 2039 961 2074 contrahens
989 2039 1111 2085 pandit
1138 2049 1238 2074 suam
1276 2039 1311 2073 in
1347 2037 1433 2073 illud
1463 2042 1642 2083 peccatum
1669 2037 1791 2074 volun-

153 2103 274 2134 tatem.
306 2098 417 2133 Potest
442 2102 560 2133 autem
588 2098 692 2133 simul
719 2098 877 2133 absolute
896 2097 932 2132 in
952 2098 1217 2132 matrimonium
1245 2096 1455 2137 consentire,
1484 2096 1531 2131 ita
1557 2100 1594 2131 ut
1620 2096 1791 2142 appositio

150 2157 365 2193 conditionis
392 2157 609 2192 solummodo
636 2168 801 2202 magnam
830 2157 1038 2202 firmamque
1063 2156 1223 2201 designet
1249 2167 1349 2191 suam
1388 2166 1469 2200 erga
1497 2159 1677 2200 peecatum
1705 2154 1790 2190 illud

152 2215 392 2258 voluntatem
419 2216 510 2261 quod
538 2216 679 2261 quidem
698 2221 748 2251 est
768 2216 886 2251 minus
906 2227 1066 2262 pravum,
1095 2226 1199 2261 quam
1221 2214 1326 2250 simul
1353 2225 1433 2250 cum
1459 2213 1522 2248 hoc
1549 2213 1672 2248 morali
1700 2213 1792 2248 malo

155 2275 361 2321 pravitatem
387 2275 493 2310 aliam
526 2274 637 2310 fovere
662 2275 830 2320 alligandi
870 2275 1070 2310 huiusmodi
1101 2279 1240 2320 peccato
1273 2276 1535 2309 sacramentum
1575 2271 1790 2309 matrimonii

154 2333 317 2379 illiusque
336 2334 465 2369 vinculi
493 2338 620 2369 ortum.
652 2334 910 2370 Praesumenda
923 2339 974 2370 est
996 2345 1077 2379 ergo
1097 2334 1189 2380 prior
1204 2332 1420 2380 hypothesis,
1448 2331 1558 2366 idest:
1586 2342 1656 2366 non
1675 2331 1731 2376 agi
1750 2331 1792 2366 de

150 2403 233 2428 vera
259 2393 459 2429 conditione
491 2394 704 2440 suspensiva,
733 2393 787 2428 cui
823 2393 1021 2439 ceteroquin
1063 2392 1328 2428 valedicendum
1368 2395 1456 2427 esset
1494 2395 1690 2436 antequam
1720 2401 1794 2426 eve-

152 2452 265 2487 niret:
292 2452 321 2489 [ἢ
351 2453 464 2498 quoad
491 2453 729 2488 conditionem
757 2452 1022 2499 impossibilem,
1049 2456 1189 2488 notetur
1223 2452 1335 2487 iocum
1375 2450 1595 2486 solummodo
1633 2449 1792 2485 adhiberi

151 2511 190 2545 in
216 2511 428 2547 conditionis
454 2512 649 2548 adiectione
674 2523 713 2547 eo
742 2512 877 2548 facilius
902 2512 1162 2547 admittendum
1189 2521 1278 2553 esse,
1307 2521 1414 2556 quam
1453 2514 1489 2545 ut
1515 2508 1731 2545 contrahens
1757 2519 1793 2544 se

148 2575 247 2615 gerat
268 2570 395 2616 pariter
421 2581 503 2615 erga
530 2571 644 2616 ipsum
665 2576 883 2606 contractum
911 2570 1221 2606 matrimonialem.
1252 2568 1398 2605 Proinde
1416 2567 1715 2615 praesumendum
1743 2571 1794 2602 est

151 2628 300 2665 voluisse
328 2629 609 2670 matrimonium,
639 2634 670 2665 et
700 2634 816 2675 postea
843 2629 966 2666 lusisse
991 2628 1205 2664 conditionis
1232 2627 1360 2663 verbis.

270 2686 305 2722 Si
332 2692 449 2722 autem
477 2698 515 2723 ex
543 2688 820 2723 circumstantiis
854 2692 1029 2723 constaret
1066 2686 1156 2723 serio
1193 2686 1372 2732 appositas
1412 2686 1518 2721 fuisse
1556 2684 1789 2729 conditiones,

147 2745 263 2791 quoad
291 2750 428 2792 turpem
457 2757 527 2782 non
554 2752 642 2782 esset
670 2747 885 2782 attendenda
911 2746 986 2782 eius
1013 2745 1224 2793 purificatio,
1247 2744 1333 2790 quin
1361 2744 1474 2790 potius
1500 2743 1788 2788 derelinquenda.

149 2803 188 2840 Si
215 2809 333 2840 tamen
361 2810 526 2841 manente
567 2805 670 2851 priori
713 2805 904 2848 voluntate,
933 2805 1087 2841 conditio
1125 2804 1296 2848 eveniret,
1325 2803 1592 2839 matrimonium
1629 2802 1789 2844 oriretur,
