1971 3261
146 172 215 207 746
591 177 718 202 INDEX
743 176 937 203 CANONUM
961 178 1013 203 ΕΤ
1039 177 1321 204 COMMENTARH

1578 297 1658 321 cm.
1694 299 1776 322 mo.

150 348 206 382 De
233 359 342 382 sacra
366 346 640 381 communione
664 345 916 390 suscipienda
939 345 1080 380 mortis
1105 357 1223 381 causa
1286 372 1295 381 .
1397 373 1405 382 .
1590 349 1661 384 864
1709 350 1779 385 200

150 407 208 441 De
234 412 369 441 sancto
396 406 551 440 Viatico
576 404 626 440 ab
651 404 821 439 infirmis
847 403 1097 449 suscipiendo
1179 433 1185 440 .
1288 432 1295 439 .
1398 432 1406 440 .
1508 433 1516 441 .
1591 407 1662 443 865
1709 409 1778 443 201

150 466 207 500 De
234 465 506 500 communione
532 463 757 509 recipienda
780 474 849 508 pro
875 461 1110 498 diversitate
1132 463 1237 498 ritus
1289 491 1296 498 .
1399 492 1408 501 .
1510 491 1517 500 .
1592 465 1663 501 866

203 607 303 641 ART.
331 605 403 640 III.
432 605 489 641 De
515 608 683 650 tempore
708 606 742 640 et
767 605 847 640 loco
872 615 949 650 quo
973 615 1088 640 sacra
1112 607 1337 641 communio
1361 606 1550 643 distribui
1579 611 1724 655 potest.

154 701 333 736 Oanones
358 701 523 736 867-869.
626 727 633 734 .
737 725 745 733 .
848 726 855 732 .
958 725 966 733 .
1068 725 1077 733 .
1178 726 1186 734 .
1289 727 1297 734 .
1399 727 1407 735 .
1510 727 1518 735 .
1710 702 1781 737 202

151 760 362 805 Inscriptio
387 759 548 794 articuli
574 762 614 793 et
639 758 732 793 ordo
758 769 968 793 canonum.
1031 767 1034 771 ’
1070 784 1078 792 .
1400 786 1408 795 ,
1510 786 1518 794 .

153 819 210 854 De
237 819 298 854 die
324 831 368 854 ac
393 818 489 854 hora
513 817 768 852 ministrandi
793 829 943 852 sacram
967 817 1284 852 communionem
1301 829 1346 853 ac
1372 818 1411 853 S.
1431 818 1522 854 Via-

248 880 372 913 ticum
405 906 413 913 .
517 905 523 912 .
626 905 634 912 .
737 904 744 911 .
848 904 855 912 .
958 904 966 911 .
1069 904 1077 911 .
1179 904 1186 912 .
1291 907 1296 912 .
1401 905 1408 912 .
1510 906 1518 913 .
1593 879 1663 915 867
1712 880 1781 915 203

153 939 210 973 De
231 949 361 973 sacrae
386 937 674 973 communionis
707 936 989 972 distributione
1014 948 1083 982 per
1106 936 1370 972 celebrantem
1396 938 1523 983 quoad

248 997 378 1032 locum
404 1025 410 1036 ,
517 1024 525 1031 .
627 1024 634 1030 .
738 1024 745 1030 .
848 1022 856 1030 .
960 1023 966 1030 .
1069 1023 1077 1029 .
1180 1023 1188 1030 .
1291 1024 1298 1031 .
1402 1023 1409 1031 .
1512 1024 1519 1031 .
1594 997 1666 1033 868
1713 998 1783 1033 205

154 1057 247 1091 Alia
271 1057 437 1091 Decreta
463 1056 508 1090 de
535 1055 818 1090 distributione
845 1066 876 1089 e.
904 1055 1194 1090 communionis
1404 1083 1410 1089 .
1514 1084 1521 1090 .

155 1116 212 1150 De
238 1116 323 1151 loco
348 1115 645 1150 distributionis
671 1126 812 1149 ss.mae
837 1114 1115 1150 Eucharistiae
1183 1143 1189 1149 .
1294 1142 1300 1149 .
1405 1143 1410 1149 .
1514 1142 1522 1149 .
1596 1115 1668 1151 869
1716 1115 1786 1150 206

838 1279 1026 1317 TlTULUS
1051 1279 1106 1315 lv.

799 1376 856 1410 De
886 1375 1152 1410 Poenitentia.

159 1485 241 1520 Can
267 1496 293 1519 n
319 1484 416 1519 870.
520 1510 526 1518 .
629 1510 636 1516 .
740 1510 746 1517 .
851 1511 857 1517 .
961 1509 968 1516 .
1072 1509 1079 1516 .
1182 1510 1189 1516 .
1293 1511 1299 1516 .
1407 1511 1412 1517 .
1516 1509 1524 1518 .
1717 1482 1788 1517 207

150 1544 368 1588 Inscriptio
396 1543 509 1577 tituli
536 1546 576 1577 et
602 1542 688 1577 eius
713 1542 825 1577 notio
851 1542 1041 1576 canonica
1077 1568 1083 1575 .
1188 1570 1193 1576 .
1297 1568 1305 1575 .
1408 1569 1414 1576 .
1517 1569 1524 1576 .
1600 1541 1669 1576 870

410 1683 548 1719 CAPUT
574 1683 604 1717 I.
633 1704 679 1708 —
705 1683 760 1718 De
785 1682 965 1718 ministro
991 1682 1231 1718 sacramenti
1254 1683 1534 1727 poenitentiae.

160 1779 338 1814 Canones
363 1778 532 1814 871-892.
635 1805 642 1812 .
746 1804 752 1811 .
856 1805 863 1811 .
966 1803 974 1811 .
1077 1803 1085 1811 .
1188 1804 1196 1811 .
1299 1804 1305 1811 .
1409 1804 1416 1812 .
1518 1804 1526 1812 .
1719 1778 1789 1811 211

159 1838 335 1874 Schema.
373 1838 500 1883 Caput
525 1837 556 1873 I.
584 1837 641 1872 De
667 1837 852 1872 ministro
878 1837 1115 1873 sacramenti
1143 1837 1417 1883 poenitentiae
1516 1864 1524 1871 .
1719 1837 1789 1872 213

162 1897 415 1932 Coordinatio
441 1908 636 1931 canonum
661 1896 734 1931 sub
761 1896 852 1942 Cap.
881 1896 900 1930 I
969 1926 975 1932 .
1078 1922 1086 1932 .
1188 1923 1196 1930 .
1300 1923 1307 1930 .
1411 1922 1418 1930 .
1521 1923 1528 1930 .
1721 1897 1792 1931 214

162 1956 323 1992 Ordinis
348 1961 523 2001 potestas
549 1957 591 1990 in
616 1956 800 1990 ministro
857 1983 865 1989 .
969 1983 974 1988 .
1078 1983 1085 1990 .
1189 1984 1195 1990 .
1299 1983 1306 1990 .
1409 1983 1416 1989 .
1519 1982 1527 1990 .
1602 1956 1671 1990 871
1722 1956 1792 1990 215

162 2015 456 2050 Iurisdictionis
481 2019 657 2060 potestas
683 2015 724 2049 in
751 2015 935 2050 ministro
969 2042 976 2049 .
1079 2042 1086 2049 .
1189 2043 1196 2050 .
1300 2042 1307 2049 .
1410 2042 1417 2048 .
1521 2043 1528 2050 .
1603 2015 1674 2049 872
1723 2014 1792 2049 216

164 2075 333 2117 Quinam
360 2075 443 2109 sint
469 2074 646 2109 ministri
671 2085 760 2108 cum
787 2074 986 2109 ordinaria
1012 2074 1310 2110 iurisdictione.
1413 2101 1420 2108 .
1523 2101 1531 2108 .
1605 2073 1676 2109 873
1724 2073 1794 2109 217.

163 2134 198 2167 A
228 2144 303 2178 quo
342 2133 565 2167 iurisdictio
602 2133 900 2167 sacramentalis
937 2133 1145 2179 delegatur
1181 2144 1250 2179 pro
1288 2132 1534 2179 quibuslibet

258 2192 557 2237 poenitentibus
638 2222 643 2226 .
748 2220 755 2225 .
859 2219 866 2226 .
969 2219 976 2226 .
1080 2219 1087 2226 .
1191 2220 1198 2226 .
1302 2219 1309 2226 .
1412 2219 1420 2226 .
1523 2219 1530 2225 .
1605 2191 1676 2227 874
1723 2190 1794 2225 219

164 2251 372 2296 Delegatio
399 2251 689 2285 iurisdictionis
715 2251 1013 2285 sacramentalis
1038 2261 1107 2296 pro
1132 2251 1327 2296 religione
1352 2254 1536 2296 exempta
1607 2250 1677 2285 875
1725 2249 1796 2283 220

165 2310 382 2344 Peculiaris
408 2310 631 2344 iurisdictio
657 2321 725 2354 pro
750 2309 1029 2355 religiosarum
1054 2309 1370 2344 confessionibus
1415 2336 1422 2343 .
1524 2335 1532 2343 .
1607 2309 1677 2344 876
1726 2309 1796 2342 222

166 2370 222 2404 De
248 2369 480 2404 idoneitatis
506 2369 687 2403 examine
751 2396 758 2402 .
862 2396 868 2402 .
971 2396 979 2403 .
1082 2396 1090 2403 .
1193 2396 1200 2402 .
1303 2395 1311 2403 .
1413 2396 1420 2402 .
1524 2395 1531 2402 .
1605 2368 1676 2403 877
1725 2368 1796 2401 224

166 2428 488 2473 Circumscriptio
514 2427 804 2462 iurisdictionis
829 2431 900 2462 aut
922 2427 1109 2462 licentiae
1143 2427 1428 2463 audiendarum
1455 2438 1540 2462 con-

261 2487 478 2521 fessionum
531 2516 536 2521 .
640 2514 646 2519 .
750 2515 756 2521 .
864 2514 870 2520 .
974 2514 981 2521 .
1085 2514 1092 2521 .
1195 2514 1203 2521 .
1304 2513 1311 2521 .
1415 2513 1421 2520 .
1526 2513 1532 2519 .
1608 2485 1678 2521 878
1728 2485 1798 2519 225

167 2547 223 2580 De
249 2546 360 2580 modo
387 2545 625 2580 concedendi
652 2546 970 2581 iurisdictionem
994 2546 1069 2581 tori
1095 2545 1397 2581 sacramentalis
1418 2572 1425 2580 .
1528 2572 1535 2579 .
1610 2544 1681 2580 879
1729 2543 1798 2578 226

167 2605 381 2640 Revocatio
407 2608 447 2638 et
473 2605 680 2649 suspensio
706 2605 996 2640 iurisdictionis
1022 2617 1066 2639 ac
1091 2605 1278 2639 licentiae
1315 2615 1383 2649 pro
1420 2615 1542 2639 sacra-

263 2664 426 2697 mentali
453 2663 534 2697 foro
642 2690 648 2697 .
751 2691 758 2698 .
862 2690 869 2698 .
973 2693 979 2698 .
1082 2691 1089 2697 .
1193 2691 1201 2701 .,
1302 2690 1309 2697 .
1413 2689 1421 2697 .
1524 2689 1531 2696 .
1607 2661 1678 2696 880
1727 2660 1796 2695 227

169 2722 312 2756 Norma
338 2721 597 2761 subiectionis
616 2734 708 2768 erga
722 2723 905 2767 singulos
923 2722 1158 2757 sacramenti
1185 2721 1455 2767 poenitentiae
1474 2721 1542 2755 mi-

264 2781 411 2815 nistros
424 2807 432 2815 .
534 2808 541 2814 .
645 2808 651 2815 .
755 2810 761 2815 .
864 2808 872 2816 .
975 2809 981 2815 .
1086 2809 1092 2815 .
1196 2809 1202 2815 .
1307 2807 1314 2815 .
1418 2807 1425 2815 .
1528 2806 1535 2814 .
1611 2779 1677 2814 881
1730 2777 1799 2812 229

170 2839 402 2874 Commissio
432 2840 724 2886 iurisdictionis
749 2852 771 2874 a
796 2841 881 2875 iure
919 2852 988 2885 pro
1026 2844 1256 2885 poenitente
1294 2839 1336 2874 in
1374 2838 1542 2873 articulo

265 2899 431 2932 mortis.
536 2927 542 2932 .
645 2926 652 2932 .
755 2926 762 2933 ,
866 2927 873 2933 .
977 2927 984 2932 .
1087 2926 1093 2932 .
1197 2926 1203 2933 .
1307 2925 1314 2932 .
1418 2925 1425 2932 .
1528 2924 1534 2930 .
1610 2896 1681 2931 882
1729 2894 1799 2929 233
