1971 3261
218 150 291 184 614
614 147 699 181 Lm.
729 147 804 181 ΠΙ.
834 166 845 172 -
873 147 984 181 PARS
1009 146 1040 180 Ι.
1070 166 1083 172 -
1109 146 1166 181 De
1191 146 1456 181 Sam-amentis
1640 146 1733 182 Can.
1762 147 1855 182 1089

215 267 457 325 requiritur
489 269 595 310 sicut
640 268 677 309 in
715 279 851 322 praec.
887 268 976 309 iure
1010 266 1022 287 ¹
1071 264 1320 308 mandatnm
1361 264 1558 323 speciale,
1590 278 1671 322 quo
1705 278 1853 322 nempe

223 342 466 395 procurator
498 339 773 381 constituatur
805 336 942 379 dantis
975 335 1076 379 illud
1125 335 1166 392 a)
1200 335 1256 378 ad
1302 333 1634 378 contrahendum
1679 335 1852 392 supple:

226 410 535 453 matrimonium
582 407 624 464 b)
659 421 749 449 cam
792 411 907 449 certa
937 419 1121 464 persona
1153 406 1547 464 quomodocumque
1579 411 1640 449 ast
1672 407 1852 463 singula·

226 482 326 523 riter
359 490 571 535 expressa,
605 477 645 534 e)
679 477 972 534 subscriptam,
1008 477 1117 534 quod
1150 479 1345 533 supponit
1378 476 1455 520 boc
1490 476 1730 520 mandatum
1764 490 1853 520 ore-

227 554 347 593 tenus
368 551 510 592 datum
538 562 615 592 non
644 548 782 591 valere
806 552 948 592 contra
974 548 1291 606 praecedentem
1316 546 1594 604 disciplinam,
1619 561 1697 590 non
1721 547 1853 590 solum

226 635 251 664 a
286 619 525 672 mandante,
563 624 677 676 parte
713 632 784 675 per
818 619 917 662 illud
954 620 1264 662 matrimonium
1301 618 1521 674 iungenda,
1555 619 1625 662 sed
1660 617 1782 661 simul
1817 623 1856 661 et

226 691 479 734 disiunctive
512 689 553 747 a)
579 689 641 732 vel
664 704 688 732 a
709 688 896 747 parocho
930 689 972 746 b)
996 694 1070 732 aut
1098 688 1331 732 Ordiaario
1355 689 1581 745 designatis
1607 702 1680 744 per
1705 688 1854 732 verba:

226 761 309 805 loci
341 762 382 804 in
419 774 497 818 qao
533 760 777 803 mauritatam
813 760 872 816 fit,
905 760 1092 803 scilicet:
1130 760 1364 803 mandantis
1393 759 1698 816 subscriptione
1731 772 1856 816 appo-

227 832 377 887 nenda,
411 830 451 888 c)
476 831 538 874 rel
571 846 594 873 a
627 829 858 884 sacerdote,
894 844 972 873 non
1005 830 1138 874 solum
1164 830 1339 873 diacono
1366 829 1428 873 vel
1464 830 1657 873 inferiore
1689 829 1855 884 clerico,

226 902 276 946 ab
309 902 519 945 alterutro
553 915 696 945 eorum
736 900 813 945 sub
847 901 993 944 litteris
1041 901 1086 958 a)
1119 906 1157 944 et
1190 899 1230 957 b)
1279 900 1603 957 proximioribus
1650 899 1858 956 deleyato,

227 978 368 1031 utpote
400 973 450 1016 ad
486 978 623 1016 actum
660 972 823 1016 illorum
859 973 994 1015 officio
1026 972 1252 1026 adnexum,
1286 972 1326 1027 d)
1349 971 1412 1014 vel
1445 985 1470 1014 a
1503 970 1661 1014 duobus
1693 970 1857 1023 saltem,

226 1047 280 1088 ita
316 1050 358 1088 ut
392 1044 529 1100 plures
562 1044 848 1098 admittantur,
884 1057 989 1086 unus
1035 1048 1172 1086 autem
1220 1056 1296 1085 non
1342 1043 1531 1096 sufficiat,
1569 1041 1753 1098 testibus,
1787 1044 1856 1099 qui

227 1115 385 1159 habiles
419 1117 507 1158 iure
540 1119 713 1157 naturae
745 1116 826 1157 sint
858 1114 907 1157 ad
944 1113 1021 1157 hoc
1055 1114 1302 1157 testificandi
1341 1126 1502 1156 munus.

345 1184 450 1238 Quia
487 1185 720 1228 mandantis
752 1185 1002 1241 subscriptio
1036 1185 1084 1227 ad
1134 1186 1383 1227 matrimonii
1431 1197 1502 1240 per
1544 1187 1855 1240 procuratorem

230 1255 485 1299 validitatem
519 1260 580 1298 est
613 1257 846 1298 necessaria
880 1254 932 1298 ob
967 1268 1103 1310 praec.
1135 1254 1205 1312 ξω,
1242 1267 1313 1310 pro
1347 1253 1555 1296 nonnullis
1603 1253 1768 1297 casibus
1799 1256 1858 1296 sic

225 1328 368 1370 statuit
399 1328 424 1379 g
459 1328 493 1368 2.
531 1325 575 1368 Si
608 1325 816 1368 mandans
847 1325 1030 1368 seribere
1062 1324 1237 1376 neseiat,
1265 1324 1326 1367 vel
1352 1329 1543 1381 nequeat,
1567 1327 1663 1380 quia
1686 1326 1857 1367 scientia

228 1399 448 1454 respicitur
481 1396 615 1454 quoad
651 1396 859 1440 scribendi
897 1395 1226 1453 possibilitatem,
1276 1394 1316 1452 a)
1352 1395 1396 1438 id
1444 1395 1489 1438 ia
1535 1395 1626 1453 ipso
1658 1393 1858 1437 mandato

227 1467 467 1517 adnotetur,
498 1467 533 1510 id
560 1472 642 1510 est:
670 1472 810 1510 notum
837 1468 907 1510 fiat
931 1481 1004 1523 per
1027 1467 1149 1510 huius
1173 1466 1357 1510 detectus
1381 1466 1721 1519 declarationem,
1757 1465 1797 1521 b)
1820 1471 1858 1508 et

226 1536 339 1580 alius
372 1538 490 1579 testis
524 1536 711 1580 ‹aldatar
743 1539 990 1591 necessario,
1025 1538 1093 1594 qui
1128 1539 1205 1579 erit
1249 1538 1395 1579 tertius
1436 1538 1468 1579 si
1515 1536 1755 1579 mandatnm
1790 1535 1859 1578 fiat

224 1608 277 1651 ad
311 1621 499 1651 normam
534 1610 751 1651 commatis
793 1607 870 1651 sub
906 1608 1038 1651 littera
1073 1606 1116 1664 d)
1154 1612 1307 1663 pi·aec.⁵
1338 1607 1393 1665 §ss
1427 1608 1575 1650 unicus
1616 1609 1648 1649 si
1690 1606 1857 1649 manda-

226 1684 311 1722 tum
337 1679 575 1735 perficiatur
598 1679 648 1722 ad
674 1691 861 1721 normam
887 1678 1098 1722 clausulae
1121 1678 1306 1721 eiusdem
1330 1678 1370 1735 §i
1395 1677 1471 1721 sub
1496 1677 1641 1720 litteris
1670 1676 1712 1734 a)
1738 1675 1776 1734 b)
1807 1676 1858 1733 e),

226 1749 431 1806 huiusque
464 1752 579 1793 testis
612 1755 728 1793 actus
761 1749 1033 1792 describitur:
1069 1749 1140 1807 qai
1182 1749 1222 1805 3)
1258 1749 1530 1806 scripturam,
1554 1748 1691 1791 eidem
1724 1748 1857 1790 notiti-

227 1821 403 1865 candam
430 1820 544 1864 velut
568 1823 674 1873 testi,
708 1820 796 1878 ipse
831 1820 872 1876 b)
897 1834 1058 1877 qaoque
1089 1819 1302 1877 sabsiyaet
1335 1833 1428 1863 cum
1454 1819 1546 1862 aliis
1569 1832 1718 1876 nempe
1741 1820 1859 1876 queis

227 1892 417 1945 additur,
467 1896 506 1934 et
540 1894 578 1934 in
614 1891 676 1934 his
718 1891 883 1935 casibus
918 1893 1218 1947 praescriptum
1254 1890 1291 1945 §i
1325 1904 1413 1934 esse
1449 1893 1678 1933 irritantem
1723 1889 1857 1946 legem

226 1966 388 2005 constat
413 1976 462 2005 ex
488 1961 759 2020 sequentibus
786 1961 945 2005 rorbis:
981 1975 1097 2004 secas
1123 1961 1367 2004 mandatam
1391 1961 1564 2003 irritam
1588 1966 1663 2015 est,
1696 1973 1744 2003 ac
1767 1973 1860 2003 con-

225 2037 449 2089 sequenter
483 2035 791 2076 matrimonium
829 2046 900 2088 per
935 2032 1055 2076 talem
1094 2037 1406 2088 procuratorem
1453 2031 1560 2074 illius
1597 2034 1633 2072 vi
1677 2030 1856 2074 mandati

229 2109 503 2147 contractum.

344 2175 421 2217 Sed
458 2177 551 2231 quia
590 2177 650 2217 ris
686 2174 895 2230 praedicta
931 2176 968 2216 in
1007 2174 1240 2216 mandantis
1278 2173 1499 2225 voluntate,
1534 2171 1661 2214 salvis
1703 2185 1755 2214 ss.
1790 2184 1856 2214 ca-

227 2244 417 2298 nonibus,
451 2250 510 2287 est
545 2247 688 2301 posita,
722 2247 865 2288 statuit
897 2247 922 2298 ἓ
956 2245 992 2288 3.
1029 2244 1084 2299 St,
1110 2249 1335 2301 antequam
1357 2248 1612 2300 procurator
1644 2254 1723 2299 qua
1750 2241 1856 2289 talis,

227 2315 483 2372 proindeque
517 2315 567 2358 ad
604 2315 785 2358 mandati
820 2328 1007 2358 normam
1033 2319 1073 2357 et
1097 2317 1210 2357 iuxta
1244 2328 1296 2358 ss.
1321 2326 1500 2357 canones
1533 2313 1582 2355 de
1618 2312 1686 2355 illo
1721 2317 1763 2355 ut
1790 2324 1856 2354 va—

226 2384 307 2428 lide
341 2390 448 2440 agat,
483 2386 650 2428 nomiae
683 2384 941 2434 vmmtcma's,
975 2398 1098 2442 quem
1125 2388 1407 2440 repraesentat
1443 2397 1514 2440 pro
1539 2383 1607 2425 illo
1637 2385 1856 2439 coniugem

226 2456 383 2499 ducens
416 2456 692 2510 eontraoeerit,
728 2470 808 2513 quo
838 2457 944 2500 sacto
980 2456 1218 2499 mandatum
1245 2455 1393 2498 effectu
1427 2454 1562 2512 quoad
1593 2456 1672 2496 vim
1707 2453 1860 2496 exhau-

228 2529 353 2579 ritnr;
394 2529 468 2569 «si
494 2542 515 2567 »
554 2540 652 2584 ergo
686 2532 803 2570 antea
841 2525 907 2569 hie
938 2526 1106 2583 supple:
1144 2526 1344 2569 mandans
1386 2524 1426 2581 a)
1461 2523 1708 2567 mandatam
1740 2536 1855 2565 revo-

227 2596 402 2650 caverit,
420 2610 501 2653 quo
525 2597 744 2641 deficiente
773 2612 791 2638 c<
814 2599 1123 2640 matrimonium
1146 2596 1282 2639 valide
1306 2609 1384 2639 non
1410 2597 1575 2639 initur»
1602 2595 1708 2649 (can.
1732 2593 1857 2643 1089,

226 2670 251 2721 g
279 2668 315 2721 1,
349 2666 405 2724 b),
441 2673 514 2709 aa!
548 2667 589 2710 ia
625 2667 854 2710 amentiam
887 2666 1100 2717 inciderit,
1125 2672 1164 2710 et
1189 2667 1225 2709 id
1262 2666 1312 2709 de
1337 2679 1446 2708 novo
1471 2668 1508 2707 in
1545 2667 1633 2707 iure
1656 2666 1855 2720 scriptum

225 2743 298 2793 est,
334 2740 429 2795 quia
464 2742 560 2781 tunc
608 2751 835 2782 consensus
885 2737 1200 2781 matrimonialis
1249 2739 1376 2793 ipsius
1424 2737 1682 2779 necessarius
1715 2734 1856 2778 delicit
1923 2766 1939 2797 ᾗ

346 2893 357 2914 1
383 2892 473 2936 Cap.
503 2892 536 2926 9.
566 2892 623 2925 De
650 2891 968 2936 procuratoribus
995 2892 1060 2925 tit.
1094 2891 1149 2934 19,
1179 2890 1264 2924 Lib.
1293 2890 1311 2924 Ι
1339 2890 1378 2924 in
1411 2890 1461 2924 60.
