1971 3261
563 153 778 187 Formulae
803 152 1046 195 facultatum
1073 152 1111 186 S.
1147 151 1186 186 C.
1215 152 1260 186 (Ie
1286 152 1331 185 P.
1361 152 1407 185 F.
1732 152 1804 186 735

165 262 399 319 applicatur
431 265 600 304 extensa
635 260 684 302 ad
721 273 865 303 omnes
913 259 1201 302 Fermularnm
1254 259 1482 313 facultates
1517 262 1590 302 etsi
1625 260 1801 303 admini-

165 324 375 376 strationis
409 335 568 374 tantum
601 335 718 373 actus
753 332 975 386 respiciant
1011 332 1047 372 in
1073 328 1360 385 spiritualibus
1395 329 1457 372 vel
1491 329 1803 386 temporalibus,

166 406 218 446 ita
253 402 362 460 quod
404 417 423 441 «
447 403 646 444 asterisco
680 405 918 443 notantur»
959 400 1173 443 facultates
1206 399 1282 443 sub
1326 402 1497 443 canonis
1533 403 1803 457 praescripto,

165 473 356 530 aliaeque
390 476 603 515 remanent
636 471 713 514 snb
746 474 916 514 canonis
948 473 1208 527 exceptione.

285 578 324 613 ll.
354 576 566 614 Ordinarins
594 577 738 623 insuper
763 578 974 623 supradictis
990 578 1156 612 omnibus
1177 577 1400 613 facultatibus
1420 578 1492 611 sivo
1513 588 1571 623 per
1596 588 1631 612 se
1654 577 1725 612 sive
1744 588 1806 623 per

164 638 251 674 alios
278 638 324 672 uti
354 642 490 671 tantum
521 636 632 671 valcat
659 636 749 670 intra
775 637 856 681 lines
882 647 963 670 suae
989 636 1255 676 iurisdictionis-3
1285 647 1412 680 easque
1437 636 1545 680 gratis
1570 641 1603 671 et
1630 636 1706 671 sine
1732 635 1804 671 ulla

166 697 323 732 mercede
348 701 517 736 exerceat,
546 700 578 730 et
608 696 696 731 facta
724 696 902 731 mentione
927 695 1136 741 apostolicae
1163 695 1404 740 delegationis.

286 792 346 835 Ad
384 805 420 835 n.
457 791 501 834 ll.
539 817 590 821 —
627 791 687 834 Ad
727 796 881 834 rectam
908 790 1224 846 intelligentiam
1255 790 1475 834 verborum
1518 806 1537 830 c(
1562 790 1677 833 (πίνει
1702 790 1805 846 sines

166 877 269 905 suae
301 862 614 905 iuri-§dictionis
637 878 659 902 »
697 862 891 918 equidem
928 859 1156 915 Ordinarii‚
1182 864 1304 904 etiam
1341 861 1507 918 quando
1538 860 1806 904 facultatibus

166 946 273 991 quae
306 933 571 989 subdelegari
608 937 775 988 possunt
811 946 882 989 per
914 933 1017 975 alios
1050 936 1192 986 utitur,
1217 946 1385 975 necesse
1419 937 1476 975 est
1512 932 1715 988 quaedam
1751 945 1801 974 ex

166 1003 318 1049 Codice
351 1005 592 1060 decerpere,
626 1017 720 1047 cnm
758 1003 824 1045 illa
859 1003 1043 1046 clausula
1092 1006 1143 1045 sit
1177 1005 1426 1057 necessaria,
1461 1008 1503 1045 nt
1537 1002 1599 1045 bis
1632 1002 1802 1045 faculta-

167 1074 277 1119 tibus
321 1091 343 1116 «
368 1077 422 1118 nti
462 1074 594 1117 valeat
621 1090 657 1114 D.
692 1100 750 1105 —
782 1074 880 1117 Can.
915 1074 1063 1128 2022}
1097 1074 1120 1116 3
1145 1074 1293 1118 edicit:
1333 1074 1416 1116 «Si
1453 1074 1599 1126 iorum,
1628 1086 1806 1129 proquo

168 1150 346 1202 potestas
378 1146 473 1189 data
507 1150 581 1199 est,
615 1159 858 1201 expressum
885 1158 962 1187 non
990 1146 1121 1187 suerit.
1150 1144 1275 1202 (sicut
1300 1147 1337 1187 in
1365 1143 1601 1201 Formnlis)‚
1627 1149 1808 1200 potestas

165 1217 413 1273 intelligitur
442 1228 637 1260 concessa
679 1229 751 1271 pro
786 1221 961 1274 utroque
997 1218 1126 1258 foro...
1152 1232 1191 1260 )).
1227 1215 1344 1260 Unde
1377 1229 1426 1258 ex
1465 1215 1540 1258 bac
1576 1220 1690 1271 parte
1724 1229 1803 1257 non

164 1292 260 1331 sunt
293 1288 408 1330 lines.
457 1313 493 1316 -
532 1286 610 1330 Alii
646 1287 924 1329 desumuntur
948 1289 1106 1330 ratione
1132 1288 1328 1330 territorii
1355 1286 1459 1330 bene
1482 1288 1805 1342 circumscripti.

285 1358 348 1401 Ad
382 1371 452 1401 eos
495 1358 802 1413 dignoscendos
845 1358 1030 1401 deservit
1081 1371 1170 1401 can.
1208 1357 1304 1408 QOL
1339 1359 1363 1411 ἓ
1398 1357 1444 1401 3:
1484 1356 1611 1400 «Nisi
1647 1357 1802 1399 alind...

166 1434 338 1481 constet,
375 1433 617 1484 potestatem
661 1429 960 1471 iurisdictionis
1012 1429 1288 1471 voluntariam
1339 1441 1409 1473 seu
1461 1427 1804 1470 non-iudicialem

166 1502 291 1558 (sicut
326 1502 363 1543 in
400 1499 687 1543 Fermularnm
726 1499 1012 1557 facultatibus)
1036 1502 1129 1557 quis
1152 1513 1350 1543 exercere
1376 1504 1508 1555 potest
1540 1498 1581 1555 a)
1616 1501 1738 1541 etiam
1766 1501 1805 1540 in

167 1572 379 1627 proprium
415 1570 698 1624 commodum,
723 1569 785 1627 (ut
808 1574 969 1613 constat
993 1583 1042 1613 ex
1070 1583 1205 1626 praec.
1233 1568 1644 1626 Animadversione),
1670 1568 1712 1625 b)
1736 1573 1804 1611 aut

165 1647 282 1685 extra
317 1644 570 1685 territorium
607 1643 804 1696 existens,
837 1640 877 1697 e)
912 1646 982 1684 aut
1017 1643 1055 1684 in
1095 1640 1307 1684 subditum
1344 1655 1365 1683 e
1401 1643 1609 1683 territorio
1658 1640 1806 1683 absen-

166 1718 247 1757 tem
272 1728 313 1767 »,
349 1716 430 1755 imo
464 1727 512 1756 ex
547 1713 576 1770 ξ
612 1713 629 1755 1
672 1717 851 1769 «potest
885 1715 923 1755 in
959 1712 1068 1756 solos
1115 1713 1304 1756 subditos
1342 1713 1500 1755 directe
1550 1714 1808 1755 exerceri».

167 1784 393 1828 Enimvero
428 1784 535 1841 (can.
572 1784 642 1837 94,
674 1786 698 1838 g
732 1784 800 1840 1):
840 1784 982 1828 «Sive
1016 1798 1090 1840 per
1131 1783 1391 1827 domicilium
1439 1786 1528 1826 sive
1564 1797 1635 1839 per
1668 1786 1807 1840 quasi·

166 1855 425 1899 domicilium
460 1854 713 1911 (paroeciale
747 1860 817 1897 aut
850 1854 1166 1911 dioecesanum)
1213 1868 1333 1897 suum
1370 1857 1591 1912 quisque...
1626 1851 1806 1898 Ordina-

167 1928 273 1969 rium
309 1928 494 1969 sortitur.
529 1928 553 1980 ἓ
587 1926 624 1968 2.
663 1926 857 1982 Proprius
885 1928 1022 1982 vagi...
1047 1923 1299 1970 Ordinarius
1322 1930 1426 1969 est...
1451 1922 1703 1969 Ordinarius
1728 1924 1804 1967 loci

167 1999 205 2039 in
240 2011 322 2055 quo
361 2010 491 2054 vagus
529 2001 623 2040 actu
668 2001 953 2040 commoratur
975 2013 1013 2039 ›>.
1052 2023 1103 2027 —
1140 1997 1314 2040 Deinum
1367 1998 1459 2039 linis
1508 1997 1809 2039 iurisdictionis

166 2070 205 2110 in
239 2067 427 2111 subiecto
460 2070 566 2111 sumi
602 2067 727 2111 debet
760 2081 809 2110 ex
845 2068 969 2110 officii
1003 2069 1242 2122 amissione,
1271 2069 1334 2118 cui
1373 2067 1438 2110 illa
1472 2067 1633 2110 adnexa
1669 2071 1728 2109 est
1767 2069 1804 2108 vi

166 2137 385 2182 Fornrulae
420 2141 760 2195 uniuscuiusque.

285 2211 481 2267 Sequitur
514 2212 551 2253 in
577 2211 942 2253 animadversione
968 2209 996 2252 ll
1023 2209 1176 2266 duplex
1204 2214 1493 2266 praeceptum:
1527 2208 1568 2266 a)
1608 2226 1630 2250 «
1653 2222 1807 2265 easque

167 2280 417 2338 (facultates)
449 2283 577 2338 gratis
610 2287 650 2324 et
681 2283 770 2324 sine
805 2281 885 2324 ulla
938 2281 1130 2324 mercede
1164 2286 1360 2324 exerceat
1407 2280 1549 2337 (etiam
1586 2294 1657 2336 per
1690 2280 1804 2331 alios,

166 2352 216 2395 ad
253 2365 355 2408 quos
389 2351 613 2408 prohibitio
647 2351 910 2395 extendenda
936 2351 1030 2408 est),
1066 2350 1105 2408 b)
1129 2356 1165 2394 et
1191 2351 1294 2394 sacta
1323 2351 1530 2394 mentione
1554 2350 1808 2406 apostolicae

166 2422 487 2479 delegationis»
526 2423 891 2480 qualitercumque
926 2435 1137 2478 expressa,
1172 2424 1271 2479 quin
1308 2435 1411 2478 opus
1448 2424 1500 2465 sit
1533 2422 1670 2465 datam
1708 2420 1802 2463 For-

167 2493 304 2537 mulae
337 2494 582 2550 adiungere.
616 2493 700 2537 Nec
736 2496 808 2536 ista
846 2495 1053 2549 pertinent
1085 2493 1135 2536 ad
1171 2495 1359 2536 exercitii
1399 2492 1670 2536 validitatem.

286 2610 341 2646 lll.
370 2611 469 2656 Quod
497 2612 524 2646 si
555 2612 639 2647 sorte
665 2623 706 2646 ezr
731 2611 893 2646 obliuione
918 2611 969 2646 vel
996 2610 1241 2646 inaclvertemia
1270 2611 1359 2646 ultra
1385 2615 1523 2657 tempus
1549 2621 1655 2656 supra
1683 2610 1804 2656 practi-

168 2670 295 2705 nitum.
325 2681 384 2706 seu
413 2671 504 2706 ultra
554 2697 1060 2706 .........
1113 2670 1206 2705 hisce
1237 2669 1459 2716 facultatibus
1497 2668 1726 2705 Ordinarium
1756 2669 1807 2703 uti

168 2728 350 2774 continyat,
377 2729 626 2765 absolutiones.
648 2729 943 2775 dispensationes,
972 2729 1215 2763 concessiones
1242 2740 1364 2764 omnes
1389 2728 1514 2764 exinde
1541 2728 1736 2773 impertitae
1756 2727 1803 2761 uti

168 2791 263 2822 ratae
287 2792 393 2833 atque
420 2788 554 2823 validae
581 2788 788 2823 habeantur.
819 2787 965 2833 lnsuper
990 2786 1079 2822 datis
1105 2788 1149 2822 ab
1181 2786 1372 2823 Ordinario
1407 2786 1558 2834 precibus
1580 2798 1641 2833 pro
1668 2798 1804 2820 renova-

169 2846 256 2881 tione
281 2857 341 2881 seu
382 2847 624 2893 prorogatione
662 2846 864 2882 earumdem
904 2845 1125 2889 facultatum,
1156 2847 1251 2892 ipsae
1286 2847 1321 2881 in
1349 2857 1411 2881 suo
1450 2846 1570 2881 robore
1593 2857 1806 2893 perseverare

102 2952 103 2955 Ἰ
168 2910 391 2947 censeantur,
420 2917 529 2952 usque
553 2907 636 2941 dum
664 2917 871 2952 responsum
899 2904 932 2940 S.
959 2904 999 2941 C.
1027 2905 1070 2941 ad
1097 2906 1259 2942 eumdem
1287 2904 1517 2942 ordinarium
1546 2905 1752 2952 pervenerit.
