1971 3261
155 142 227 175 298
551 139 635 173 LIB.
664 138 737 172 ΙΙΙ.
766 157 780 162 -
805 137 916 171 PARS
941 136 973 170 Ι.
1003 156 1014 162 ·
1040 137 1098 171 De
1122 136 1389 171 Sacramentz's
1508 134 1602 170 Gan.
1627 134 1786 170 913-914

284 275 306 300 «
329 260 372 302 70
407 257 596 310 Praelati‚
620 255 771 314 quibus
805 255 1024 312 privilegio
1048 254 1191 311 Aplco.
1216 254 1309 297 data
1344 258 1403 297 cst
1436 253 1609 297 facultas
1639 266 1785 297 conce-

159 330 285 374 dendi
322 331 358 371 iu
393 327 640 385 quibusdam
674 324 929 369 solemnibus
962 324 1256 369 festivitatibus
1289 338 1361 381 per
1393 337 1547 367 annum
1572 322 1786 379 indulgen-

162 403 238 443 tias
275 399 492 456 plenarias,
527 397 732 441 debentne
765 395 843 440 hac
877 395 1070 439 facultate
1106 398 1161 438 uti
1197 408 1269 452 per
1299 395 1466 438 modum
1511 399 1628 438 actus
1670 395 1790 437 toties

161 473 323 527 quoties
358 469 448 512 talis
480 468 720 511 solemnitas
753 469 948 521 occurrit,
968 479 1018 509 an
1047 479 1144 509 vero
1168 471 1335 522 possunt
1372 467 1490 508 unica
1525 467 1790 508 concessione

163 542 351 585 eamdem
404 539 703 595 indulgentiam
751 537 977 580 extendere
1009 538 1059 580 ad
1099 549 1244 580 omnes
1290 536 1572 579 solemnitates
1622 534 1790 591 periodo

162 624 365 654 annorum
401 610 705 652 recurrentium
739 612 809 650 aut
843 609 881 650 in
918 606 1238 663 perpetuumi..
1263 607 1324 649 Ad
1361 607 1415 649 7¹1¹
1444 605 1706 648 Affirmative
1739 605 1788 648 ad

167 684 339 738 primam
378 684 559 736 partem3
592 678 795 734 Negative
829 678 879 720 ad
914 677 1203 720 secundam».

286 751 382 809 ΞΠ.
418 751 703 796 Benedictio
726 750 922 806 papalis
945 762 1033 805 pei·
1055 750 1273 794 locorum
1298 749 1590 793 Ordinatios
1613 748 1794 792 danda.

165 850 217 853 —
244 822 384 865 Altera
421 819 771 875 indulgentiarum
806 819 956 861 divisio
979 824 1040 861 est
1062 819 1170 875 quod
1205 818 1311 861 aliae
1349 822 1548 861 vocantur
1568 816 1792 875 partiales,

165 895 293 937 idest:
328 892 561 948 aliquorum
611 890 773 933 dierum
808 894 877 932 aut
911 891 1072 932 numeri
1116 889 1496 945 quadragenarum,
1531 889 1651 930 unius
1683 889 1793 943 anni,

169 964 231 1008 vel
268 963 446 1020 plurium
467 974 684 1014 annorum,
710 965 805 1016 etc,
826 960 931 1003 aliae
954 960 1149 1003 dicuntur
1179 958 1417 1017 plenariae,
1440 963 1479 1002 et
1502 958 1647 1002 harum
1673 970 1795 1014 quae-

165 1037 261 1078 dam
297 1033 557 1089 elargiuntur
592 1045 664 1088 per
697 1031 867 1074 modum
903 1030 1088 1074 lubilaei.
1111 1054 1164 1060 —
1185 1030 1259 1072 Per
1293 1029 1571 1085 indulgentias
1605 1028 1796 1085 partiales

166 1106 400 1162 aliquorum
437 1103 616 1157 dierum,
649 1107 724 1145 etc.
762 1103 986 1145 remittitur
1019 1100 1194 1144 lucranti
1229 1113 1298 1144 eas
1329 1099 1514 1143 debitum
1560 1098 1797 1156 temporalis

170 1189 340 1232 poenae,
373 1187 496 1232 quam
532 1172 607 1216 sibi
642 1175 849 1216 minueret
883 1172 1017 1215 tidelis
1051 1185 1123 1228 per
1155 1170 1492 1227 adimpletionem
1528 1172 1796 1226 poenitentia-

173 1260 261 1290 rum
298 1245 645 1301 iniungeudarum
682 1246 795 1287 iuxta
829 1245 1064 1300 antiquatos
1097 1255 1276 1285 canones
1310 1240 1624 1298 poenitentiales
1655 1240 1797 1284 Eccle-

169 1321 268 1371 siae,
302 1320 332 1359 si
369 1316 469 1359 tales
504 1317 777 1371 poenitentias
810 1318 1088 1370 exequeretur
1121 1326 1194 1370 per
1229 1313 1420 1356 eumdem
1461 1325 1678 1355 numerum
1714 1312 1798 1355 die-

173 1402 278 1442 rum,
311 1393 387 1431 etc.
429 1387 502 1429 Per
537 1386 834 1441 indulgentiam
888 1385 1113 1441 plenariam
1164 1383 1364 1427 liberatur
1413 1383 1577 1426 lucrans
1624 1395 1714 1426 eam
1749 1381 1800 1426 ab

170 1462 281 1503 omni
333 1470 462 1515 poena
512 1456 743 1513 temporali,
777 1458 895 1499 cuius
928 1458 979 1498 sit
1010 1456 1118 1511 apud
1154 1454 1283 1497 Deum
1333 1453 1496 1498 debitor
1538 1453 1590 1497 ob
1633 1458 1798 1509 peccata

174 1534 253 1574 iam
288 1530 471 1582 dimissa,
495 1531 547 1571 ita
574 1533 615 1571 ut
647 1529 678 1570 si
715 1527 838 1570 bomo
870 1529 1007 1570 statim
1042 1539 1089 1569 ac
1125 1525 1537 1582 indulgentiamque
1574 1524 1798 1581 plenariam

175 1615 270 1645 vere
306 1601 488 1643 lucratus
521 1601 585 1654 sit,
607 1604 854 1651 moreretur,
878 1611 956 1640 non
984 1596 1274 1654 prohiberetur
1308 1599 1464 1639 ratione
1499 1608 1654 1651 poenae
1686 1597 1803 1638 susti-

174 1672 333 1715 nendae
367 1670 418 1714 ab
453 1673 641 1725 ingressu
677 1671 714 1711 in
752 1682 924 1725 reguum
960 1667 1046 1711 Dei.
1081 1667 1278 1724 Idemque
1322 1666 1545 1710 dicendum
1580 1666 1632 1709 de
1664 1668 1802 1709 anima

177 1743 406 1799 purgatorii
442 1743 479 1783 in
515 1742 633 1783 cuius
666 1740 910 1795 suffragium
945 1739 1129 1794 plenaria
1164 1737 1419 1794 indulgentia
1448 1740 1524 1780 rite
1558 1736 1801 1793 applicetur,

172 1817 205 1858 si
243 1819 379 1857 tamen
406 1812 553 1854 Divina
578 1810 734 1854 lustitia
768 1809 1005 1853 huiusmodi
1040 1809 1358 1865 applicationem
1392 1812 1606 1864 acceptam
1640 1806 1801 1850 habeat.

175 1886 216 1928 In
254 1884 463 1941 praedicto
497 1882 647 1925 effectu
680 1895 823 1924 omnes
857 1881 1138 1936 indulgentiae
1163 1879 1371 1936 plenariae
1394 1879 1802 1932 conveniunt,etiam

174 1967 398 1999 concessae
432 1954 472 1996 in
508 1952 647 2010 forma
682 1951 873 2001 Iubilaei,
897 1964 1003 2009 quae
1037 1953 1202 2007 respicit
1237 1949 1580 2006 promulgationis
1612 1948 1804 1992 solemni-

177 2031 300 2070 tatem
327 2038 375 2068 ac
402 2026 645 2080 praesertim
669 2023 892 2079 ampliores
914 2022 1129 2065 facultates
1147 2022 1407 2064 confessariis
1430 2032 1647 2063 concessas
1670 2019 1803 2076 quoad

178 2100 484 2140 vesei-vatorum
530 2093 831 2137 absolutionem
877 2098 915 2136 et
958 2094 1093 2149 quoad
1137 2093 1482 2135 commutationes
1515 2102 1563 2133 ac
1595 2090 1805 2146 dispensa-

178 2170 321 2212 tiones,

296 2237 505 2293 Speciales
553 2237 835 2293 indulgentiae
884 2236 1092 2293 plenariae
1137 2237 1175 2277 in
1218 2233 1369 2278 Codice
1418 2237 1672 2276 memoratae
1714 2237 1807 2275 sunt

178 2308 222 2365 a)
244 2308 337 2351 data
364 2311 401 2350 in
426 2307 601 2352 articulo
627 2310 784 2362 mortis,
803 2321 875 2351 seu
894 2311 938 2350 ut
955 2309 1008 2350 ait
1033 2319 1122 2350 can.
1143 2305 1240 2359 468,
1261 2306 1285 2358 ἓ
1304 2304 1327 2347 2
1352 2320 1374 2345 <‹
1398 2303 1630 2347 benedictio
1652 2307 1811 2359 aposto·

141 2386 144 2390 '
182 2379 256 2422 lica
292 2392 385 2422 cum
422 2378 677 2434 indulgentia
714 2378 896 2435 plenaria
931 2379 969 2420 in
1005 2375 1180 2420 articulo
1213 2377 1418 2429 mortis»,
1442 2374 1480 2427 b)
1510 2386 1615 2431 quae
1648 2372 1809 2420 adnexa

181 2454 241 2493 est
261 2452 408 2492 missae
426 2449 709 2505 celebrationi,
727 2449 790 2492 vel
809 2450 1062 2492 constituens
1085 2446 1252 2490 «altare
1272 2445 1622 2502 privilegiatum»
1645 2443 1810 2501 quando

181 2524 241 2563 est
276 2520 409 2574 realis,
445 2520 495 2563 de
530 2533 610 2576 quo
646 2525 728 2563 tres
762 2521 866 2562 intra
901 2520 1018 2575 positi
1052 2522 1146 2561 sunt
1179 2529 1372 2571 canones,
1399 2515 1461 2558 vel
1498 2528 1570 2571 per
1597 2530 1619 2555 «
1642 2513 1810 2570 privile-

183 2593 296 2647 gium
331 2590 516 2634 altaris»
546 2590 810 2646 privilegiati,
835 2589 1002 2645 quando
1035 2593 1095 2631 est
1130 2586 1356 2644 personalis
1388 2590 1459 2629 aut
1493 2587 1636 2636 mixta,
1669 2588 1709 2627 et
1741 2584 1810 2627 de-

187 2674 297 2704 mum
333 2660 369 2718 c)
397 2660 462 2703 illa
497 2661 547 2703 de
581 2673 659 2716 qua
695 2662 839 2716 incipit
864 2659 983 2719 ‚loqui
1007 2673 1097 2701 emi.
1121 2650 1222 2701 914.
1248 2655 1586 2700 Benedictionem
1614 2653 1810 2712 papalem

184 2733 242 2774 sic
276 2731 443 2786 dictam,
469 2744 516 2774 eo
550 2731 659 2788 quod
695 2731 816 2774 datur
849 2732 888 2773 in
923 2731 1088 2772 nomine
1121 2733 1160 2771 et
1194 2739 1366 2784 persona
1394 2727 1525 2782 Papae
1558 2737 1606 2769 ac
1640 2724 1812 2781 proinde

186 2803 242 2844 uti
276 2801 327 2845 ab
360 2801 528 2858 speciali
563 2801 839 2858 (lelega10‚ac
873 2814 945 2853 per
977 2799 1054 2843 hoc
1086 2799 1322 2842 distinctam
1357 2796 1409 2840 ab
1440 2796 1531 2840 aliis
1565 2795 1813 2839 benedictio-

186 2872 320 2927 nibus,
355 2874 478 2915 etiam
513 2871 564 2915 ab
597 2871 660 2915 his
693 2884 800 2928 quae
831 2873 937 2914 sicut
970 2872 1046 2914 ista
1088 2869 1240 2913 dantur
1281 2882 1371 2911 eum
1416 2864 1683 2923 indulyentia
1723 2864 1811 2923 ple-
