1971 3261
697 135 783 170 Trr.
812 136 879 170 VI.
908 157 921 162 -
948 137 1004 172 De
1035 138 1180 173 Ordine

1678 141 1748 175 455

120 263 179 299 per
203 251 335 298 aliquot
352 251 437 293 dies,
455 252 491 286 in
511 251 638 298 quibus
662 263 753 288 unus
771 254 894 289 saltem

117 299 191 335 dies
218 299 324 334 festus
349 299 678 340 comprehendatur.

164 348 195 392 §-
217 345 250 380 2.
273 345 464 382 Publicatio
484 346 542 381 fiat
560 346 615 383 die
635 347 719 382 festo
736 346 778 382 de
799 358 894 393 prae-

116 397 215 439 cepto
241 393 276 427 in
303 393 446 429 ecclesia
486 393 577 428 inter
615 393 799 429 Missarum
828 394 892 429 sol-

117 439 248 476 lemnia
281 445 341 475 aut
378 441 447 476 alia
484 440 540 476 die
573 445 606 476 et
644 441 728 476 hora
766 441 894 486 quibus

117 487 227 522 maior
254 487 369 534 populi
398 488 594 534 frequentia
613 488 648 522 in
666 487 812 524 ecclesia
839 489 894 523 ha—

116 534 248 570 beatur.

161 585 181 624 §
207 581 238 616 3.
259 580 294 617 Si
321 592 378 617 sex
408 582 498 617 intra
526 592 663 617 menses
685 582 894 618 candidatus

115 633 292 675 promotus
328 639 397 664 non
427 629 541 670 suerin
570 633 747 675 repetatur
782 629 895 675 publi-

113 676 216 717 catio,
244 675 312 710 nisi
339 676 434 711 aliud
462 674 651 712 Ordinario
674 676 843 712 videatur.

162 722 246 759 CAN.
274 721 354 758 999.
383 743 407 749 -
434 721 567 759 Omnes
607 723 725 759 fideles
762 723 894 769 obliga-

113 770 206 806 tione
216 774 381 806 tenentur
392 770 645 816 impedimenta
657 771 700 806 ad
716 782 833 807 saeros
843 782 893 806 or-

112 817 227 861 dines,
247 817 360 864 siqua
375 819 506 861 norint,
520 816 710 853 Ordinatio
726 818 777 854 vel
795 830 893 865 paro-

111 864 267 901 choante
281 875 416 900 sacram
427 865 688 901 ordinationem
701 866 891 902 revelandi.

161 910 246 948 CAN.
279 910 380 947 1000.
408 933 425 938 -
453 914 472 959 ξ
503 912 530 949 l.
559 912 710 949 rarocho
741 913 800 959 qui
834 925 894 960 pu-

113 958 336 995 blicationem
366 959 508 1006 peragit,
526 965 559 995 et
585 960 691 996 etiam
717 960 792 1002 alii,
811 961 838 995 si
859 961 893 996 id

110 1006 273 1053 expedire
288 1007 456 1049 videatur,
472 1007 684 1043 Ordinarius
698 1008 894 1044 committat

112 1058 149 1089 ut
174 1054 216 1090 de
241 1054 519 1090 ordinandorum
548 1055 703 1090 moribus
726 1060 759 1091 et
778 1055 848 1091 vita
873 1066 894 1091 a

113 1101 179 1137 fide
205 1101 325 1146 dignis
362 1101 549 1147 diligenter
574 1103 746 1149 exquirat,
774 1106 807 1138 et
843 1102 894 1137 lit-

111 1152 202 1184 teras
229 1148 495 1192 testimoniales,
519 1149 631 1196 ipsam
660 1150 894 1195 investigatio-

110 1206 191 1231 nem
228 1200 261 1231 et
301 1196 574 1242 publicationem
613 1197 818 1241 referentes,
847 1197 891 1233 ad

111 1243 254 1279 Curiam
280 1244 510 1279 transmittat.

158 1294 178 1333 ξ
204 1290 237 1325 ⁶2.
268 1289 360 1326 ldem
388 1290 598 1327 Ordinarius
624 1291 712 1327 alias
747 1302 893 1338 percon-

110 1338 261 1374 tationes
287 1338 395 1373 etiam
423 1339 587 1384 privatam,
617 1339 643 1373 si
674 1339 706 1374 id
734 1350 892 1375 necessa-

110 1385 201 1420 rium
216 1390 276 1420 aut
289 1390 526 1432 opportunum
546 1386 764 1429 iudicaverit,
781 1387 892 1422 facere

112 1443 155 1468 ne
181 1432 330 1468 omittat.

1016 254 1102 291 cix.
1135 256 1235 291 1001.
1268 277 1284 282 -
1314 261 1333 299 ξ
1366 257 1393 291 l.
1423 256 1489 301 Qui
1518 258 1561 293 ad
1598 258 1747 304 primam

969 307 1149 338 tonsuram
1177 309 1208 339 et
1247 305 1387 340 ordines
1423 305 1575 340 minores
1613 316 1748 351 promo-

970 350 1075 385 vendi
1105 355 1198 392 sunt,
1224 351 1465 396 spiritualibus
1491 352 1663 387 exercitiis
1692 363 1750 399 per

969 401 1036 431 tres
1063 397 1185 432 saltem
1215 398 1367 443 integros
1393 399 1484 439 dies;
1514 399 1572 445 qui
1602 410 1681 435 vero
1705 400 1748 435 ad

967 443 1106 479 ordines
1133 456 1260 486 sacros,
1279 446 1401 481 saltem
1431 457 1490 492 per
1509 457 1566 482 sex
1595 446 1747 492 integros

967 490 1040 525 dies
1061 497 1204 528 vacent:
1234 493 1291 527 sed
1312 494 1338 527 si
1360 493 1433 538 qui,
1457 494 1547 528 intra
1567 499 1745 533 semestre.

966 538 1010 572 ad
1039 538 1153 585 plures
1180 540 1320 574 ordines
1348 540 1496 576 maiores
1524 542 1747 586 promovendi

968 585 1050 625 sint,
1062 586 1273 621 Ordinarius
1291 592 1401 633 potest
1413 588 1655 623 exercitiorum
1668 593 1750 624 tem-

969 643 1032 677 pus
1049 644 1107 678 pro
1118 633 1338 668 ordinatione
1351 635 1392 669 ad
1410 635 1634 670 diaconatum
1651 636 1749 671 redu-

968 690 1055 720 cere,
1073 691 1141 714 non
1162 685 1277 716 tamen
1301 681 1392 716 infra
1413 686 1480 717 tres
1497 683 1649 727 integros
1663 683 1748 719 dies.

1015 729 1034 768 ξ
1062 726 1094 760 2.
1125 726 1174 768 Si,
1196 728 1341 773 expletis
1367 730 1552 772 exercitiis,
1574 740 1672 765 sacra
1697 741 1748 766 or-

967 772 1101 808 dinatio
1121 774 1273 819 qualibet
1292 776 1333 810 de
1352 788 1455 811 causa
1474 777 1564 811 ultra
1583 782 1749 813 semestre

967 820 1160 861 differatur,
1182 822 1345 857 exercitia
1373 824 1560 864 iterentur.7
1581 834 1682 859 secus
1703 825 1750 860 iu-

967 867 1058 903 dicet
1085 866 1296 904 Ordinarius
1323 875 1438 904 utrum
1480 871 1637 907 iteranda
1662 872 1746 911 sint,

968 925 1092 950 necne.

1015 966 1034 1004 ξ
1061 963 1094 996 3.
1126 961 1215 998 Haec
1254 963 1450 1009 spiritualia
1476 965 1637 1000 exercitia
1674 965 1750 1001 reli-

966 1009 1051 1054 giosi
1081 1015 1249 1055 peragant
1278 1011 1311 1045 in
1342 1012 1479 1057 propria
1505 1013 1607 1048 domo
1632 1013 1682 1048 vel
1712 1013 1745 1047 in

965 1056 1035 1092 alia
1073 1057 1115 1092 de
1154 1058 1315 1103 prudenti
1358 1058 1552 1104 Superioris
1578 1059 1744 1099 arbitrio;

967 1104 1162 1140 saeculares
1190 1116 1269 1140 vero
1309 1106 1343 1140 in
1384 1104 1580 1142 Seminario
1614 1112 1673 1142 aut
1711 1107 1744 1141 in

965 1151 1035 1186 alia
1063 1152 1119 1198 pia
1139 1152 1189 1187 vel
1209 1152 1371 1197 religiosa
1389 1154 1494 1189 domo
1510 1155 1554 1189 ab
1583 1153 1748 1201 Episcopo

966 1199 1162 1244 designata.

1014 1250 1033 1288 ξ
1060 1244 1092 1281 4.
1125 1245 1171 1282 De
1211 1247 1358 1292 peractis
1385 1248 1629 1293 spiritualibus
1655 1259 1747 1283 exer-

965 1292 1057 1327 citiis
1084 1293 1274 1340 Episcopus
1300 1295 1425 1330 certior
1463 1294 1521 1330 fiat
1548 1295 1747 1331 testimonio

965 1338 1163 1386 Superioris
1189 1341 1328 1384 domus,
1358 1342 1393 1376 in
1421 1354 1490 1388 qua
1519 1348 1659 1388 peracta
1679 1343 1748 1378 sue-

965 1387 1057 1429 rint;
1089 1388 1152 1430 vel,
1179 1388 1207 1423 si
1235 1388 1277 1424 de
1304 1389 1476 1434 religiosis
1501 1395 1640 1434 agatur,
1663 1395 1747 1426 atte-

964 1435 1113 1471 statione
1142 1436 1271 1482 proprii
1300 1435 1497 1483 Superioris
1525 1437 1677 1472 maioris.

409 1572 449 1577 —
481 1552 695 1599 propositum
737 1553 962 1599 promovendi
1002 1554 1233 1600 aperiendum
1260 1560 1343 1591 ante
1369 1556 1509 1591 ordina-

428 1600 560 1635 tionem
1537 1601 1625 1638 Can.
1680 1601 1748 1639 99⁶2

709 1695 1032 1742 —eorumquiiure
1065 1717 1115 1756 Ι-
1141 1697 1298 1733 diversae
1323 1697 1520 1733 afferendae
1585 1712 1600 1729 »
1679 1696 1745 1732 993

725 1744 957 1778 saecularium
983 1754 1033 1779 re-

407 1789 676 1825 -t-estimonia-
723 1795 856 1835 guntur
1009 1811 1052 1816 —
1071 1812 1112 1816 —-
1140 1792 1357 1838 supplendae
1384 1794 1437 1828 vel
1473 1792 1534 1828 ite-

428 1837 476 1873 les
492 1837 683 1873 litterae—
1092 1839 1223 1875 randae
1583 1854 1598 1872 n
1678 1837 1746 1875 994

156 1929 269 1976 Caput
288 1930 341 1965 lll.
703 1953 744 1957 —
771 1932 1012 1977 religiosorum
1039 1937 1278 1979 exemptorum
1308 1944 1388 1968 cum
1424 1932 1533 1980 Supe-

133 1977 180 2013 De
206 1978 248 2012 iis
278 1989 366 2024 quae
724 1979 826 2014 rioris
852 1979 1060 2015 dimissoriis
1585 1995 1600 2013 »
1679 1979 1748 2016 995

105 2036 225 2061 sacrae
249 2025 388 2061 ordina*
1096 2054 1133 2061 ¹„

130 2072 214 2108 tioni
233 2074 365 2119 praeire
399 2104 401 2119 ἕ
702 2096 744 2099 -
771 2075 863 2110 cirea
889 2075 1048 2110 ordinem
1077 2075 1341 2121 suscipiendum
1372 2086 1412 2111 ac
1438 2076 1533 2112 theo-

185 2120 313 2156 debent
344 2099 698 2172 ——subeunduml
725 2122 852 2167 logicas
877 2122 1102 2158 tractationes
1584 2137 1598 2155 ι)
1678 2121 1746 2157 996

397 2181 399 2189 ·
425 2178 571 2204 examen
641 2175 697 2194 —·

694 2192 744 2241 Ι-
770 2227 790 2252 a
816 2228 884 2263 quo
912 2216 1080 2263 Episcopo
1107 2217 1349 2267 recipiendum
1584 2232 1597 2249 ι)
1678 2216 1745 2252 997

396 2334 399 2344 ,
699 2331 743 2335 -
772 2310 967 2347 moderatae
997 2311 1111 2357 quoad
1151 2311 1279 2352 locum,
1319 2311 1427 2355 diem,
1467 2312 1532 2347 cir-

396 2369 441 2403 g—
459 2357 671 2392 ordinando-
723 2358 955 2393 cumstantias
1586 2374 1600 2391 »
1679 2357 1747 2394 998

396 2406 398 2435 ῖ
426 2414 504 2439 rum
531 2405 668 2440 denun-

395 2440 399 2468 ⁸
424 2451 593 2487 ciationes
641 2473 683 2477 —
701 2473 743 2477 —
770 2463 849 2488 cum
877 2452 1033 2488 fidelium
1060 2452 1295 2499 subsequente
1320 2452 1533 2498 obligatione
1584 2467 1599 2486 »
1678 2451 1744 2487 999

702 2567 742 2571 —
769 2557 809 2581 ac
836 2546 1067 2582 simultaneae
1093 2547 1135 2583 de
1163 2547 1318 2583 moribus
1335 2552 1368 2584 et
1388 2547 1458 2582 vita
1485 2547 1536 2583 di-

396 2671 443 2712 i—
472 2687 670 2733 spiritualia
695 2689 858 2724 exercitia

722 2594 948 2640 squisitiones

1585 2610 1599 2626 »
1655 2592 1744 2629 1000

1584 2703 1599 2721 n
1658 2688 1741 2723 1001

166 2872 169 2874 -
226 2811 323 2854 369.
360 2814 616 2869 Inscriptio
667 2815 855 2871 Capitis
898 2818 947 2860 et
994 2816 1118 2861 ordo
1168 2829 1424 2861 canonum.
1459 2840 1510 2845 —-
1545 2814 1747 2871 Sequitur

110 2880 246 2939 Caput
281 2881 346 2924 ΙΙΙ
376 2885 643 2940 inscriptum:
682 2883 740 2927 De
772 2885 827 2928 iis
861 2899 968 2943 quae
1013 2885 1203 2929 facienda
1236 2890 1331 2929 sunt
1365 2891 1450 2928 tum
1485 2897 1507 2928 a
1539 2884 1744 2938 subiecto,
