1971 3261
1355 64 1372 73 s

97 123 167 156 222
503 111 585 145 Lm.
613 110 685 144 III.
712 129 724 135 -
751 109 861 147 PARS
886 109 916 144 I.
944 129 956 135 -
983 109 1040 144 De
1065 109 1331 145 Sacramentz‘s
1451 110 1544 146 Can.
1571 93 1725 146 87587‘6

99 243 169 276 nes
200 229 320 272 aliter
342 233 534 282 statuant,
561 232 740 271 attamen
766 227 915 271 domus
939 228 1042 271 infra
1067 228 1364 284 designandae,
1399 228 1599 286 proponit
1631 242 1721 272 0011,-

104 300 325 358 fessarimn
358 301 446 343 sive
482 300 635 355 proprii
669 295 840 343 Ordinis
872 298 1053 357 aliquem
1087 300 1361 355 sacerdotem,
1400 302 1524 343 «sive
1556 313 1577 343 e
1611 299 1722 343 clero

94 370 296 414 saeculari
331 375 401 413 aut
433 369 538 413 alius
573 368 844 425 religionis»,
869 373 989 425 prout
1020 369 1272 426 explicatum
1307 371 1383 414 fuit
1415 372 1454 413 in
1491 383 1626 427 praec.
1660 370 1721 429 ἕο,

60 481 63 488 ,,
96 441 167 499 qai
204 447 341 483 {anien
375 440 712 483 iurisdictionem
750 439 936 483 obtinere
958 439 1075 483 debet
1101 442 1138 483 vi
1163 440 1286 484 huius
1309 444 1478 485 canonis
1501 443 1724 485 asserentis

95 512 305 569 implicite,
325 516 411 554 tum
447 524 525 553 non
550 511 756 562 sufficere,
783 516 825 553 ut
847 510 1044 567 Superior
1077 511 1267 568 designet
1299 513 1611 567 confessarium,
1635 517 1720 556 tum

95 595 169 625 nec
204 596 321 638 posse
355 581 590 624 huiusmodi
617 583 886 637 Superiorem
920 582 1106 624 fortassis
1137 582 1396 625 sacerdotem
1420 587 1490 626 aut
1523 582 1720 626 clericum

93 655 166 695 etsi
202 653 414 709 religionis
447 656 665 708 exemptae
699 651 858 695 laicalis
892 651 1001 695 illam
1037 652 1364 696 iurisdictionem
1391 652 1597 707 tribuere,
1634 654 1723 706 (sed

93 736 171 765 non
208 727 431 766 revocatur
466 722 732 778 privilegium
768 724 1040 777 contrarium,
1087 725 1119 765 si
1161 735 1221 766 «a
1255 723 1362 767 Sede
1396 723 1635 779 Apostolica
1669 724 1726 767 di-

93 798 203 836 recte
236 793 372 837 eidem
408 794 597 849 religioni
630 806 872 836 concessum
908 793 1096 850 fuerit»)
1130 793 1238 851 (can.
1275 794 1372 848 613,
1406 794 1434 852 ἓ
1469 794 1525 851 1),
1558 793 1608 837 ab
1645 793 1722 838 Or-

91 863 263 907 dinario
298 863 390 919 loci,
426 864 470 907 in
503 877 581 921 quo
614 863 819 920 reli'yiosa
851 863 998 907 (Ionias
1031 865 1082 908 de
1106 876 1185 922 qua
1219 867 1355 921 agitur
1387 865 1614 922 reperitur,
1648 879 1725 909 1100

91 948 194 990 opus
226 940 287 978 est
321 937 542 978 memorari
580 936 877 990 poenitentium
913 934 1222 978 distinctionem
1257 935 1485 979 adhibitam
1523 938 1560 978 in
1594 935 1640 994 §⁰
1669 935 1727 991 1⁰,

90 1007 186 1061 quia
220 1008 415 1063 quamvis
447 1010 705 1062 supponatur
762 1007 840 1047 ((111
877 1005 1021 1048 eadem
1057 1005 1180 1048 domo
1213 1007 1496 1049 confessiones
1529 1009 1725 1062 excipi»,

91 1075 191 1119 nihil
227 1078 322 1120 novi
358 1076 492 1134 quoad
530 1075 607 1119 hoc
639 1078 834 1119 statuitur
867 1075 1007 1119 habito
1052 1081 1241 1131 respectu
1275 1077 1325 1120 ad
1361 1089 1451 1120 can.
1490 1077 1587 1133 874,
1620 1077 1648 1135 ξ
1682 1077 1719 1122 1.

212 1148 306 1190 199.
345 1149 616 1194 peculiaris
648 1149 920 1194 iurisdictio
953 1162 1043 1204 pro
1067 1149 1417 1204 religiosarum
1457 1150 1722 1195 confessio-

90 1223 249 1266 nibus.
284 1246 338 1253 —
363 1218 563 1275 Specialis
596 1218 647 1261 de
682 1218 969 1274 religiosarum
1002 1219 1264 1262 confessariis
1296 1221 1406 1262 circa
1430 1218 1579 1262 horum
1604 1221 1723 1262 iuris-

90 1291 313 1334 dictionem
348 1288 661 1332 sacramentalis
695 1289 771 1331 fori
807 1293 868 1332 est
901 1303 991 1331 caii.
1025 1290 1132 1332 876³.
1167 1289 1248 1343 gi.
1285 1287 1491 1332 Beroe-ata
1525 1288 1723 1346 qualibet,

88 1362 197 1419 quod
232 1361 489 1404 adiectivum
523 1359 897 1403 demonstrativum
924 1360 1217 1403 universaliter
1251 1360 1564 1417 intelligendum
1589 1365 1649 1404 est
1673 1361 1724 1404 de

88 1432 308 1476 contraria
341 1431 464 1474 huius
487 1430 523 1485 {³
560 1433 814 1487 praescripto
848 1429 889 1487 a)
921 1430 1184 1490 particulari
1218 1430 1320 1488 leye.
1340 1433 1429 1475 sive
1463 1431 1725 1488 Apostolicae

87 1503 204 1547 Sedis
238 1503 330 1546 data
368 1515 439 1558 pro
473 1502 747 1545 determinata
785 1491 954 1557 regione
991 1502 1054 1545 vel
1099 1501 1380 1558 peculiaribus
1412 1502 1599 1546 coetibus
1634 1515 1723 1559 per-

84 1587 281 1618 sonarum
315 1578 384 1617 aut
419 1575 617 1630 personis,
651 1575 741 1616 sive
767 1586 838 1629 per
877 1573 1115 1616 inferiorem
1156 1576 1446 1617 auctoritatem
1487 1576 1722 1626 constituta,

88 1643 129 1700 b)
162 1658 232 1687 sea
261 1643 500 1701 pricileyio,
526 1643 634 1700 quod
661 1656 712 1686 ex
738 1647 883 1686 natura
907 1656 980 1687 sua
1005 1648 1066 1686 est
1090 1643 1354 1699 particulare,
1379 1646 1572 1701 quamvis
1597 1645 1718 1687 fuerit

84 1715 207 1759 alicui
244 1714 431 1771 religioni
467 1714 624 1757 directe
657 1727 916 1768 concessum,
951 1716 1046 1771 quia
1082 1727 1154 1770 per
1198 1713 1303 1757 113110
1335 1716 1506 1757 canonis
1548 1727 1719 1758 revoca-

84 1788 236 1829 tionem
271 1786 528 1829 demonstrat
559 1783 699 1828 Codex
742 1784 847 1828 velle
884 1789 1155 1842 sequuturam
1191 1797 1380 1828 normam
1415 1798 1504 1828 esse
1551 1787 1721 1828 omnino

87 1856 379 1911 universalem,
404 1869 451 1900 ac
488 1855 615 1899 veluti
643 1855 871 1899 clausulam
905 1855 1127 1912 specialem
1165 1860 1354 1912 respectu
1389 1868 1479 1901 can.
1507 1856 1603 1907 613,
1626 1855 1654 1914 ἓ
1680 1856 1714 1911 1,

83 1930 151 1985 qui
188 1928 360 1984 proinde
395 1941 466 1984 per
499 1927 604 1970 hanc
638 1929 946 1970 revocationem
997 1926 1260 1981 limitaretur,
1293 1929 1324 1970 si
1366 1926 1604 1971 huiusmodi
1641 1930 1720 1984 pri-

87 1999 283 2055 vilegium
318 2000 526 2051 existeret,
575 1998 803 2041 secundum
841 2011 926 2054 reg.
959 1999 1061 2040 iuris
1104 1996 1283 2041 XXXIV
1333 2000 1370 2041 in
1408 1998 1463 2041 60.
1504 2014 1526 2039 «
1558 1997 1707 2042 Generi

84 2084 156 2127 per
188 2072 368 2126 speciem
404 2069 692 2126 derogatur».

199 2141 350 2184 Norina
385 2143 509 2197 igitur
546 2143 688 2197 vigens
721 2140 877 2198 absque
912 2140 993 2184 ulla
1026 2143 1270 2197 exceptione
1294 2153 1400 2198 quae
1438 2142 1622 2184 fortassis
1644 2138 1716 2184 Co-

83 2212 216 2255 dicem
253 2213 538 2267 praecesserit,
574 2211 665 2255 talis
697 2213 798 2255 erit:
832 2210 1071 2255 sacerdotes
1106 2216 1189 2254 tam
1223 2210 1464 2254 saeculares
1499 2216 1584 2254 tam
1616 2210 1716 2254 reli-

79 2282 203 2339 qiosi,
237 2296 335 2338 ergo
385 2284 598 2339 utriusque
631 2282 729 2326 cleri
779 2295 827 2326 ac
862 2282 1034 2338 proinde
1079 2284 1223 2325 novitii
1256 2295 1421 2340 quoque
1468 2282 1706 2326 sacerdotes

81 2352 303 2396 cuiuslibet
340 2353 635 2409 «religionis»
673 2353 722 2396 ad
760 2365 947 2396 normam
982 2365 1072 2397 can.
1108 2353 1206 2406 488,
1244 2353 1298 2407 1⁰,
1334 2352 1518 2396 cuiusvis
1547 2352 1715 2410 yradas

83 2426 156 2467 etsi
192 2423 446 2481 Episcopalis
479 2429 553 2466 aut
585 2423 710 2481 officii
741 2427 879 2477 (etiam
916 2423 1085 2480 parochi
1135 2429 1206 2467 aut
1239 2426 1542 2481 poenitentiarii
1591 2423 1714 2467 colle-

83 2497 219 2551 giatae
257 2494 318 2537 vel
362 2494 630 2551 cathedralis)
666 2508 771 2551 quae
807 2494 932 2538 verba
967 2508 1061 2538 cum
1096 2499 1204 2538 statu
1248 2499 1366 2538 antea
1409 2494 1519 2538 dicto
1562 2497 1711 2538 consti-

85 2570 204 2608 tuunt
237 2565 473 2621 generalem
523 2566 831 2609 distinctionem
864 2565 1164 2609 accidentalem
1199 2567 1382 2608 omnium
1433 2565 1711 2620 sacerdotum,

84 2638 270 2692 exceptis
302 2633 538 2680 Ordinariis
571 2640 656 2679 tum
693 2636 784 2689 loci,
809 2641 894 2679 tum
929 2635 1222 2692 Superioribus
1253 2637 1386 2692 quoad
1426 2635 1622 2679 moniales
1655 2638 1714 2678 eis

82 2705 303 2756 subiectas,
326 2708 422 2763 quia
456 2706 506 2749 (le
541 2704 789 2749 habentibus
822 2710 1064 2762 potestatem
1098 2707 1350 2749 ordinariam
1386 2707 1470 2762 egit
1502 2717 1591 2750 can.
1627 2705 1710 2748 873

81 2779 169 2820 sine
205 2776 282 2819 ulla
310 2776 552 2819 limitatione
575 2776 713 2832 simili,
739 2776 794 2819 ad
823 2775 1104 2830 consessiones
1127 2790 1482 2834 quarumcumque
1501 2775 1710 2833 (verbum

81 2847 335 2904 universale)
368 2846 666 2904 reliyiosaram
691 2847 866 2892 scilicet:
902 2859 1006 2904 quae
1050 2851 1141 2889 vota
1174 2851 1465 2902 nuncuparunt
1499 2848 1537 2889 in
1572 2846 1708 2902 aliqua
