1971 3261
199 157 289 193 Gan.
317 157 475 192 814-515
573 157 655 191 Tm
695 156 768 190 111.
798 177 810 181 -
841 156 894 190 De
920 159 1174 191 sanctissima
1201 157 1456 191 Eucharisticz
1776 158 1842 191 125

204 282 557 333 praesentatur».
596 276 819 332 Propterea
858 275 1142 331 «dicendum,
1178 289 1272 319 cum
1322 275 1371 319 D.
1419 274 1575 318 Thoma
1603 276 1614 296 ²
1649 275 1758 333 quod
1809 278 1839 319 si

201 359 311 405 aqua
344 351 625 403 apponeretur
659 346 770 389 dolio
804 345 889 403 (vel
925 346 1138 401 ampullae
1177 347 1300 402 vino),
1338 359 1415 388 non
1451 346 1661 389 sufficeret
1695 346 1745 388 ad
1793 348 1843 389 si-

201 418 512 474 gnificationem
548 416 671 460 huius
704 418 970 471 sacramenti,
1016 417 1085 459 sed
1131 421 1292 473 oportet
1340 429 1491 474 aquam
1547 419 1641 459 vino
1690 419 1840 472 apponi

202 490 312 532 circa
348 490 480 544 ipsam
515 487 840 531 celebrationem
889 490 1139 533 sacramenti
1167 504 1209 537 »;
1259 487 1439 531 scilicet:
1487 492 1529 530 ut
1575 489 1738 544 proprie
1787 489 1841 530 ait

202 558 325 603 Cone.
360 558 470 602 Trid.
512 561 655 602 «vino
690 561 728 601 in
763 557 893 602 calice
927 558 1138 601 offerendo
1163 574 1201 599 ».
1238 558 1315 601 Sed
1371 574 1391 599 ((
1415 559 1567 601 suflicit
1615 558 1664 601 ad
1704 570 1840 601 sacra-

205 632 329 673 menti
364 629 486 673 huius
518 630 870 685 significationem
905 629 1014 686 quod
1065 631 1269 671 sentiatur
1316 641 1439 685 aqua,
1482 642 1575 672 cum
1621 632 1842 686 apponitur

209 703 318 754 vino,
354 714 433 743 non
467 705 604 744 autem
641 705 803 756 oportet
836 700 946 757 quod
982 702 1033 742 sit
1066 699 1275 743 sensibilis
1309 705 1397 755 post
1424 702 1666 743 mixtionem
1696 717 1729 742 ».
1758 700 1840 742 lmo

207 787 229 812 «
251 773 362 815 circa
396 784 549 827 aquam
583 771 821 814 adiunctam
861 773 968 820 vino,
1003 773 1111 814 sicut
1146 770 1283 814 lnnoc.
1320 770 1366 812 lll
1419 771 1519 814 dicit
1572 773 1608 813 in
1660 771 1839 828 quadam

204 841 459 886 Deci-etati?
495 842 646 899 triplex
691 847 751 885 est
795 844 1003 898 opini03...
1053 842 1171 885 sed...
1215 844 1322 885 sicut
1370 844 1457 897 ipse
1501 842 1614 895 dicit,
1664 842 1839 885 aliorum

201 915 340 969 opinio
375 912 628 969 probabilior
660 917 735 965 est,
770 914 838 969 qui
864 912 1008 956 dicunt
1031 924 1182 970 aquam
1208 914 1396 955 converti
1423 911 1507 968 (vel
1537 917 1578 954 ut
1602 911 1669 954 alii
1700 911 1840 955 volunt

201 982 320 1036 dilui)
355 985 393 1025 in
433 985 590 1036 vinum,
624 987 664 1025 et
702 984 842 1025 vinum
878 984 1010 1037 (iuxta
1046 982 1281 1038 praedictos
1314 995 1408 1025 cum
1444 994 1575 1038 aquae
1618 982 1840 1035 dilutione)

202 1054 240 1095 in
275 1055 535 1109 sanguinem.
572 1052 660 1096 Hoc
693 1057 833 1095 autem
879 1053 967 1096 fieri
1018 1066 1098 1095 non
1149 1057 1299 1109 posset,
1349 1054 1424 1095 nisi
1475 1053 1578 1095 adeo
1631 1053 1839 1096 modicum

201 1129 481 1180 apponeretur
514 1124 565 1167 de
599 1136 706 1181 aqua
741 1123 851 1181 quod
885 1128 1204 1166 converteretur
1238 1125 1277 1166 in
1304 1125 1462 1166 vinum.
1489 1122 1536 1166 Et
1562 1124 1654 1166 ideo
1678 1137 1842 1179 semper

202 1196 329 1237 tutius
362 1200 421 1237 est
456 1207 600 1250 parum
636 1194 686 1237 de
719 1206 826 1251 aqua
875 1207 1101 1251 apponere,
1151 1199 1191 1238 et
1243 1196 1465 1250 praecipue
1513 1196 1545 1237 si
1602 1196 1742 1236 v‘inum
1791 1196 1841 1237 sit

202 1264 352 1319 debile,
386 1267 481 1317 quia
515 1267 547 1308 si
584 1269 696 1308 tanta
732 1266 849 1308 tieret
882 1267 1088 1321 appositio
1123 1277 1256 1322 aquae
1307 1270 1349 1308 ut
1397 1264 1633 1308 solveretur
1682 1267 1843 1321 species

202 1337 303 1389 vini,
339 1349 418 1378 non
456 1340 593 1391 posset
628 1337 771 1392 pertici
803 1340 1114 1379 sacramentum
1141 1352 1179 1381 i).
1214 1335 1272 1379 lta
1306 1335 1353 1380 D.
1387 1335 1567 1379 Thomas
1591 1335 1618 1378 ³.

319 1406 416 1451 121.
453 1408 679 1459 Qualitas
712 1409 856 1464 panis
889 1410 938 1453 et
973 1409 1071 1452 vini
1115 1421 1206 1464 pro
1253 1409 1437 1453 missae
1484 1409 1748 1453 sacrificio.
1785 1433 1835 1437 —

200 1477 319 1521 Panis
352 1482 391 1521 et
428 1479 570 1520 vinum
604 1478 656 1521 de
690 1478 842 1535 quibus
875 1480 960 1533 egit
1010 1478 1264 1534 praecedens
1311 1490 1458 1530 canon,
1509 1478 1842 1521 determinantur

199 1551 239 1592 in
272 1548 351 1593 hoc
385 1563 476 1591 ean.
509 1550 612 1592 815.
646 1551 671 1603 ἓ
705 1552 742 1592 1.
781 1547 911 1591 Panis
945 1548 1062 1592 debe!
1097 1563 1187 1592 esse
1219 1548 1261 1606 a)
1294 1562 1406 1592 mere
1439 1548 1482 1606 b)
1508 1549 1703 1592 triticeus
1731 1549 1843 1592 vide-

200 1618 316 1663 licet:
352 1633 402 1663 ex
438 1621 599 1663 triticeo
633 1632 763 1675 grano
797 1619 889 1663 aliis
923 1633 1001 1663 non
1047 1620 1248 1673 admixto,
1283 1632 1377 1662 nam
1417 1620 1512 1663 «ad
1551 1634 1669 1663 usum
1705 1633 1842 1663 sacra-

200 1694 434 1734 mentorum
470 1693 696 1734 assumitur
730 1690 822 1734 talis
859 1693 1047 1745 materia,
1080 1703 1187 1748 quae
1221 1693 1485 1734 communius
1519 1692 1627 1748 apud
1653 1691 1842 1734 homines

199 1763 238 1804 in
273 1762 397 1805 talem
433 1775 553 1804 usum
590 1763 716 1806 venit.
756 1761 865 1804 lnter
899 1761 1001 1804 alios
1035 1766 1175 1805 autem
1210 1774 1336 1818 panes
1368 1765 1634 1805 communius
1654 1762 1842 1805 homines

198 1836 370 1876 utuntur
405 1844 508 1888 pane
542 1834 729 1883 tritice03
765 1845 862 1875 nam
899 1832 966 1876 alii
1005 1845 1130 1888 panes
1166 1832 1361 1876 videntur
1393 1846 1482 1876 esse
1533 1833 1755 1876 introducti
1803 1835 1839 1875 in

199 1902 321 1946 huius
355 1905 471 1960 panis
505 1903 729 1964 defectum.
778 1902 828 1946 Et
877 1903 970 1946 ideo
1013 1897 1200 1947 Christus
1241 1903 1428 1947 creditur
1471 1906 1509 1946 in
1560 1903 1682 1947 huius
1725 1905 1842 1960 panis

198 1976 336 2030 specie
370 1974 447 2018 hoc
479 1978 790 2018 sacramentnm
826 1976 1070 2027 instituisse,
1095 1976 1164 2029 qui
1190 1976 1314 2018 etiam
1341 1977 1456 2031 panis
1481 1977 1614 2031 magis
1637 1976 1840 2018 confortat

199 2043 429 2099 hominem,
463 2049 503 2088 et
537 2047 590 2088 ita
625 2047 947 2088 convenientius
980 2046 1189 2101 significat
1213 2045 1407 2089 eflectum
1427 2045 1550 2089 huius
1573 2047 1839 2089 sacramenti.

199 2113 248 2158 Et
282 2115 374 2159 ideo
410 2119 574 2172 propria
610 2118 789 2160 materia
823 2116 947 2160 huius
980 2118 1232 2160 sacramenti
1267 2121 1327 2160 est
1363 2119 1478 2172 panis
1502 2118 1688 2159 triticeus
1713 2133 1749 2158 ».
1776 2115 1840 2158 Sic

200 2185 245 2229 D.
295 2185 367 2229 Th.
395 2187 423 2227 ⁴.
465 2184 611 2239 Quoad
665 2189 973 2231 immixtionem
1025 2201 1123 2230 vero
1182 2187 1467 2242 «dicendum,
1517 2186 1626 2244 quod
1680 2187 1840 2229 modica

199 2259 424 2313 permixtio
459 2271 539 2300 non
573 2257 697 2301 solvit
732 2260 931 2314 speciem,
966 2261 1076 2316 quia,
1104 2258 1142 2301 id
1168 2259 1278 2315 quod
1303 2263 1364 2301 est
1388 2258 1616 2313 modicum,
1641 2259 1838 2315 quodam-

201 2328 324 2371 modo
357 2327 592 2373 absumitur
625 2342 647 2372 a
685 2328 877 2386 plurimo.
914 2329 1011 2373 Ideo
1045 2332 1077 2372 si
1112 2331 1164 2372 sit
1213 2329 1376 2372 modica
1425 2329 1627 2372 admixtio
1669 2329 1841 2372 alterius

198 2399 393 2442 frumenti
429 2400 479 2443 ad
531 2399 659 2443 multo
713 2402 914 2443 maiorem
966 2402 1244 2458 quantitatem
1294 2401 1435 2454 tritici,
1493 2402 1642 2456 poterit
1691 2399 1840 2442 exinde

199 2470 346 2513 confici
381 2472 512 2527 panis,
546 2473 615 2527 qui
650 2475 711 2513 est
745 2473 918 2514 materia
953 2470 1076 2514 huius
1109 2473 1358 2514 sacramenti
1404 2471 1491 2525 (sed
1542 2483 1648 2527 quae
1701 2469 1839 2513 illicite

197 2539 469 2584 adhiberetur
487 2554 536 2584 ex
562 2543 734 2584 canonis
759 2541 960 2598 implicita
985 2540 1266 2598 prohibitione
1292 2555 1365 2598 per
1392 2540 1567 2585 verbum
1598 2557 1617 2581 1(
1644 2554 1756 2584 mere
1780 2540 1838 2597 )));

198 2612 230 2653 si
267 2624 365 2654 vero
398 2613 450 2655 sit
483 2624 634 2668 magna
671 2614 910 2669 permixtio,
945 2617 1040 2668 puta
1075 2625 1126 2655 ex
1160 2625 1308 2670 aequo,
1347 2612 1409 2655 vel
1444 2614 1576 2669 quasi,
1612 2611 1703 2654 talis
1747 2625 1838 2667 per-

202 2683 345 2725 mixtio
378 2685 558 2739 speciem
596 2687 756 2736 mutat3
793 2683 901 2726 unde
938 2685 1053 2739 panis
1076 2682 1229 2726 exinde
1252 2683 1466 2726 confectus
1492 2695 1572 2725 non
1598 2684 1674 2725 erit
1700 2682 1837 2725 dehita

292 2810 304 2831 1
331 2809 373 2843 3²2
398 2810 442 2844 P.
473 2823 506 2856 q.
533 2810 698 2845 LXXIV
731 2822 764 2845 a.
793 2811 831 2855 S,
859 2822 963 2855 corp.
992 2815 1032 2845 et
1059 2810 1107 2845 ad
1135 2811 1184 2844 3¹1²
1212 2815 1252 2844 et
1282 2811 1339 2845 1¹11.
1370 2831 1410 2835 —
1438 2811 1450 2832 2
1479 2810 1569 2854 Cap.
1605 2810 1702 2844 Cum
1739 2810 1836 2843 Mar-

198 2855 558 2950 ffag'c‘gsspcelebr'
586 2859 693 2895 miss.
723 2858 811 2902 (111,
843 2858 901 2901 41)
931 2858 981 2892 Χ.
1014 2879 1053 2883 -
1090 2858 1104 2879 3
1131 2858 1220 2892 Loc.
1250 2858 1316 2892 cit.
1360 2878 1403 2882 —
1442 2858 1454 2879 4
1481 2857 1520 2891 3³
1547 2857 1588 2893 P.
1616 2869 1648 2901 q.
1676 2857 1837 2890 LXXIV
