1971 3261
89 190 190 225 Gan.
217 189 285 223 991
671 185 755 219 Τιτ.
773 185 853 241 ¹VI.
874 205 885 209 —
915 185 971 220 De
1001 186 1144 220 Ordine
1657 184 1725 218 453

91 307 208 351 Sedis
226 305 490 362 Apostolicae
525 306 749 360 rescriptis,
780 303 887 346 eale!
920 318 998 361 pro
1031 304 1251 347 ordinibus
1285 319 1444 362 qnoque
1478 305 1723 358 maim-ibae,

91 391 194 435 quos
227 380 414 420 recenset
446 387 537 419 can.
563 374 670 422 949ς
698 373 740 430 1))
765 379 803 416 el
836 373 1106 431 dispens-alas
1139 376 1397 431 simpliciter,
1422 390 1493 418 seu
1521 381 1561 418 ut
1584 390 1724 432 supra,

87 452 222 506 poles!
256 450 561 504 consequenter
593 444 781 488 oblinere
812 444 1024 501 benefic-ia,
1056 452 1172 501 prout
1211 447 1310 489 liaeo
1344 448 1601 490 deliniuntur
1634 460 1723 490 can.

94 518 218 572 1409,
242 529 350 575 quae
370 518 584 574 requirant
616 529 760 558 eorum
785 516 978 559 ordinum
1005 519 1250 559 exercitium
1282 518 1342 559 vel
1373 520 1725 568 consecutionem,

89 589 131 646 a)
166 602 244 631 non
281 586 614 640 consistorialia,
649 600 821 643 nempe:
861 603 882 627 «
906 600 1012 644 quae
1048 589 1085 629 in
1119 589 1371 630 Consistorio
1392 590 1580 631 ‘conferri
1606 587 1725 646 (non)

88 659 266 704 solent»
303 662 408 712 (can.
445 657 572 711 1411,
609 656 671 714 1⁰)
705 657 834 700 eliam
867 663 1018 700 carata
1051 658 1218 714 supple:
1260 674 1278 699 «
1304 659 1491 702 obtinere
1531 664 1660 715 potest
1686 675 1724 713 »,

92 729 131 787 1))
164 728 237 774 sed
278 728 522 772 renuntiari
556 728 684 772 veluti
728 733 914 771 creatum
967 728 1029 771 vel
1077 734 1309 785 promotum
1356 731 1608 773 manifestari
1655 745 1726 787 per

90 803 370 845 necessarium
405 800 443 844 S.
478 799 596 844 Sedis
629 799 926 843 documentum
961 800 1105 857 nequit
1139 801 1180 855 a)
1216 800 1255 842 S.
1297 799 1340 843 13.
1376 800 1424 843 E.
1465 800 1724 855 Farde'nalis,

89 874 158 930 qui
205 876 344 928 utpote
377 871 621 927 dignitatem
657 873 910 914 eminentem
944 869 1149 919 obtinens,
1185 871 1227 928 1))
1261 871 1507 929 Episcopum,
1542 875 1611 929 qui
1658 887 1724 929 pe·

89 943 259 987 culiaris
303 944 482 986 nominis
515 941 779 997 beneficium,
813 942 851 997 c)
884 940 1018 985 Abbas
1063 941 1123 985 rel
1168 942 1392 999 praelatas
1441 943 1614 998 mallim,
1657 946 1725 1001 qui

91 1012 335 1069 dignitatem
353 1024 538 1070 ¹quoque
560 1011 807 1066 obtinentes,
830 1011 1090 1068 singulorum
1116 1012 1250 1055 otlicia
1278 1012 1339 1055 vel
1378 1026 1454 1055 non
1489 1018 1582 1056 sunt
1608 1013 1725 1057 bene-

90 1086 180 1128 ticia
217 1086 384 1141 proprio
417 1097 554 1137 sensu,
592 1082 655 1126 vel
689 1083 741 1127 ob
776 1082 1031 1140 peculiarem
1066 1084 1166 1126 iuris
1199 1084 1517 1141 appellationem
1553 1084 1629 1128 sub
1664 1085 1726 1128 be-

89 1156 335 1199 neficiorum
370 1157 581 1198 communi
618 1157 784 1198 nomine
817 1168 897 1198 non
935 1156 1121 1206 veniunt,
1155 1155 1200 1212 d)
1225 1155 1428 1212 Superior
1467 1155 1619 1209 maior,
1652 1159 1726 1199 etsi

90 1231 250 1270 tantum
285 1225 559 1270 Provincialis
591 1228 696 1279 (can.
733 1226 831 1280 488,
868 1225 944 1281 8⁰),
978 1225 1022 1268 in
1055 1225 1264 1282 reliqione
1297 1225 1488 1268 clericali
1520 1232 1725 1283 eoeempla.

89 1299 158 1354 qui
193 1297 244 1340 ad
289 1296 618 1341 iurisdictionem
652 1296 796 1340 saltem
830 1296 941 1354 quod
975 1299 1121 1340 attinet
1155 1297 1377 1353 praedictis
1410 1295 1644 1341 Ordinariis
1690 1300 1725 1340 in

87 1366 240 1412 Codice
272 1369 584 1425 aequiparatur,
617 1371 679 1411 ast
712 1367 961 1412 beneficium
997 1381 1076 1411 non
1110 1366 1280 1412 obtinet.
1305 1367 1360 1411 Ea
1388 1374 1553 1425 propter
1586 1382 1729 1411 onmes

93 1438 132 1481 hi
167 1439 411 1483 recensendi
446 1439 611 1482 fuerunt
642 1452 839 1496 expresse
872 1441 911 1482 in
946 1441 1207 1496 exceptione,
1241 1442 1436 1497 quamvis
1469 1442 1551 1483 l'ere
1586 1454 1729 1483 onmes

89 1512 128 1552 in
162 1508 415 1554 Consistorio
449 1512 751 1555 renuntientur.
785 1508 931 1563 Quoad
967 1510 1184 1567 religiosos
1216 1515 1355 1554 autem
1389 1512 1647 1568 Superiores,
1673 1513 1726 1555 di-

88 1583 260 1638 spositio
290 1583 581 1638 iuristpraecf
602 1583 713 1626 circa
739 1580 977 1638 illegitimos
999 1582 1260 1638 dispensatos
1281 1595 1303 1627 a
1328 1583 1490 1626 defectu
1516 1583 1729 1637 natalium,

95 1666 145 1697 ne
177 1651 413 1696 obtinerent
446 1652 556 1696 licite
590 1652 871 1696 Praelaturam
907 1655 945 1696 in
980 1653 1196 1710 religione,
1220 1654 1295 1697 suit
1327 1654 1521 1710 ampliata
1553 1654 1602 1697 ad
1630 1657 1727 1697 irre,-

90 1723 324 1780 gularitatis
356 1723 580 1767 cuiuslibet
612 1736 661 1767 ac
695 1724 980 1780 impedimenti
1029 1737 1173 1768 sacrae
1207 1725 1482 1768 ordinationis
1514 1726 1727 1781 dispensa-

91 1796 246 1838 tionem
279 1794 330 1838 ad
367 1796 546 1838 maiores
578 1794 826 1852 religionum
862 1796 1139 1852 quarumdam
1193 1796 1464 1849 praelaturas,
1501 1798 1556 1839 uti
1593 1803 1727 1841 manet

94 1865 368 1909 declaratum.

209 1936 373 1981 Novum
418 1940 602 1982 continet
651 1941 952 1996 praescriptum
1002 1940 1030 1998 ς’
1063 1940 1085 1982 4
1125 1938 1394 1997 Dz'spensalio
1437 1952 1729 1997 quaecumque

90 2010 216 2051 etiam
252 2021 324 2065 per
354 2009 393 2052 S.
430 2009 775 2054 Paenitentiariae
810 2012 1054 2067 rescriptum
1081 2024 1152 2054 seu
1186 2010 1238 2054 ab
1261 2008 1500 2065 Ordinario,
1524 2011 1595 2054 sed
1620 2011 1662 2067 3)
1686 2010 1727 2053 in

89 2077 188 2137 foro
221 2078 390 2124 interno
423 2080 631 2137 explicato
666 2083 704 2124 in
729 2080 1039 2126 Commentario
1072 2081 1228 2125 Textus
1259 2081 1346 2126 Lib.
1373 2081 1402 2124 ll
1437 2082 1488 2125 ad
1513 2095 1603 2125 can.
1633 2083 1728 2136 195,

94 2149 135 2206 1))
168 2163 251 2194 non
283 2151 589 2195 sacramentali
622 2166 831 2206 concessa,
866 2152 1048 2196 scilicet:
1082 2157 1198 2196 extra
1232 2155 1482 2197 sacramenti
1520 2155 1728 2209 poeniten-

92 2223 173 2264 tiae
205 2221 627 2278 administrationem,
659 2223 776 2266 salvo
820 2226 947 2280 igitur
984 2222 1274 2267 sacramentali
1318 2223 1468 2280 sigillo,
1501 2225 1539 2279 a)
1571 2223 1730 2281 scripto

93 2291 364 2348 eonsiqnelur
397 2306 569 2350 nempe:
615 2293 725 2337 illius
757 2294 1079 2350 dispensationis
1111 2296 1325 2337 concessio
1358 2294 1410 2338 ab
1460 2297 1588 2351 ipsam
1624 2295 1727 2338 elar-

92 2364 231 2418 giente
263 2363 408 2407 saltem
460 2378 532 2421 per
564 2364 938 2421 subscriptionem;
975 2365 1018 2419 b)
1052 2371 1091 2408 et
1123 2364 1174 2408 de
1206 2379 1255 2408 ea
1306 2366 1346 2407 ιή
1381 2371 1538 2408 secreto
1576 2364 1731 2408 Furiae

93 2432 144 2476 ad
179 2433 256 2477 hoc
290 2433 398 2478 libro
431 2436 704 2479 custodiendo
730 2436 779 2479 ad
816 2449 1004 2480 normam
1039 2450 1128 2480 can.
1160 2437 1258 2489 379,
1282 2442 1477 2480 constare
1508 2436 1638 2487 debet,
1663 2439 1728 2480 cui

94 2504 266 2560 proinde
295 2506 546 2551 notificanda
584 2512 645 2550 est
667 2520 864 2551 concessa
900 2508 1122 2551 illiusmodi
1148 2508 1414 2564 dispensatio,
1440 2508 1619 2565 indeque
1654 2507 1731 2551 lioc

92 2577 348 2632 praescripto
382 2581 478 2620 sunt
510 2576 680 2634 obligati
717 2579 971 2634 praedictam
1002 2579 1351 2635 dispensationem
1386 2579 1489 2623 dans
1511 2585 1550 2624 et
1582 2579 1731 2623 Curiae

93 2645 283 2688 officialis
315 2647 365 2689 ad
400 2660 523 2703 quem
559 2653 732 2704 spectet.
