1971 3261
171 141 240 175 606
573 137 658 171 Lxss.
687 137 760 170 III.
789 156 801 161 -
828 136 939 171 PARS
964 136 995 170 Ι.
1025 157 1039 162 -
1064 137 1121 171 De
1145 136 1412 172 sacramentis
1485 137 1578 173 Can.
1609 138 1808 173 1083-1084

176 259 375 302 inducere
409 257 458 300 ad
495 256 721 313 pleniorem
761 268 809 299 ac
856 256 1083 298 faciliorem
1133 268 1396 309 consensum,
1429 258 1566 312 potius
1597 269 1723 314 quam
1755 257 1805 301 ad

177 332 311 385 ipsum
346 327 674 371 substantialiter
706 326 778 369 sed
815 324 999 369 invalide
1030 325 1297 370 eliciendum.

292 399 404 442 Inter
437 410 640 454 personae
673 396 896 454 qualitates
929 396 980 439 de
1013 396 1166 453 quibus
1198 401 1309 440 erret
1341 397 1604 445 contrahens,
1639 398 1714 441 fuit
1743 411 1808 441 re-

174 472 330 514 censita
365 468 547 523 libertas,
583 473 622 511 et
654 468 705 511 de
739 480 882 511 errore
906 469 1016 510 circa
1053 468 1280 523 praefatam
1305 468 1710 525 qualitatemedicit
1741 481 1808 512 ca·

175 554 269 596 non,
292 540 401 596 quod
423 539 491 583 ille
511 540 821 582 matrimonium
845 540 979 581 irritat
1010 537 1293 582 solummodo:
1313 537 1362 581 2⁰
1396 537 1447 582 Si
1459 552 1643 596 persona
1662 538 1808 590 libera,

178 614 240 654 vir
263 615 333 654 aut
358 610 521 664 mulier,
546 609 864 652 matrimonium
889 607 1114 652 contrahat
1148 623 1239 652 cam
1268 623 1453 666 persona
1475 624 1599 667 quam
1633 609 1808 653 liberam

171 687 309 738 putat,
333 694 477 725 errans
500 683 610 724 circa
649 682 866 723 servitulis
888 678 1146 737 qualitatem,
1185 694 1276 723 enm
1301 685 1449 723 eontra
1483 680 1582 724 illud
1608 681 1806 724 iudicium

174 753 230 795 sit
262 766 395 808 serva,
431 765 510 795 non
545 754 625 795 iam
663 755 830 808 propter
862 753 1080 794 servitium
1126 753 1191 794 cui
1237 751 1486 807 praestando
1529 765 1578 794 ex
1615 756 1734 808 pacto
1765 766 1809 795 se

174 823 349 878 addixit,
373 823 443 866 sed
478 822 681 865 servitute
701 821 878 879 proprie
898 820 1013 864 a'iela
1046 835 1163 865 more
1187 823 1289 865 iuris
1312 821 1592 865 Romanorum
1628 827 1807 866 attamen

174 894 405 937 secundum
441 894 666 937 hodiernos
690 906 840 948 mores,
867 892 935 936 ubi
960 895 1142 936 servitus
1165 895 1318 949 vigeat.
1355 892 1482 950 ldque
1504 895 1699 949 congruit
1731 896 1807 936 iuri

175 967 375 1010 canonico
424 964 620 1009 Codicem
671 964 840 1021 praeci„
873 966 981 1007 sicut
1028 968 1189 1007 constat
1236 977 1285 1007 ex
1335 976 1424 1020 cap.
1472 964 1567 1008 «de
1615 966 1809 1020 coniugio

174 1049 394 1080 servorum
421 1052 440 1077 ³>
482 1035 566 1092 (tv,
592 1035 635 1093 9)
673 1034 739 1079 ubi
776 1034 912 1078 lnnoc.
940 1034 991 1077 lll
1024 1037 1083 1078 sic
1118 1037 1358 1092 rescripsit:
1399 1050 1418 1075 c<
1443 1035 1504 1078 Ad
1530 1040 1711 1078 nostram
1738 1048 1808 1078 no-

176 1109 287 1151 veris
320 1108 574 1150 audientiam
613 1108 869 1163 pervenisse,
903 1106 1013 1163 quod
1048 1104 1095 1149 G.
1132 1105 1354 1162 Presbyter
1385 1104 1508 1150 Card.
1541 1105 1709 1163 Aplcae.
1743 1106 1810 1150 Se-

174 1178 237 1221 dis
270 1178 449 1233 Legatus
483 1177 528 1220 R.
565 1177 735 1220 militem
771 1189 793 1219 a
829 1176 1003 1219 muliere
1035 1176 1214 1233 quadam
1251 1181 1419 1233 propter
1466 1177 1715 1220 conditionis
1746 1191 1808 1220 se-

175 1252 339 1306 paravit
372 1262 573 1292 errorem.
608 1248 789 1305 Ideoque
825 1247 1316 1304 matulam11S‚quatenus
1354 1249 1385 1290 si
1425 1249 1668 1303 constiterit,
1699 1248 1807 1304 quod

177 1319 294 1363 miles
328 1322 567 1376 ignoranter
600 1321 807 1362 contraxit
841 1331 935 1361 cum
971 1317 1122 1361 ancilla
1157 1317 1298 1375 (serva
1332 1317 1563 1361 secundum
1604 1317 1807 1361 Romano-

177 1404 266 1434 rum
293 1390 387 1447 ius),
408 1393 460 1433 ita
494 1390 604 1448 quod
632 1395 847 1447 postquam
876 1388 1080 1432 intellexit
1111 1388 1391 1432 conditionem
1426 1390 1569 1446 ipsius,
1588 1402 1663 1432 nec
1689 1390 1810 1441 facto,

177 1475 251 1505 nec
288 1461 414 1505 verbo
448 1463 704 1505 consenserit
728 1464 766 1503 in
790 1460 995 1508 eamdem,
1023 1464 1193 1516 propter
1225 1459 1334 1517 quod
1367 1473 1440 1516 per
1473 1458 1592 1504 Card.
1627 1460 1806 1503 eundem

175 1532 226 1576 ab
259 1535 349 1576 eius
383 1533 505 1576 fuerit
548 1534 757 1575 consortio
800 1535 1032 1587 separatus,
1065 1529 1339 1574 contrahendi
1384 1543 1480 1574 cum
1513 1530 1592 1574 alia
1635 1529 1806 1574 liberam

178 1605 252 1660 ipsi
286 1603 492 1646 concedas
525 1604 772 1646 auctoritate
805 1601 950 1657 Aplca.
986 1600 1290 1644 facultatem».

295 1673 392 1718 483.
442 1676 590 1719 Error
627 1675 746 1719 iuris
780 1675 911 1718 circa
944 1674 1279 1729 proprietates
1311 1673 1607 1718 matrimonii
1640 1674 1809 1718 eiusve

175 1746 585 1791 sacramentalem
619 1746 923 1801 dignitatem.
950 1768 1002 1773 —
1028 1741 1154 1786 Error
1187 1744 1297 1786 circa
1333 1743 1545 1799 praedicta
1569 1747 1701 1799 potest
1733 1743 1809 1786 du-

177 1815 338 1872 pliciter
371 1817 504 1858 inesse
537 1817 676 1858 animo
709 1814 1008 1870 contrahentis,
1045 1815 1116 1871 qui
1150 1814 1201 1857 de
1235 1815 1487 1856 matrimonii
1521 1815 1699 1857 essentia
1731 1813 1809 1858 sub

175 1893 277 1929 cam.
303 1886 413 1929 1082
436 1888 458 1942 ξ
484 1885 523 1928 10
547 1886 756 1941 descripta
782 1898 861 1928 non
887 1888 1012 1928 errat.
1041 1883 1110 1928 Vel
1136 1886 1246 1927 enim
1270 1888 1331 1928 est
1355 1886 1463 1928 sicut
1486 1886 1542 1927 ait
1566 1886 1807 1928 ean.1084.

176 1956 365 2014 Simpleoe
397 1970 530 2013 error,
564 1961 768 2014 quatenus
811 1955 1062 2004 contrahens
1105 1957 1418 1999 matrimonium
1452 1968 1532 1998 non
1575 1958 1734 2012 regitur
1768 1958 1805 1999 in

175 2028 378 2072 eliciendo
412 2037 616 2072 consensu
648 2027 700 2071 ab
734 2040 876 2070 errore
910 2026 993 2078 illo,
1028 2026 1117 2070 vult
1150 2028 1260 2070 enim
1295 2025 1394 2069 illud
1429 2025 1658 2080 celebrare,
1688 2031 1809 2083 prout

175 2111 196 2141 a
232 2103 376 2142 natura
412 2104 473 2142 est
506 2098 697 2152 inditum,
735 2100 799 2140 vel
832 2110 854 2141 a
886 2096 1049 2141 Christo
1081 2099 1367 2150 constitutum,
1392 2097 1457 2141 vel
1493 2102 1613 2154 prout
1641 2098 1686 2140 fit
1719 2099 1807 2141 iure

176 2171 282 2212 inter
315 2169 503 2212 homines
536 2170 704 2212 forsitan
739 2168 1001 2223 christianos,
1034 2170 1067 2211 si
1101 2173 1142 2211 et
1176 2170 1262 2225 ipse
1294 2170 1360 2223 sit,
1394 2170 1589 2225 quamvis
1621 2181 1806 2211 errorem

177 2240 419 2295 profiteatur
450 2242 556 2283 sicut
592 2239 780 2283 infideles
811 2239 925 2281 circa
964 2238 1229 2281 matrimonii
1272 2238 1491 2293 imitatem,
1525 2240 1595 2296 qui
1639 2237 1806 2295 plurali-

176 2316 300 2354 tatem
338 2324 512 2353 uxorum
547 2311 780 2362 admittant,
813 2309 877 2352 vel
923 2308 1345 2352 indissolubilitatem
1392 2322 1472 2352 non
1511 2308 1667 2361 credat,
1700 2310 1807 2352 sicut

179 2386 451 2436 protestantes
475 2384 513 2424 in
538 2394 635 2425 casu
669 2380 863 2424 adulterii
896 2380 1069 2423 alterius
1092 2382 1295 2436 coniugis,
1319 2384 1359 2423 et
1381 2378 1528 2423 Graeci
1552 2379 1806 2423 schismatici

176 2457 315 2495 errant
348 2452 482 2509 quoad
533 2452 723 2495 eamdem
759 2452 1001 2508 perfectam,
1035 2456 1109 2493 aut
1156 2449 1509 2493 sacramentalem
1554 2449 1806 2507 diynitatem

176 2523 367 2579 deneget,
399 2525 505 2565 sicut
538 2522 729 2565 catholici
765 2521 959 2565 liberales
985 2521 1215 2565 secundum
1252 2520 1364 2577 leges
1388 2533 1491 2577 quas
1515 2521 1675 2575 ferunt3
1708 2524 1806 2564 tunc

176 2595 284 2636 enim
320 2598 439 2649 prout
473 2605 601 2636 canon
637 2593 873 2648 designavit
906 2605 1106 2640 errorem,
1141 2591 1221 2634 etsi
1267 2591 1333 2636 hic
1380 2590 1450 2634 det
1497 2604 1670 2633 causam
1717 2604 1805 2634 con-

150 2663 348 2713 tractui,
381 2663 566 2706 scilicet:
617 2666 775 2706 ratione
808 2665 869 2706 sui
904 2665 1058 2706 erroris
1105 2662 1155 2706 ad
1204 2661 1535 2706 contrahendum
1586 2661 1816 2707 inducatur

176 2747 320 2777 eorum
369 2733 530 2791 aliquis,
566 2736 634 2791 qui
673 2737 891 2777 veritatem
939 2746 1196 2790 cognosceus
1238 2746 1317 2776 non
1366 2734 1653 2788 consensisset,
1688 2745 1804 2775 error

179 2805 414 2858 praedictus
447 2818 528 2847 non
551 2804 676 2847 vitiat
700 2817 944 2847 consensum
968 2802 1340 2858 niatrimonialem,
1365 2816 1514 2860 nempe
1534 2820 1542 2847 :
1578 2803 1644 2846 hic
1667 2806 1805 2846 manet

181 2889 303 2918 verus
335 2880 375 2918 et
407 2875 567 2918 efficax.
602 2900 655 2905 —
692 2874 760 2918 Vel
796 2888 912 2918 error
946 2874 1013 2918 ille
1056 2876 1168 2918 circa
1212 2875 1463 2924 matrimonii
1508 2875 1801 2930 proprietatem
