1971 3261
135 110 202 143 188
536 109 617 143 [ΑΒ.
645 110 715 143 ΙΙΙ.
743 130 754 135 -
781 110 891 144 PARS
917 110 946 144 Ι.
975 130 984 135 -
1014 110 1070 145 De
1095 110 1360 146 ,st—aeramentis
1481 110 1574 146 Can.
1601 111 1760 147 854-855

134 231 426 272 crastinatione
460 228 645 284 notabili,
680 231 786 272 sicut
819 233 926 271 esset
961 228 1064 272 ultra
1100 235 1262 285 tenipus
1297 229 1501 286 paschale,
1528 228 1602 272 hoc
1619 229 1761 273 (ticino

133 300 219 344 cibo
252 300 513 357 reficiantur.

231 411 308 447 173.
339 415 397 447 De
425 415 616 455 indignis
643 414 843 447 arcendis
871 423 894 446 a
921 423 1044 447 sacra
1071 423 1233 447 mensa.
1263 434 1306 437 —
1333 411 1469 448 Clamat
1496 412 1681 458 Apostolus
1719 413 1761 448 de

134 471 196 506 hoc
223 476 444 506 sacramento
470 471 621 516 corporis
649 468 799 505 Christi:
831 470 934 514 «Qui
963 471 1057 506 enim
1087 471 1277 507 manducat
1302 476 1334 507 et
1366 471 1453 507 bibit
1481 472 1636 516 indigne,
1675 471 1763 507 iudi-

133 530 224 565 cium
252 529 316 564 sibi
347 530 535 564 manducat
561 534 593 564 et
621 529 708 564 bibit
737 541 806 565 non
835 529 1034 565 diiudicans
1060 541 1184 576 corpus
1216 530 1351 565 Domini
1375 545 1389 563 J>
1419 532 1444 566 1.
1470 531 1532 566 llla
1560 530 1659 576 plena
1698 530 1764 566 for-

135 590 278 625 midinis
306 590 409 625 verba
437 590 489 624 ins
518 588 705 634 prohibens
732 589 897 634 indignos
925 589 1105 633 insonant,
1146 590 1201 624 sed
1246 604 1261 622 <‹
1281 590 1371 625 eirca
1410 595 1605 636 peccatores
1638 589 1761 624 distin-

133 649 310 693 guendum
338 653 401 686 est,
430 649 478 682 ait
508 647 542 682 i).
572 647 635 682 Th.
658 648 692 682 2:
723 648 865 693 quidam
893 648 989 683 enim
1016 653 1099 683 sunt
1125 649 1260 689 occulti,
1288 649 1431 694 quidam
1460 660 1538 684 vero
1570 648 1761 690 manifesti,

134 708 265 743 scilicet
294 719 352 754 per
379 708 589 743 evidentiam
613 707 704 747 facti,
723 707 813 742 sicut
835 707 960 752 publici
982 707 1146 750 usurarii⁷
1167 713 1226 742 aut
1247 707 1373 753 publici
1394 712 1561 754 raptores,
1585 707 1636 743 vel
1657 707 1761 743 etiam

136 777 194 812 pei·
219 765 359 811 aliquod
389 764 555 800 iudicium
584 764 856 800 ecclesiasticum
885 764 936 799 vel
965 764 1152 800 saeculare.
1183 764 1378 800 Manifestis
1411 776 1491 809 ergo
1527 765 1764 811 peccatoribus

134 836 204 860 non
232 825 332 860 debet
359 824 463 860 etiam
493 823 690 869 petentibus
716 834 815 858 sacra
840 823 1042 858 communio
1067 823 1187 858 dari...
1218 823 1251 858 Si
1282 835 1361 859 vero
1388 835 1458 860 non
1486 829 1568 858 sunt
1588 822 1762 859 manifesti

138 889 341 929 peccatores.
373 884 433 918 sed
460 883 599 924 occulti,
629 894 698 917 non
740 887 850 928 potest
887 882 936 918 eis
975 883 1174 928 petentibus
1211 894 1308 918 sacra
1345 882 1545 918 communio
1583 882 1760 926 denegari.

136 943 221 978 (jum
249 942 343 977 enim
371 942 518 988 quilibet
545 941 774 982 christianus,
803 952 843 976 ex
870 941 932 976 hoc
960 941 1034 986 ipso
1060 942 1149 986 quod
1178 947 1229 976 est
1266 941 1475 987 baptizatus,
1513 941 1555 974 sit
1590 940 1766 975 admissus

134 1002 176 1037 ad
203 1001 417 1036 dominicam
447 1012 618 1041 mensam,
649 1011 719 1035 non
748 1004 858 1046 potest
883 1000 911 1035 ei
942 1000 994 1034 ius
1033 1011 1133 1035 suum
1171 1000 1256 1041 tolli,
1298 1000 1365 1034 nisi
1406 1010 1466 1045 pro
1503 999 1622 1045 aliqua
1660 1009 1764 1034 causa

136 1061 332 1096 manifesta.
362 1060 459 1096 Unde
485 1071 589 1105 super
617 1059 700 1093 illud
721 1060 753 1092 3:
783 1057 819 1093 Si
845 1059 874 1094 is
901 1059 959 1105 qni
985 1058 1094 1105 frater
1119 1058 1313 1098 nominatur
1351 1058 1438 1094 inter
1473 1069 1525 1093 cos
1559 1063 1640 1098 etc.,
1681 1056 1766 1092 dicit

136 1118 258 1154 Glossa
286 1119 492 1164 Augustini:
522 1118 588 1153 Nos
614 1130 634 1153 a
659 1117 908 1153 communione
935 1128 1147 1163 quemquam
1177 1117 1359 1163 prohibere
1385 1128 1456 1153 non
1486 1128 1680 1163 possumus,
1694 1117 1762 1151 nisi

134 1183 193 1213 aut
219 1183 341 1224 sponte
367 1178 576 1217 confessum,
603 1182 663 1212 aut
690 1177 725 1211 in
745 1178 862 1222 aliquo
882 1177 1010 1212 iudicio
1029 1177 1262 1212 ecclesiastico
1281 1178 1332 1212 vel
1352 1176 1520 1213 saeculari
1541 1176 1764 1212 nominatum

134 1242 238 1283 atque
264 1237 476 1272 convictum.
507 1258 548 1262 —
579 1236 692 1271 Potest
719 1241 837 1271 tamen
865 1235 1038 1275 sacerdos,
1068 1236 1125 1281 qui
1153 1240 1204 1271 est
1231 1235 1391 1271 conscius
1426 1236 1595 1276 criminis,
1633 1235 1765 1270 occulte

136 1308 278 1332 monere
307 1301 517 1342 peccatorem
540 1296 727 1333 occultum„
755 1295 804 1330 vel
833 1295 938 1329 etiam
978 1294 1010 1328 in
1053 1295 1190 1340 publico
1225 1295 1434 1340 generaliter
1471 1306 1606 1335 omnes,
1645 1305 1688 1330 ne
1721 1293 1765 1329 ad

137 1367 292 1391 mensam
324 1355 459 1390 Domini
487 1355 666 1395 accedant,
693 1359 881 1399 antequam
911 1354 952 1389 de
981 1354 1127 1399 peccatis
1157 1354 1356 1399 poeniteant
1383 1359 1415 1389 et
1443 1353 1612 1389 Ecclesiae
1647 1364 1765 1389 recon-

137 1415 325 1454 citientur;
356 1425 437 1449 nam
467 1418 540 1460 post
568 1413 820 1460 poenitentiam
848 1417 883 1448 et
899 1413 1216 1448 reconciliationem
1235 1413 1339 1448 etiam
1360 1412 1509 1458 publicis
1528 1413 1767 1459 peccatoribus

138 1485 207 1509 non
235 1479 286 1509 est
311 1473 512 1508 communio
538 1471 758 1516 deneganda,
790 1472 971 1517 praecipue
1000 1471 1034 1506 in
1062 1471 1208 1506 articulo
1235 1472 1407 1507 mortis».

256 1576 359 1617 Hinc
393 1578 501 1629 patet
534 1575 722 1630 aequitas
756 1572 1015 1615 rubricarum
1037 1571 1114 1615 Rit.
1142 1571 1256 1614 Rom.
1284 1571 1379 1626 (loc.
1405 1574 1472 1615 cit.
1499 1585 1564 1613 nn.
1593 1572 1616 1614 8
1641 1576 1679 1614 et
1703 1571 1763 1628 9),

138 1657 239 1702 quas
271 1644 322 1688 (le
360 1644 486 1687 verbo
519 1644 569 1687 ad
608 1642 779 1686 verbum
804 1644 926 1685 refert
949 1656 1040 1686 can.
1064 1644 1170 1685 855.
1195 1641 1223 1700 ξ
1246 1643 1288 1684 l.
1313 1641 1496 1685 Arcendi
1518 1648 1616 1684 sient
1640 1645 1762 1686 etiam

138 1717 428 1759 auctoritative
462 1713 511 1757 ab
546 1713 838 1767 Eucharistia,
871 1727 943 1756 scu
976 1715 1035 1756 eis
1068 1712 1170 1756 haec
1204 1713 1464 1769 deneganda,
1495 1711 1659 1769 publice
1701 1713 1764 1755 in-

137 1786 269 1843 diqni,
304 1785 449 1843 quales
482 1790 581 1828 sant
630 1784 673 1839 a)
708 1784 1073 1838 eoeconmnnnicati,
1120 1783 1161 1841 b)
1210 1783 1430 1827 interdicti
1479 1786 1644 1840 proprie
1691 1796 1763 1827 seu

139 1857 422 1916 personaliter,
458 1859 622 1914 utrique
657 1855 851 1912 prohibiti
886 1855 993 1912 (can.
1030 1855 1507 1913 2260,§1,⁶2⁶275,20)
1542 1855 1593 1898 ob
1627 1860 1766 1898 contu-

139 1932 314 1972 maciam
350 1931 388 1971 in
425 1933 656 1985 peccatum,
689 1926 729 1983 c)
765 1925 1070 1984 manifestoque
1092 1925 1274 1984 infames
1298 1927 1464 1969 infamia
1490 1927 1585 1969 facti
1611 1926 1661 1969 de
1684 1939 1764 1984 qua

139 1999 319 2056 loquitur
351 2011 441 2042 can.
478 1998 603 2053 2293,
627 1998 655 2056 ξ
679 1998 717 2052 3,
756 2012 776 2038 <c
801 2001 844 2040 ut
877 1999 1130 2051 meretrices,
1149 1996 1447 2051 concubinarii,
1472 1997 1764 2051 foeneratores,

140 2072 262 2126 magi,
297 2070 495 2126 sortilegi,
531 2068 776 2125 blasphemi,
799 2072 839 2111 et
861 2067 927 2111 alii
953 2070 1041 2110 eius
1063 2069 1228 2123 generis
1253 2066 1405 2123 publici
1433 2071 1711 2123 peccatores»
1735 2067 1767 2120 4,

139 2145 177 2183 et
210 2154 303 2183 cum
339 2145 486 2196 agatur
518 2140 569 2183 de
604 2139 803 2183 habituali
837 2143 943 2182 statu
980 2140 1152 2194 peccati,
1184 2137 1315 2180 solum
1351 2139 1580 2194 excipitur:
1616 2137 1701 2180 nisi
1724 2137 1765 2194 a)

139 2211 189 2254 de
235 2225 377 2254 eornm
422 2210 685 2268 poenitentia
736 2224 808 2266 per
856 2210 978 2252 huius
1019 2211 1267 2252 sacramenti
1316 2210 1621 2264 susceptionem
1656 2207 1695 2261 b)
1727 2213 1766 2251 et

140 2281 430 2325 emendatione
469 2287 643 2339 sequuta
671 2281 732 2325 vel
761 2280 1033 2338 praecedente
1057 2285 1228 2331 constet,
1252 2283 1292 2331 c)
1315 2285 1353 2322 et
1373 2278 1539 2337 publico
1563 2278 1765 2322 scandalo

137 2353 259 2411 prius
292 2352 596 2410 satisfecerint,
629 2354 750 2396 sicuti
785 2351 952 2407 obligati
987 2355 1081 2393 sunt
1115 2353 1153 2393 in
1188 2352 1454 2394 conscientia.

258 2425 286 2481 ς’
320 2424 356 2466 ⁶2.
397 2422 590 2467 Occultos
624 2436 718 2466 nero
747 2427 1005 2480 peccatores,
1037 2423 1158 2465 etiam
1195 2420 1246 2464 ob
1280 2434 1405 2464 unum
1442 2425 1599 2464 tantum
1621 2433 1767 2477 pecca-

143 2501 227 2538 tum
261 2508 340 2538 non
375 2494 557 2538 deletum
608 2497 646 2537 in
696 2494 972 2550 poenitentiae
1019 2497 1295 2547 sacramento,
1342 2491 1380 2534 si
1422 2491 1580 2535 occulte
1619 2496 1766 2549 petant

141 2565 286 2623 supple
318 2565 637 2616 Eucharistiam,
670 2570 709 2607 et
742 2578 810 2607 eos
842 2577 925 2606 non
948 2562 1188 2606 emendatos
1212 2562 1431 2620 aqnovei‘it
1454 2576 1529 2606 ceu
1554 2567 1768 2605 manentes

142 2640 181 2680 in
217 2641 398 2693 peccato,
432 2636 627 2679 minister
658 2648 800 2679 sacrae
833 2636 1137 2678 communionis
1184 2636 1319 2677 sciens
1362 2646 1505 2676 eorum
1550 2639 1765 2690 peccatum

141 2713 258 2752 extra
291 2707 470 2764 sigillum
505 2706 820 2760 sacramentale,
853 2704 1034 2763 repellat
1066 2717 1087 2748 a
1126 2717 1242 2748 sacra
1267 2716 1432 2758 inensa3
1458 2717 1538 2747 non
1563 2703 1764 2746 autemid

250 2815 261 2836 1
290 2815 308 2847 1
336 2813 383 2847 ad
410 2813 589 2848 Corinth.
618 2812 690 2857 XI,
718 2813 776 2846 29.
807 2833 847 2836 —
875 2811 889 2833 ²
916 2811 958 2845 3³
984 2810 1026 2845 P.
1052 2823 1088 2857 q.
1117 2810 1269 2845 LXXX
1295 2821 1326 2844 a.
1353 2809 1374 2843 6
1400 2820 1502 2854 corp.
1535 2829 1575 2834 —
1602 2809 1616 2831 3
1640 2808 1660 2842 Ι
1678 2807 1764 2843 Cor.

143 2861 185 2900 V,
215 2862 270 2895 11.
309 2881 352 2886 —-
378 2862 401 2895 4.
429 2861 510 2895 Rit.
538 2861 648 2895 Rom.
678 2861 750 2894 loc.
779 2859 847 2894 cit.
876 2872 915 2895 n.
945 2859 980 2893 8.
