1971 3261
127 133 196 166 442
536 132 621 165 Lm.
649 131 721 165 III.
751 152 763 156 -
791 132 901 165 PARS
926 130 957 164 Ι.
987 151 999 156 -
1026 131 1083 166 De
1108 131 1373 167 Sacramentz‘s
1564 131 1657 167 Gan.
1683 132 1752 168 987
1823 131 1826 133 ’

129 251 321 308 religiosi,
356 253 444 294 sive
492 249 647 303 clerici,
681 263 761 293 non
801 252 914 306 prius
956 249 1008 293 ab
1051 249 1128 293 boc
1178 249 1473 306 impedimento
1519 249 1756 306 dispensati,

128 327 165 377 a)
198 321 253 365 acl
285 321 553 365 ordinarium
587 320 776 363 militare
808 320 1043 371 servitium,
1074 319 1255 364 scilicet:
1294 322 1522 364 «3611νο10
1548 335 1568 361 1)
1607 321 1645 362 10
1680 319 1756 362 De-

127 399 239 438 creto
278 397 468 435 vocatum
504 405 576 448 pro
610 404 725 434 more
759 392 991 447 regionum,
1014 391 1084 434 sed
1122 392 1257 434 minus
1289 392 1466 447 proprie,
1494 390 1646 448 «quod
1682 391 1756 445 ipsi

127 466 318 521 primitus
349 463 399 506 ad
434 462 624 505 militiam
659 463 794 505 vocati
827 461 877 504 ad
915 475 1040 505 unum
1079 461 1140 504 vel
1183 461 1321 518 plures
1368 474 1496 505 annos
1545 465 1755 517 praestare

129 534 323 579 debent»
364 533 405 591 b)
441 533 556 576 civili
590 532 679 590 leqe
717 532 913 591 equidem
960 532 1164 576 adversus
1210 534 1515 575 immunitatem
1564 531 1758 575 66616313-

127 609 273 650 311630]
309 604 507 662 implicite
541 607 580 647 in
613 617 705 648 can.
740 603 838 651 141,
871 605 978 647 sicut
1012 602 1165 646 ibidem
1201 603 1357 646 dictum
1392 608 1466 656 est,
1492 603 1758 657 vindicatam,

129 675 169 733 6)
188 675 518 733 adstrinquntm·
537 674 681 718 morali
708 676 968 725 necessitate,
989 673 1242 730 ubicumque
1267 672 1330 716 lex
1357 675 1517 729 vigeat,
1543 686 1621 716 non
1642 674 1674 715 si
1694 671 1761 715 de-

129 748 240 791 ficiat
263 759 391 790 unum
416 745 650 789 alterumve
675 745 1000 802 praedictorum,
1024 758 1060 787 V.
1081 757 1141 800 gr.
1161 746 1194 787 si
1218 742 1480 787 subeundum
1505 745 1556 786 sit
1578 748 1761 786 extraor-

129 817 336 861 dinarium
381 818 598 859 servitium
633 817 708 859 etsi
743 814 942 872 peculiari
976 814 1069 870 lege
1103 816 1402 871 praescriptum
1447 817 1632 870 tempore
1666 812 1761 857 belli

129 887 266 931 aliave
298 887 348 930 de
380 899 519 939 causa,
556 886 619 929 vel
654 888 685 929 si
720 887 813 943 quis
845 898 867 928 3
901 884 991 942 lege
1024 884 1223 928 ordinarii
1257 886 1417 928 servitii
1462 888 1680 940 exemptus
1710 885 1763 927 sit

130 961 245 1002 iuxta
278 957 390 1000 illam
424 956 607 1015 qualibet
641 970 692 1000 ex
726 968 866 1000 causa.
900 980 957 987 —--
988 954 1183 1012 Alioquin
1229 955 1428 1011 praedicti
1463 953 1514 998 ab
1547 953 1762 998 ordinibus

130 1028 415 1085 impediuntur
438 1033 663 1086 anlequam
685 1026 796 1070 illud
817 1043 840 1068 «
862 1027 1121 1070 ordinarium
1147 1025 1325 1069 militare
1347 1027 1565 1069 servitium
1591 1040 1611 1066 ))
1638 1037 1763 1081 supra

131 1099 387 1143 declaratum
431 1098 691 1157 expleverint
735 1098 785 1142 de
830 1099 951 1153 fact0,
987 1099 1061 1141 etsi
1105 1101 1199 1140 ante
1237 1095 1414 1153 legalem
1463 1100 1655 1150 aetatem,
1687 1108 1763 1138 nec

130 1170 280 1214 sufficit
313 1170 423 1227 quod
458 1169 629 1213 dilatum
666 1171 704 1212 in
738 1168 849 1212 aliud
885 1172 1048 1224 tempus
1091 1168 1213 1210 fuerit
1245 1181 1293 1210 ex
1331 1167 1570 1210 infirmitate
1611 1165 1761 1223 aliqua,

132 1240 198 1284 vel
232 1240 354 1297 legali
389 1243 560 1295 motivo,
595 1243 706 1284 iuxta
741 1243 983 1297 sequentem
1025 1238 1351 1282 declarationem
1386 1237 1536 1281 Pont.³⁹
1568 1235 1761 1281 Commis.

131 1311 182 1355 ad
201 1309 316 1355 Cod.s
334 1317 439 1355 630.“
461 1311 572 1356 auth.
593 1310 926 1367 interpretandos
949 1309 986 1354 ¹:
1015 1325 1038 1350 (ι
1061 1309 1099 1353 1.
1118 1308 1263 1353 Utrum
1289 1307 1338 1352 ad
1365 1320 1531 1351 sensum
1555 1319 1644 1350 can.
1665 1306 1762 1361 987,

131 1395 170 1425 n.
197 1383 234 1436 5,
270 1382 456 1438 impediti
491 1384 570 1425 31111
601 1383 672 1438 qui
705 1381 756 1424 ad
792 1380 982 1424 militiam
1017 1380 1153 1423 forsan
1190 1377 1468 1434 vocabuntur,
1489 1377 1559 1421 sed
1585 1377 1637 1421 de
1660 1378 1764 1420 facto

132 1453 314 1496 nondum
350 1457 443 1496 sunt
481 1454 629 1506 vocati,
666 1451 729 1495 vel
763 1453 859 1509 quia
896 1455 1029 1494 aetate
1063 1452 1243 1506 impares
1280 1453 1388 1503 sunt,
1424 1448 1488 1492 vel
1523 1449 1634 1505 quia,
1667 1459 1764 1490 exa—

132 1525 242 1566 mine
278 1528 387 1567 recte
421 1528 601 1580 peracto,
636 1522 686 1566 ad
721 1527 886 1579 tempus
919 1520 1122 1564 inhabiles
1154 1525 1247 1564 sunt
1281 1519 1495 1563 declarati.
1519 1518 1666 1575 Resp.:
1702 1517 1763 1562 Ad

133 1592 187 1635 1¹¹¹
222 1593 483 1636 Affirmative
510 1609 547 1636 ».

253 1664 350 1708 361.
386 1665 459 1710 De
501 1666 780 1721 neophytis.
819 1689 872 1694 --
915 1664 982 1707 Sic
1025 1665 1190 1720 proprie
1233 1662 1496 1720 appellantur
1533 1665 1766 1705 «recenter

135 1733 326 1791 baptizati
362 1737 399 1777 11]
435 1740 570 1778 361316
603 1734 809 1778 adulta».
841 1733 965 1779 Cone.
984 1734 1071 1778 Nic.
1099 1734 1244 1778 16311.ὃ
1278 1734 1301 1776 ⁶2
1337 1738 1449 1777 vetat
1481 1746 1552 1776 eos
1583 1732 1767 1776 ordinari

134 1807 173 1848 in
208 1807 424 1862 episcopos
457 1810 496 1848 61.
528 1806 779 1860 3366100163,
815 1803 939 1850 Conc.
974 1804 1216 1849 Arelatense
1251 1804 1284 1847 ll
1316 1816 1406 1848 can.
1443 1803 1458 1846 1
1499 1805 1538 1846 in
1572 1803 1769 1847 diaconos

133 1880 173 1919 et
205 1876 457 1931 sacerdotes,
491 1875 614 1920 Conc.
649 1876 895 1920 Sardicense
940 1888 1031 1919 630.
1067 1875 1119 1918 13
1165 1877 1204 1918 10
1239 1877 1469 1932 episcopos,
1505 1872 1770 1930 presbyteros

135 1952 172 1990 et
207 1947 416 1990 diaconos.
450 1945 714 2004 Quamquam
751 1960 851 1990 vero
884 1959 1064 1991 canones
1088 1947 1139 1990 de
1161 1946 1252 1990 aliis
1276 1944 1539 1989 interioribus
1571 1944 1769 2001 gradibus

134 2031 368 2061 sermonem
405 2031 483 2061 1101]
519 2017 713 2069 habeant,
746 2023 883 2061 tamen
919 2022 1079 2061 certum
1115 2022 1188 2066 est,
1222 2016 1367 2060 saltem
1408 2018 1445 2058 10
1482 2015 1680 2058 hodierna
1713 2014 1770 2057 di-

134 2087 321 2144 sciplina,
343 2087 598 2145 neophytum
625 2101 700 2132 nec
725 2088 816 2131 illos
850 2090 1036 2144 recipere
1070 2089 1265 2144 potuisse,
1288 2100 1383 2130 cum
1406 2088 1485 2130 sint
1511 2086 1769 2142 praeparatio

135 2162 175 2201 61
210 2161 275 2202 via
309 2159 359 2202 ad
395 2159 549 2215 gradus
597 2158 894 2204 hierarchicos.
930 2158 1048 2202 Ratio
1084 2158 1205 2201 liuius
1248 2157 1533 2214 impedimenti
1566 2160 1640 2210 est,
1674 2157 1770 2212 quia

136 2228 369 2286 neophytus
402 2242 482 2272 non
518 2231 798 2286 praesumitur
830 2231 929 2273 satis
962 2229 1108 2272 firmus
1140 2233 1179 2272 et
1213 2230 1439 2271 instructus
1472 2229 1510 2269 in
1545 2226 1640 2280 fide,
1663 2237 1770 2283 quae

137 2313 210 2356 per
242 2299 485 2343 charitatem
521 2305 739 2357 operatur,
775 2312 823 2343 ac
858 2302 1027 2356 insuper
1076 2313 1154 2342 non
1203 2299 1322 2342 decet
1371 2297 1501 2352 illum,
1535 2299 1605 2355 qui
1638 2309 1770 2353 nuper

139 2370 302 2415 Christo
336 2376 455 2414 natus
488 2375 548 2414 est
584 2385 656 2427 per
689 2370 956 2427 baptismum,
976 2370 1153 2414 aliorum
1178 2370 1326 2414 ducem
1363 2382 1435 2426 per
1468 2368 1768 2412 ordinationem

137 2443 345 2495 constitui,
370 2454 417 2485 36
441 2441 606 2484 tandem
639 2442 689 2485 ad
721 2441 956 2485 clericalem
992 2441 1238 2498 dignitatem
1271 2444 1457 2493 evectus,
1482 2442 1520 2482 in
1554 2437 1772 2482 altioribus

138 2514 380 2568 praesertim
416 2511 628 2567 gradibus,
664 2511 899 2569 neophytus
947 2512 1066 2555 facile
1115 2515 1252 2568 posset
1285 2513 1324 2554 in
1357 2509 1594 2567 superbiam
1635 2508 1770 2552 efierri

138 2585 252 2626 iuxta
288 2582 388 2626 illud
429 2587 472 2626 l).
500 2583 612 2626 Pauli
648 2582 854 2640 lequentis
887 2583 938 2626 de
972 2582 1219 2639 Episcopis²
1253 2581 1362 2638 quod
1401 2584 1606 2637 «oportet
1638 2592 1770 2623 6336...

138 2666 219 2696 000
254 2652 525 2709 neophytum,
560 2665 609 2695 ne
644 2655 682 2695 10
715 2652 955 2709 superbiam
1000 2652 1145 2706 elatus,
1181 2654 1218 2694 11]
1255 2651 1453 2695 iudicium
1498 2650 1652 2694 incidat
1684 2649 1769 2692 dia-

141 2723 222 2766 boli
247 2739 285 2764 ».
310 2722 416 2766 Hinc
451 2723 623 2779 [11011113
658 2724 697 2766 S.
722 2722 851 2766 Mater
885 2722 1068 2767 Ecclesia
1102 2725 1161 2766 sic
1194 2726 1466 2778 temperatam
1501 2722 1669 2763 retinuit
1700 2732 1771 2763 an-

221 2921 223 2923 ι
261 2878 270 2898 ¹
298 2876 359 2910 2-3
388 2878 471 2912 Iun.
499 2876 601 2910 1918.
633 2875 707 2910 CO.
735 2875 872 2909 X·344.
903 2895 947 2899 —
973 2874 986 2896 ‘³
1012 2874 1030 2908 I
1055 2876 1102 2908 ad
1129 2874 1229 2908 Tim.
1260 2873 1331 2914 III,
1357 2873 1391 2907 6.
