1971 3261
181 135 251 170 308
576 133 662 166 Lm.
690 132 762 166 ΠΙ.
792 151 804 156 -
831 131 942 166 PARS
967 131 997 165 I.
1024 151 1037 156 -
1063 131 1121 166 De
1146 130 1412 166 Sacramentz's
1531 129 1625 165 Gan.
1653 129 1811 165 917-918

182 254 432 311 perdurante
467 252 611 296 eadem
647 253 906 308 expositione
932 251 994 294 vel
1019 253 1157 294 statim
1192 254 1283 307 post
1316 251 1623 306 repositionem,
1647 248 1697 292 ad
1722 262 1812 292 nor-

181 338 290 369 mam
317 323 616 367 Declarationis
648 334 670 365 a
696 321 765 364 Pio
793 319 859 364 Vll
880 321 892 343 ¹
927 321 1048 365 datae
1071 334 1144 378 per
1165 319 1287 365 Card.
1310 319 1433 365 Urbis
1459 318 1680 374 vicarium,
1704 331 1810 377 quae

179 396 376 440 solemnis
418 396 621 450 expositio
665 393 781 436 audit
822 392 1079 451 supplicatio
1124 391 1425 449 Quadrayima
1467 389 1697 444 Horarum,
1736 392 1811 434 etsi

181 468 325 509 maiori
374 464 435 508 vel
482 466 629 506 minori
675 468 863 520 tempore
906 463 1116 518 perduret,
1154 465 1238 505 «in
1279 463 1523 505 memoriam
1567 460 1811 504 earumdem

181 536 378 580 horarum
423 548 495 592 per
543 547 646 591 quas
689 535 861 578 Sacrum
907 534 995 577 lesu
1040 532 1200 590 Corpus
1243 535 1368 576 iacuit
1410 535 1449 575 in
1493 531 1755 588 SepuIcro»,
1789 543 1811 574 a

181 607 307 652 Clem.
336 606 421 649 Vlll
457 619 529 662 per
561 618 677 649 suam
715 605 1030 648 lnstruclionem
1065 605 1253 648 ordinata
1287 603 1420 661 quoad
1458 605 1560 646 ritus
1592 615 1640 646 ac
1672 614 1813 646 caere-

184 680 362 731 moines,
408 682 505 720 tunc
549 678 748 732 temporis
791 679 891 732 ergo
937 675 1149 731 praedicta
1187 674 1336 717 altaria
1378 679 1475 716 sunt
1520 672 1812 731 privilegiata.

182 749 367 793 Scilicet:
405 750 516 790 iuxta
552 747 871 804 explicationem
909 749 1077 802 praevie
1111 746 1206 789 lluic
1239 747 1386 788 canoni
1420 745 1573 788 datam.

300 847 338 882 ln
366 847 470 882 buius
497 848 527 889 §i
554 846 857 882 Commentariun]
886 846 1052 881 memoria
1080 845 1227 882 recolere
1254 848 1386 890 oportet
1416 843 1508 879 Dec.i
1534 843 1605 878 cit.1
1634 841 1669 877 S.
1699 840 1812 878 Officii

182 912 351 947 tenorem,
380 906 463 952 quia
489 906 536 940 uti
570 920 583 938 «
601 905 809 951 supplicatio
836 903 1079 949 Quadraginta
1107 903 1311 939 Horarum»
1340 903 1371 937 vi
1400 903 1503 937 huius
1538 901 1627 937 Dec.i
1653 912 1712 937 seu
1740 901 1813 936 iure

183 966 330 1002 habetur
356 965 425 1001 alia
450 965 630 1011 expositio,
660 964 722 999 etsi
749 975 769 999 a
796 964 912 1010 typica
940 974 1008 999 non
1030 974 1153 1009 parum
1171 963 1320 998 diversa.
1354 976 1368 994 «
1389 961 1430 997 ll.
1452 960 1678 1002 Permittitur,
1698 964 1735 995 ut
1753 959 1811 995 ubi

181 1024 384 1061 exercitium
412 1023 469 1059 XL
495 1023 681 1064 Horarum,
719 1023 832 1058 iudice
866 1022 986 1058 Romo.
1018 1022 1080 1057 loci
1117 1019 1318 1063 Ordinario7
1357 1020 1431 1056 fieri
1467 1024 1617 1065 nequeat
1644 1023 1743 1064 prout
1768 1018 1812 1054 ab

182 1084 284 1118 lnstr.
327 1082 549 1119 Clementina
586 1082 749 1127 exigitur,
784 1082 830 1116 sit
864 1081 950 1116 satis
984 1082 1026 1116 ad
1061 1081 1222 1116 effectum
1257 1079 1557 1125 indulgentiarum
1584 1082 1617 1114 et
1644 1077 1813 1124 privilegii

182 1143 426 1182 obtinendum,
465 1142 578 1188 primo
612 1142 668 1177 die
703 1141 844 1176 Ssmum
873 1140 1150 1184 Sacramentam,
1179 1150 1402 1186 quacumque
1436 1138 1519 1173 hora
1547 1136 1731 1177 matutina,
1761 1136 1813 1172 vel

182 1203 273 1237 circa
301 1201 491 1241 meridiem,
521 1201 681 1247 publicae
708 1201 922 1236 venerationi
950 1200 984 1234 in
1013 1199 1205 1235 ostensorio
1230 1209 1412 1244 exponere,
1438 1202 1471 1233 et
1498 1196 1707 1243 perdurante
1741 1196 1814 1241 ipso

182 1262 237 1296 die
263 1266 295 1296 et
324 1272 381 1307 per
407 1261 499 1296 diem
526 1260 675 1296 alterum
702 1260 872 1295 eiusmodi
911 1259 1140 1305 expositione,
1174 1258 1229 1293 die
1264 1258 1374 1299 tertio,
1402 1256 1546 1291 meridie
1571 1260 1631 1290 aut
1657 1255 1698 1290 de
1723 1265 1810 1295 sero,

184 1320 275 1356 ldem
303 1321 488 1366 deponere,
517 1320 680 1365 quamvis
706 1323 809 1354 noctu
837 1318 1004 1364 expositio
1036 1318 1361 1363 interrumpatur».

306 1393 319 1411 α
342 1379 396 1414 lv.
423 1378 690 1414 Celebrantibus
710 1389 788 1414 vero
807 1383 1066 1413 sacrosanctum
1088 1377 1212 1412 Missae
1238 1376 1448 1412 sacrificium
1468 1375 1502 1409 in
1522 1375 1642 1410 eadem
1669 1373 1814 1409 ecclesia

185 1439 235 1474 vel
262 1439 410 1474 oratorio
439 1438 508 1483 (ubi
536 1438 704 1473 continua
731 1438 879 1473 habetur
903 1437 987 1472 almi
1015 1435 1231 1472 Sacramenti
1259 1435 1426 1470 solemnis
1452 1435 1534 1470 item
1562 1434 1595 1468 in
1623 1432 1814 1469 ostensorio

183 1498 362 1544 expositio,
391 1498 512 1532 saltem
542 1508 600 1542 per
627 1507 797 1538 mensem,
822 1496 957 1532 etiamsi
985 1496 1027 1530 de
1053 1500 1154 1530 nocte
1180 1495 1401 1539 interrupta),
1430 1492 1609 1540 privilegio
1625 1492 1756 1532 altaris,
1777 1492 1813 1526 in

184 1557 338 1592 defuncti
365 1556 513 1591 alicuius
540 1556 711 1596 levamen,
741 1555 795 1590 die
823 1555 977 1601 quolibet
1004 1553 1176 1599 gaudendi
1204 1558 1276 1588 esto
1303 1557 1502 1599 potestas».

306 1616 393 1652 Utile
420 1619 582 1661 putamus
600 1625 674 1650 esse
692 1614 883 1659 adiungere
903 1614 958 1648 hie
978 1613 1087 1648 Dec.m
1108 1605 1211 1648 Urbis
1228 1617 1261 1647 et
1280 1611 1385 1647 Orbis
1403 1610 1439 1646 S.
1461 1612 1603 1656 Congr.S
1623 1610 1763 1645 Rituum
1785 1610 1811 1650 Β,

184 1676 236 1710 cui
267 1675 486 1722 praemittere
512 1678 644 1720 oportet
669 1684 709 1708 ex
736 1678 847 1708 const.
882 1672 1143 1708 «incruentum
1165 1686 1178 1704 »
1220 1671 1348 1706 Bened.
1383 1670 1440 1705 ΧΥ
1462 1671 1475 1693 3
1502 1682 1539 1705 n.
1570 1669 1625 1705 lv.
1659 1684 1672 1702 «
1694 1668 1812 1705 Sicubi

183 1735 357 1776 acciderit,
385 1738 422 1769 ut
450 1733 746 1777 Angustissimum
784 1731 1052 1767 Sacramentum
1087 1731 1132 1765 sit
1164 1730 1360 1776 expositum
1397 1741 1457 1775 pro
1483 1729 1638 1765 oratione
1665 1728 1721 1764 XL
1747 1727 1813 1762 Ho-

184 1805 315 1835 rarum,
342 1792 467 1828 Missae
493 1793 535 1827 de
563 1792 703 1838 Requie,
733 1802 811 1826 cum
841 1791 996 1826 vestibus
1023 1789 1296 1826 sacerdotalibus
1314 1789 1437 1824 coloris
1456 1788 1595 1824 violacei
1618 1789 1815 1824 necessario

184 1852 348 1888 dicendae
379 1851 573 1897 (Decretum
601 1850 772 1886 Generale
801 1848 837 1885 S.
867 1850 934 1884 Rit.
966 1848 1135 1894 Congreg.
1166 1846 1371 1883 3177-3864
1390 1848 1432 1883 ad
1453 1846 1500 1891 4),
1528 1859 1571 1883 ne
1596 1847 1815 1883 celebrentur

183 1912 226 1946 ad
254 1911 371 1945 Altare
397 1910 629 1956 Expositionis
647 1924 677 1943 n.
701 1909 803 1944 Hisce
823 1909 1024 1955 praemissis
1050 1907 1248 1954 quaeritur:
1281 1921 1293 1939 <x
1318 1901 1626 1942 Licebitne*adhuc
1642 1906 1815 1942 celebrare

185 1971 325 2005 unicam
354 1970 494 2004 Missam
522 1969 714 2004 solemnem
742 1969 784 2003 de
810 1966 912 2003 Ssmo
938 1966 1177 2007 Sacramento,
1210 1966 1261 2001 vel
1288 1966 1329 2001 de
1358 1966 1453 2007 Pace,
1479 1966 1522 2001 de
1547 1976 1615 2011 qua
1633 1976 1746 2000 sermo
1762 1969 1814 2000 est

186 2030 219 2064 in
248 2029 350 2064 lnstr.
381 2027 601 2064 Clementina
627 2032 660 2063 et
687 2028 721 2062 in
752 2026 831 2062 Dec.
861 2025 950 2062 Gen.
981 2025 1016 2061 S.
1049 2025 1086 2061 R.
1116 2026 1155 2061 (2.
1185 2037 1221 2060 n.
1245 2024 1397 2069 3864,...
1422 2036 1482 2071 pro
1499 2024 1654 2060 oratione
1673 2023 1729 2059 XL
1747 2023 1813 2059 Ho-

185 2099 313 2127 rarum,
349 2087 489 2133 quando
522 2087 596 2122 dies
630 2086 856 2132 expositionis
885 2085 936 2120 vel
978 2084 1213 2130 repositionis,
1248 2088 1308 2119 aut
1344 2084 1479 2119 medius
1509 2083 1633 2118 incidit
1657 2083 1693 2117 in
1721 2083 1813 2118 diem

186 2146 535 2182 Commemorationis
561 2146 722 2181 omnium
751 2144 905 2180 fidelium
931 2144 1173 2180 defunctorum
1190 2142 1207 2177 ἰ)
1235 2142 1271 2179 S.
1294 2142 1361 2177 Rit.
1382 2141 1509 2187 Congr.
1530 2142 1813 2188 respondendum

185 2206 341 2241 censuit:
372 2205 535 2250 Negative
561 2209 594 2240 et
618 2205 662 2240 ad
690 2209 857 2239 mentem.
884 2203 984 2238 Mens
1010 2207 1126 2238 autem
1153 2207 1224 2237 est:
1266 2202 1336 2236 «ln
1363 2201 1522 2237 Ecclesiis
1547 2201 1605 2236 ubi
1632 2201 1688 2236 die
1713 2199 1813 2236 Com-

186 2264 448 2300 memorationis
486 2263 646 2299 omnium
687 2263 842 2298 fidelium
881 2262 1125 2298 defunctorum
1167 2261 1226 2296 fiat
1264 2259 1385 2297 Oratio
1431 2260 1488 2295 XL
1524 2259 1694 2295 Horarum
1733 2270 1812 2295 cum

186 2322 286 2358 Ssmo
301 2322 526 2358 Sacramento
541 2322 743 2357 solemniter
768 2320 934 2367 exposito,
953 2320 1151 2356 huiusmodi
1172 2320 1340 2366 expositio
1358 2324 1535 2365 sequatur,
1556 2317 1718 2364 repositio
1737 2328 1815 2353 vero

185 2393 264 2417 cum
294 2381 509 2428 processione
538 2381 720 2426 praecedat
747 2380 891 2415 missam
918 2384 1094 2414 cantatam
1121 2379 1163 2414 de
1188 2379 1244 2413 die
1271 2377 1623 2414 Commemorationis
1654 2376 1814 2412 omnium

187 2441 341 2476 fidelium
370 2440 614 2476 defunctorum
631 2454 659 2474 ».
689 2439 728 2474 Et
755 2438 861 2475 Sacra
878 2439 954 2474 ead.
977 2438 1107 2483 Congn
1127 2437 1343 2484 approbante
1364 2437 1493 2473 Bened.
1517 2436 1605 2482 Papa
1623 2435 1698 2481 XV,
1720 2435 1811 2471 ita...

185 2499 373 2535 declaravit
397 2503 430 2534 et
455 2498 583 2534 servari
612 2498 803 2533 mandavit.

306 2588 401 2631 253.
439 2589 511 2634 De
544 2590 842 2634 indicatione
873 2588 1047 2633 altaris
1074 2587 1391 2644 privilegiati,
1423 2589 1473 2631 et
1505 2587 1670 2642 quoad
1703 2586 1812 2631 mis-

187 2673 275 2705 sae
307 2660 354 2703 in
391 2672 451 2704 eo
486 2659 771 2704 celebratae
805 2659 1191 2714 eleemosynam.
1227 2681 1277 2685 —
1328 2654 1429 2697 Can.
1463 2656 1564 2698 918.
1605 2654 1634 2712 g
1677 2654 1714 2696 1.
1764 2652 1815 2697 Ut

186 2727 398 2771 tozdv'cretm·
435 2742 470 2769 v.
505 2742 567 2784 gr.
600 2741 724 2784 super
757 2727 895 2784 aliqua
928 2726 1075 2770 tabella
1105 2726 1167 2769 vel
1195 2727 1461 2782 inscriptione
1486 2736 1716 2768 marmorea
1735 2729 1812 2768 etc.

305 2833 317 2854 1
346 2832 390 2866 10
415 2832 508 2866 Maii
538 2832 640 2875 1807,
670 2832 855 2866 Raccolta
881 2843 918 2866 n.
948 2831 1006 2865 66.
1034 2830 1106 2864 Ed.
1137 2830 1239 2865 1898.
1266 2851 1309 2855 —
1334 2830 1348 2852 2
1374 2830 1420 2863 26
1446 2829 1557 2863 Febr.
1596 2828 1700 2872 1919,
1736 2828 1813 2863 CO.

186 2880 258 2922 Χ1,
281 2880 359 2913 142.
391 2899 429 2904 -
460 2879 474 2901 3
503 2880 546 2912 10
564 2879 666 2924 Aug.
696 2880 800 2922 1915,
830 2878 904 2913 CO.
932 2877 1018 2920 VII,
1044 2877 1126 2911 404.
