1971 3261
117 125 210 161 Gan.
236 125 308 159 985
696 124 779 158 TIT.
811 125 879 158 VI.
910 145 922 150 -
949 125 1005 159 De
1035 126 1179 159 Ordine
1678 127 1747 162 435

239 243 453 286 Praeterea
490 242 783 299 irregularitati
821 256 898 285 non
932 243 1115 287 subiacet
1152 246 1352 287 diaconus
1386 245 1595 301 baptizans
1628 250 1743 289 extra

118 327 258 358 casum
295 315 562 364 necessitatis,
597 315 756 356 etiamsi
791 326 869 355 uon
906 313 1055 357 habeat
1089 316 1313 367 licentiam,
1337 330 1411 360 nec
1434 317 1627 359 sacerdos
1649 330 1744 360 con-

120 387 339 429 sessionem
374 384 547 427 audiens
580 389 619 427 et
653 383 835 427 invalide
869 384 1089 428 absolvens
1120 386 1170 429 ol)
1204 387 1409 429 det'cctuin
1437 387 1744 430 iurisdictionis,

122 455 184 499 vet
219 467 242 498 a
274 458 499 499 reservatis
542 455 699 513 absque
743 455 1027 498 iurisdictione
1062 459 1099 498 in
1134 470 1194 503 ea.
1228 462 1296 500 aut
1343 460 1604 501 matrimonio
1648 461 1747 502 assi-

118 530 230 570 stens
264 526 470 574 invalide2
505 529 599 583 quia
637 529 674 568 in
711 525 772 569 bis
805 525 971 569 casibus
1015 530 1088 569 etsi
1125 533 1339 583 peccatum
1376 542 1395 571 a
1431 529 1604 585 singulis
1636 542 1745 572 com-

120 599 318 651 mittatur,
355 596 431 641 boc
463 600 602 640 evcnit
638 601 804 653 propter
827 596 1033 640 delectum
1062 597 1265 653 licentiae,
1291 600 1599 649 iurisdictionis,
1624 601 1746 642 ollicii

118 680 165 712 ac
201 667 497 724 deputationis,
533 681 610 710 nou
646 681 694 710 ex
731 667 894 710 delectu
932 669 1153 724 requisitae
1190 672 1400 722 potestatis
1433 670 1589 713 ordinis
1612 670 1746 727 quoad

119 737 242 781 buius
279 741 541 783 exercitium.

238 808 425 865 Denique
475 810 728 867 irregulares
777 823 854 853 non
904 814 999 852 sunt
1041 810 1250 852 censendi.
1282 810 1574 859 subdiaconus,
1609 812 1747 856 clerici

121 883 315 933 minores,
348 885 387 923 et
422 880 550 924 laicus
575 883 808 938 respective
831 881 1112 924 diaconatum.
1136 881 1495 936 subdiaconatum,
1523 887 1562 925 et
1584 882 1750 926 ordines

121 954 301 995 minores
335 956 498 1007 praeter
532 954 828 996 exorcistatum
873 956 1132 1004 exercentes,
1176 950 1334 1009 absque
1379 952 1456 995 illis
1499 953 1750 997 indumentis

118 1035 224 1080 quae
256 1022 508 1066 adhibentur
542 1028 585 1066 ut
618 1026 794 1080 insignia
844 1025 1173 1079 uniuscuiusque
1222 1023 1400 1066 ordinis:
1443 1029 1481 1066 et
1515 1024 1648 1083 quoad
1684 1038 1747 1067 or—

118 1094 237 1136 dines
272 1095 464 1137 minores.
500 1099 664 1150 praeter
696 1096 1008 1142 exorcistatum.
1053 1095 1214 1137 etiamsi
1261 1093 1353 1136 laici
1395 1094 1645 1149 acol>tatum
1685 1094 1746 1136 vel

119 1164 363 1208 lecton-atum
396 1170 621 1208 exerceant
654 1168 767 1208 iuxta
803 1164 1046 1208 hodiernam
1084 1166 1261 1220 praxim.

235 1281 483 1327 irregularitati
510 1288 631 1318 contra
656 1288 857 1319 exercentes
882 1282 1042 1318 ordinem
1083 1282 1263 1327 proprium
1300 1282 1357 1317 sed
1398 1293 1476 1317 cum
1508 1283 1751 1328 suspensionis

116 1341 280 1376 incursae
304 1341 594 1386 transgressione,
624 1341 738 1377 clerici
759 1346 898 1377 tantum
917 1340 1097 1377 subiacere
1116 1345 1288 1387 poterant,
1309 1345 1345 1376 ut
1370 1345 1470 1387 patet.
1492 1340 1602 1376 Huius
1621 1341 1751 1377 mentio

118 1399 382 1445 irregularitatis
411 1411 480 1435 non
508 1400 657 1436 habetur
684 1401 718 1435 in
747 1399 905 1446 Gregorii
934 1399 979 1435 tx
1005 1399 1230 1440 Collectione,
1259 1410 1300 1435 ac
1327 1400 1362 1434 in
1391 1399 1619 1435 Decretalium
1648 1399 1750 1435 Sexto

117 1459 327 1506 supponitur
352 1460 588 1495 communiter
614 1464 752 1506 recepta
777 1465 811 1495 et
836 1459 1057 1509 declaratur„
1075 1457 1219 1494 Videtur
1236 1470 1317 1504 ergo
1343 1459 1523 1494 inductam
1553 1459 1657 1494 tuisse
1684 1470 1752 1494 mo-

117 1518 227 1554 ribus.
253 1537 297 1545 -—
324 1518 504 1554 Praeterea
529 1529 608 1554 cum
637 1519 682 1553 sit
707 1530 747 1554 ex
774 1519 900 1554 delicto
926 1523 959 1554 et
985 1518 1049 1553 boc
1074 1529 1179 1563 grave
1204 1518 1417 1564 requiratur,
1447 1518 1529 1553 haec
1557 1518 1752 1563 irregulari-

117 1582 170 1612 tas
195 1588 265 1612 non
294 1577 492 1613 incurretur
517 1588 537 1613 a
563 1578 688 1613 clerico
714 1578 819 1614 etiam
847 1582 1047 1619 censurato.r
1068 1577 1212 1624 quando
1231 1582 1381 1623 ponatur
1399 1582 1497 1612 actus
1515 1588 1662 1613 censura
1680 1588 1748 1613 non

119 1636 324 1683 prohibitus
353 1637 405 1673 vel
431 1637 554 1673 saltem
582 1648 654 1673 non
681 1639 852 1683 graviter;
881 1642 942 1672 aut
968 1637 1109 1684 quando
1134 1648 1284 1672 censura
1312 1647 1381 1672 non
1403 1642 1511 1682 urget,
1540 1636 1591 1671 vel
1613 1642 1752 1683 propter

119 1695 299 1731 vitandam
325 1696 520 1737 infamiam,
550 1697 601 1732 vel
628 1697 711 1742 quia
736 1696 896 1743 suspensi
927 1696 1059 1732 tolerati
1089 1695 1324 1732 ministerium
1343 1707 1363 1731 a
1385 1695 1544 1731 fidelibus
1572 1695 1663 1731 licite
1682 1696 1751 1731 exi—

119 1759 232 1800 gatur,
257 1759 318 1790 aut
343 1754 413 1790 alia
438 1755 480 1791 de
505 1766 622 1792 causa.
649 1754 704 1791 Ob
731 1766 900 1791 censurae
926 1755 1242 1800 transgressionem
1273 1754 1363 1790 hanc
1391 1754 1680 1800 irregularitatem
1700 1765 1750 1790 se-

119 1813 176 1859 qui
203 1813 248 1849 ab
272 1814 438 1849 omnibus
467 1813 535 1850 DD.
561 1815 740 1850 asseritur.

237 1871 305 1908 Sed
334 1873 426 1908 iuxta
453 1884 530 1920 cap.
556 1874 601 1909 20
627 1874 670 1910 de
698 1874 881 1910 verborum
923 1874 1182 1919 significatione
1221 1873 1278 1918 (V.
1306 1873 1401 1917 itt)...
1439 1889 1453 1905 «
1477 1885 1535 1920 per
1566 1884 1748 1909 censuram

117 1932 388 1968 ecclesiasticam
414 1944 486 1968 non
513 1933 626 1969 solum
653 1933 843 1977 interdicti,
869 1934 927 1969 sed
954 1933 1198 1980 suspensionis
1223 1939 1256 1969 et
1281 1933 1654 1969 excommunicationis
1673 1944 1749 1968 scn—

118 1991 227 2027 tentia
254 1991 342 2027 valet
369 1992 516 2037 intelligi
538 2007 571 2027 ».
602 1992 649 2028 De
673 1993 1037 2028 excommunicatione
1054 1992 1193 2028 nullum
1213 1992 1359 2028 dubium
1380 1998 1429 2028 est
1449 1992 1673 2033 solvendum;
1692 1993 1748 2027 sed

119 2050 154 2084 in
181 2061 257 2097 cap.
289 2049 330 2086 10
358 2051 391 2088 h.
418 2056 443 2086 t.
472 2051 576 2097 Greg.
605 2051 652 2087 lx
676 2052 745 2090 ait:
779 2051 849 2087 «Si
878 2052 1030 2088 celebrat
1057 2052 1183 2088 minori
1219 2051 1582 2088 excommunicatione
1609 2051 1749 2096 ligatus,

121 2109 199 2145 licet
224 2110 374 2155 graviter
401 2115 530 2157 peccet,
559 2111 692 2146 nullius
718 2116 837 2147 tamen
858 2116 976 2147 notam
997 2111 1471 2157 irregularitatisincurrit...
1496 2124 1526 2145 ›>.
1551 2110 1595 2146 De
1614 2121 1754 2155 suspen-

120 2169 217 2205 sione
242 2175 358 2206 autem
384 2180 464 2206 cum
492 2171 577 2206 haec
604 2171 712 2218 possit
737 2182 811 2207 esse
829 2181 978 2206 censura
992 2182 1072 2206 vera
1092 2182 1153 2217 pro
1166 2170 1425 2213 emendatione,
1443 2169 1751 2215 suspensio-poena

119 2227 163 2263 ob
188 2227 321 2264 crimen
348 2229 494 2265 omnino
521 2230 746 2276 praeteritum
774 2229 1001 2270 vindicativa‚
1029 2234 1063 2265 et
1088 2229 1480 2276 suspensio-prohibitio
1511 2228 1671 2274 simplex.
1704 2229 1752 2263 di-

119 2287 332 2332 stinguenda
359 2288 499 2324 fuerunt
524 2293 619 2324 certa
643 2300 663 2324 a
688 2289 930 2324 controversis.
978 2287 1044 2324 Sed
1084 2300 1181 2324 nunc
1218 2288 1400 2324 distinctio
1433 2299 1472 2323 ac
1499 2288 1752 2323 controversiae

119 2345 276 2382 sublatae
300 2352 383 2382 sunt
410 2358 470 2394 per
496 2346 672 2389 Codicem,
702 2348 851 2394 illasque
876 2348 1089 2384 omittendas
1114 2359 1311 2384 censemus.

241 2405 287 2441 De
313 2406 567 2451 irregularitate
595 2412 734 2453 propter
760 2407 934 2442 interdicti
963 2407 1200 2448 violationem,
1226 2407 1457 2442 inveniuntur
1482 2406 1550 2441 duo
1577 2411 1688 2441 textus
1715 2405 1748 2439 in

121 2464 194 2501 iure
220 2475 299 2500 can.
328 2465 485 2501 Scilicet:
512 2476 586 2512 cap.
614 2465 719 2501 xvttt
751 2465 797 2501 De
822 2470 911 2501 sent.
950 2477 1022 2502 exc.
1062 2466 1097 2501 in
1134 2465 1173 2501 6ο
1200 2466 1258 2501 ubi
1287 2470 1445 2501 cavetur:
1479 2478 1493 2497 α
1516 2464 1544 2499 ls
1571 2475 1662 2507 vero,
1691 2464 1748 2510 qui

119 2523 270 2560 scienter
295 2524 331 2558 in
359 2524 432 2560 loco
457 2524 609 2560 celebrat
635 2525 814 2571 supposito
843 2525 1042 2567 interdicto,
1073 2525 1155 2570 (nisi
1183 2536 1288 2571 super
1323 2525 1385 2559 hoc
1415 2524 1654 2570 privilegiatus
1686 2523 1751 2558 exi-

121 2587 200 2624 stat,
229 2588 288 2618 aut
313 2595 335 2618 a
359 2584 434 2619 iure
460 2584 505 2618 sit
529 2595 731 2619 concessum
759 2584 888 2628 eidem)
915 2584 1208 2630 irregularitatem
1238 2584 1404 2625 incurrit;
1423 2594 1442 2618 a
1461 2594 1528 2629 qua
1556 2583 1675 2628 nequit
1693 2593 1750 2628 per

119 2641 242 2686 alium,
271 2653 376 2688 quam
407 2654 464 2688 per
491 2642 589 2678 Rom.
619 2642 714 2678 Pont„
745 2643 935 2678 libcrari».
975 2644 1089 2690 Atque
1115 2644 1150 2678 in
1179 2655 1207 2679 c.
1240 2641 1283 2677 20
1310 2643 1382 2677 eod.
1413 2642 1465 2676 tit.
1494 2642 1527 2675 in
1557 2641 1593 2675 60
1620 2641 1752 2676 inveni·

120 2705 197 2735 tur:
232 2700 307 2742 «is,
333 2701 387 2736 cui
415 2706 465 2737 est
493 2701 664 2737 Ecclesiae
692 2702 898 2737 interdictus
925 2702 1105 2748 ingressus
1134 2705 1226 2746 lcum
1253 2702 1318 2737 sibi
1349 2712 1407 2747 per
1434 2711 1651 2746 consequens
1669 2711 1748 2734 cen-

121 2764 237 2794 seatur
263 2759 299 2794 in
327 2760 403 2805 ipsa
428 2760 628 2796 divinorum
655 2760 840 2796 celebratio
867 2761 1068 2805 interdicta)
1086 2776 1101 2793 »
1131 2767 1262 2797 etcum
1282 2762 1364 2796 haec
1381 2761 1422 2794 sit
1444 2759 1530 2794 ratio
1547 2758 1745 2794 decisionis.

120 2818 241 2854 eadem
265 2819 475 2865 applicanda
504 2820 568 2855 fuit
594 2820 778 2855 interdicto
795 2830 816 2855 a
833 2819 1033 2855 divinorum
1053 2821 1305 2862 celebratione3
1337 2836 1350 2852 «
1373 2819 1572 2865 irregularis
1586 2817 1748 2857 eflicitur.

121 2876 149 2911 si
176 2882 297 2913 contra
323 2878 549 2914 interdictum
576 2878 776 2914 huiusmodi
803 2879 934 2914 divinis
961 2880 995 2913 in
1023 2890 1063 2915 ea
1089 2891 1124 2915 se
1151 2881 1298 2924 ingerat,
1326 2880 1359 2913 in
1387 2890 1449 2914 suo
1486 2888 1593 2921 agens
1619 2876 1745 2915 officio.
