1971 3261
136 124 230 161 Can.
259 125 350 160 1023
652 125 737 159 Tm
768 125 850 160 VII.
870 146 883 151 ·
902 126 958 161 De
985 127 1244 161 Matrimonio
1692 127 1761 161 509

130 245 300 290 Romani
336 257 428 288 cum
480 243 598 288 Dec.⁰
637 260 657 284 «
681 244 739 287 Ne
785 250 986 288 temere»
1024 258 1071 289 ac
1118 244 1284 295 Codice,
1319 247 1653 302 interpretamlus
1687 252 1761 303 est,

130 320 171 358 ut
203 327 326 371 supra
361 313 618 358 declaratum
655 316 725 357 tuit
761 315 810 357 ad
845 315 872 373 g
908 316 923 357 1
965 328 1055 359 can.
1096 315 1220 369 1020,
1255 315 1321 359 ille
1356 330 1379 356 «
1404 319 1468 359 cui
1510 318 1571 359 ius
1604 322 1662 360 est
1697 330 1759 360 as-

127 386 296 429 sistendi
335 387 597 428 matrimonio
623 402 662 440 »,
685 385 866 430 scilicet:
897 402 918 426 «
944 386 1169 442 paroclium
1197 388 1408 443 proprium
1435 403 1454 427 ))
1486 389 1522 430 iu
1557 391 1759 444 praesenti

128 469 286 501 canone
322 456 493 513 intelligi
529 462 688 513 oportet
738 457 787 500 ad
836 471 1021 501 normam
1067 471 1157 501 can.
1194 458 1261 512 94,
1297 471 1375 501 non
1420 458 1588 502 excluso
1624 464 1758 502 tamen

130 527 309 584 parocho
345 528 419 572 loci
455 526 795 571 commorationis
831 534 1066 573 menstruae
1100 530 1286 573 actualis.
1317 556 1371 561 —-
1404 529 1542 574 Canon
1580 531 1761 586 loquitur

125 599 175 643 de
210 599 559 657 publicationibus
593 600 792 642 faciendis
825 600 1092 656 singulariter
1120 617 1141 641 «
1165 614 1186 644 a
1223 602 1401 658 parocho
1438 605 1602 659 proprio
1628 620 1665 655 »,
1689 604 1759 659 qui

127 673 203 714 erit
238 673 398 720 unicus,
422 672 454 713 si
489 683 664 727 sponsus
697 684 744 714 ac
768 684 916 727 sponsa
952 672 1145 715 eumdem
1171 676 1396 717 sortiantur
1430 676 1542 716 iuxta
1567 673 1757 718 dicenda.

129 747 248 785 erunt
283 742 378 788 duo.
404 744 435 784 si
471 754 550 784 non
576 743 627 784 sit
662 741 769 785 idem
808 745 999 799 proprius
1034 745 1262 801 utriusque,
1286 758 1357 787 seu
1393 749 1432 787 ut
1458 746 1510 787 ait
1537 743 1615 787 Ru.
1643 743 1762 787 Rom·

130 812 224 870 (loc.
261 814 327 857 cit.
365 826 401 855 n.
428 812 485 869 8).
516 814 599 856 «Si
638 826 735 856 vero
773 815 834 855 vir
867 818 905 856 et
942 814 1088 857 mulier
1125 814 1343 870 parochiae
1376 817 1454 858 sint
1490 815 1696 869 diversae,
1722 817 1759 857 in

130 888 304 942 utraque
340 883 533 940 parochia
569 885 668 926 liant
700 884 1043 928 denunciationes
1066 901 1106 930 n.
1130 885 1230 929 (jum
1266 890 1403 929 autem
1441 898 1518 929 una
1553 890 1590 928 et
1615 886 1758 929 eadem

130 967 303 1011 persona
337 957 426 997 sive
459 967 649 1010 sponsus,
682 957 771 998 sire
805 968 967 1011 sponsa,
1004 958 1129 1011 possit
1173 958 1210 999 in
1258 969 1337 999 uno
1381 956 1469 999 loco
1503 956 1758 1000 domicilium

130 1025 295 1071 babere.
331 1027 580 1068 commorari
616 1031 753 1068 autem
790 1028 827 1068 iu
863 1026 993 1069 altero
1043 1026 1129 1070 loco
1163 1040 1256 1070 cum
1292 1027 1658 1084 quasi-domicilio,
1697 1027 1759 1070 vel

129 1110 222 1140 cum
261 1101 470 1139 menstrua
504 1099 847 1150 commoratione,
882 1102 978 1154 puto
1012 1100 1181 1141 canonis
1215 1098 1336 1141 liuius
1370 1111 1512 1141 omnes
1546 1098 1760 1155 obligatio-

131 1180 202 1210 nes
235 1180 413 1224 gravare
437 1180 561 1223 super
586 1167 661 1210 loci
687 1167 862 1211 actualis
888 1168 1123 1224 praedictae
1147 1171 1486 1212 commorationis
1521 1169 1762 1224 pai-ochum.

129 1237 273 1282 saltem
308 1241 339 1281 si
374 1238 519 1281 eodem
556 1241 592 1281 in
631 1239 719 1281 loco
755 1252 929 1295 persona
955 1253 1121 1283 manere
1156 1240 1339 1283 intendat
1375 1253 1504 1297 usque
1538 1241 1588 1283 ad
1625 1244 1763 1283 matri-

132 1312 256 1352 monii
290 1309 626 1353 celebrationem.
663 1309 799 1367 Atque
836 1312 1120 1367 interpretatio
1155 1310 1260 1357 baec,
1290 1324 1435 1354 secure
1471 1313 1507 1354 in
1545 1314 1658 1368 praxi
1684 1325 1765 1354 ser-

135 1384 265 1423 vatur.
299 1393 346 1423 eo
390 1380 498 1437 quod
534 1379 638 1423 aliae
683 1382 817 1423 t'orsan
854 1380 974 1424 utiles
1016 1385 1085 1424 aut
1131 1383 1389 1424 necessariae
1423 1381 1765 1424 denunciationcs

134 1463 213 1493 non
248 1452 492 1494 omittentur
525 1451 575 1494 ad
612 1464 798 1494 normam
833 1451 891 1509 ξιξ
924 1453 1202 1509 sequentium.

248 1520 277 1579 ξ
312 1521 349 1563 2.
374 1520 424 1564 Si
445 1534 548 1578 pars
584 1534 857 1579 unaquaeque
892 1528 977 1565 tum
1012 1535 1188 1579 sponsus
1222 1527 1309 1565 tum
1343 1534 1507 1578 sponsa,
1530 1530 1567 1574 a)
1601 1521 1687 1565 alio
1723 1522 1762 1564 in

132 1591 219 1636 loeo
254 1593 421 1636 diverso
454 1591 506 1636 ab
540 1595 614 1636 isto
661 1595 698 1635 in
733 1606 815 1650 quo
849 1598 1132 1637 commoratur
1166 1596 1280 1637 iuxta
1314 1593 1421 1637 dicta
1459 1595 1497 1636 in
1535 1606 1670 1650 praec.
1704 1593 1765 1652 ἕο,

0 1654 3 1678 ἶ
61 1717 64 1720 ,
133 1663 174 1719 b)
189 1677 267 1722 per
282 1678 356 1707 sex
375 1678 533 1707 menses
551 1665 852 1721 computandos
871 1664 920 1708 ad
948 1677 1135 1708 normam
1156 1677 1246 1709 can.
1267 1664 1334 1719 34,
1352 1664 1380 1722 ξ
1405 1665 1442 1711 ἓ,
1466 1681 1487 1705 «
1511 1664 1581 1708 sed
1605 1669 1767 1720 tempus

131 1738 181 1780 sit
200 1738 442 1780 continuum
459 1753 496 1782 ›>.
516 1737 612 1793 quia
629 1735 840 1791 praedicta
858 1735 983 1779 verba
998 1735 1399 1794 concordantquoad
1417 1738 1765 1792 praepositionem

131 1820 226 1850 cum
247 1806 399 1851 ibidem
425 1806 587 1850 «allato
608 1809 740 1863 primo
760 1807 953 1863 exemplo
973 1822 1010 1858 >›‚
1032 1812 1290 1850 commorata
1313 1807 1368 1849 sit
1392 1808 1586 1864 quamvis
1609 1806 1766 1864 absque

131 1877 343 1922 domicilio
381 1877 444 1921 vel
478 1877 843 1935 quasi-domicilio,
867 1878 976 1935 quod
1015 1877 1203 1921 ultimum
1239 1883 1297 1921 est
1333 1877 1691 1934 t'ereimpossibile
1715 1877 1763 1920 ad

136 1961 323 1993 normam
349 1962 438 1993 can.
466 1949 535 2002 92,
558 1949 586 2007 ἓ
621 1949 659 2003 2,
683 1949 723 2006 c)
753 1954 849 2007 post
873 1948 1070 2007 adeptam
1090 1948 1368 2006 pubertatem,
1401 1948 1580 1992 scilicet:
1607 1961 1769 1992 menses

135 2020 333 2076 praedicti
352 2024 446 2064 sunt
465 2021 884 2077 computamiiquoad
905 2033 1049 2063 eorum
1074 2022 1235 2063 initium
1258 2019 1362 2063 ultra
1387 2019 1630 2064 «decimum
1650 2032 1770 2078 quar-

134 2094 221 2133 tum
255 2092 401 2134 aetatis
434 2103 587 2133 annum
611 2106 634 2130 ))
672 2092 703 2133 si
739 2103 928 2147 sponsus,
965 2089 1069 2133 ultra
1110 2089 1447 2134 «duodecimum
1483 2102 1636 2133 annum
1662 2103 1769 2133 com-

137 2161 334 2218 pletum»
375 2161 482 2218 (can.
519 2161 588 2216 88,
621 2161 649 2220 ἓ
683 2161 725 2219 2)
759 2163 790 2204 si
825 2174 987 2218 sponsa.
1023 2160 1108 2205 Sub
1143 2161 1208 2204 illa
1243 2160 1405 2218 triplice
1437 2161 1674 2204 conditione
1695 2174 1768 2218 pa-

133 2231 285 2276 rochas
319 2232 554 2276 declaratus
580 2235 619 2276 iu
652 2232 680 2290 ἓ
716 2233 758 2276 1⁰
783 2246 869 2275 rem
902 2238 1085 2290 eoepoaat
1112 2231 1346 2275 Ordinario
1382 2232 1458 2276 loci
1483 2245 1532 2276 ex
1558 2237 1770 2276 contextu.

134 2303 206 2361 qai
236 2317 314 2361 pro
337 2317 415 2346 sua
436 2302 670 2361 prudentia
701 2305 1036 2347 circumstantias
1068 2303 1301 2359 ponderans
1333 2316 1381 2347 ac
1414 2316 1464 2346 ex
1499 2302 1578 2346 illis
1611 2302 1770 2360 eligens

134 2374 403 2418 alterutrum:
431 2376 473 2431 a)
509 2373 569 2417 vel
598 2374 908 2432 publicationes
942 2373 1047 2417 t'm'bi
1079 2372 1300 2428 faciendas
1333 2374 1490 2431 eoee'yat,
1517 2374 1769 2430 iniungendo

135 2457 301 2503 quoque
334 2448 366 2488 si
403 2445 517 2489 locus
552 2445 619 2489 ille
652 2448 688 2489 ei
723 2446 983 2492 subiiciatur,
1016 2458 1137 2489 secus
1175 2457 1244 2489 eas
1287 2445 1591 2502 expostulando
1624 2445 1769 2489 saltem

136 2528 209 2572 per
239 2529 414 2572 sponsus
447 2522 517 2560 aut
542 2519 769 2573 parochum
804 2516 856 2561 ab
881 2516 989 2560 illius
1024 2516 1100 2560 loci
1127 2515 1307 2573 parocho
1345 2516 1406 2560 vel
1438 2514 1676 2570 Ordinatio,
1702 2519 1770 2574 qui

135 2585 305 2644 obsequi
341 2587 540 2631 deberent
585 2587 708 2631 huius
754 2591 791 2630 vi
835 2589 1018 2643 canonis,
1055 2586 1097 2644 b)
1133 2586 1194 2630 vel
1235 2586 1348 2630 alias
1392 2587 1665 2645 probationes
1698 2601 1769 2629 sea

137 2657 417 2709 coniecturas,
450 2657 633 2702 scilicet:
659 2657 894 2715 probabiles
927 2663 989 2702 ast
1024 2660 1222 2715 positivas
1257 2661 1449 2712 rationes,
1473 2672 1602 2716 saper
1635 2663 1773 2701 statas

137 2727 347 2782 libertate,
373 2728 410 2772 id
445 2733 529 2772 est:
561 2731 612 2772 de
647 2733 823 2785 partium
860 2728 1121 2773 immunitate
1156 2731 1360 2786 imprimis
1390 2732 1442 2773 ab
1477 2730 1774 2786 impedimento

140 2799 348 2857 ligaminis
379 2799 553 2857 aliisque
588 2800 896 2857 impedimentis
928 2799 1224 2844 dirimentibus
1256 2813 1304 2844 ac
1339 2800 1663 2857 impedientibus
1695 2800 1772 2842 sal-

138 2875 220 2914 tem
269 2870 521 2928 generaliter
569 2871 844 2925 considerata,
893 2870 1166 2928 colligendas,
1215 2876 1415 2929 quantum
1467 2870 1659 2928 possibile
1707 2873 1771 2918 sit,
