1971 3261
151 135 220 169 350
544 136 627 170 Lm.
656 136 727 169 III.
755 155 769 161 -
795 136 905 170 PARS
930 136 960 170 I.
990 156 1002 161 -
1028 136 1086 171 De
1111 136 1374 172 Sao-ramentis
1499 152 1501 155 ·
1583 137 1677 173 Gan.
1703 138 1783 173 947-

152 254 540 308 concomitantilms,
563 266 669 310 quae
696 255 868 296 formam
894 256 1148 297 constituunt
1183 268 1328 298 revera
1362 255 1688 312 deprecativam,
1712 269 1772 300 se-

152 325 333 369 cundum
362 325 465 368 beati
493 323 627 367 lacobi
649 327 920 367 sententiam:
951 330 1025 368 «et
1047 327 1178 368 oratio
1201 326 1296 368 fidei
1316 325 1492 370 salvabit
1512 328 1775 380 infirmum»,

154 395 196 452 b)
221 395 369 439 ordine
395 395 711 450 praecedentiae
736 397 842 438 inter
865 407 948 448 eas,
972 385 1150 439 scilicet:
1177 401 1220 439 ut
1242 399 1296 439 ait
1321 396 1398 440 Rit.
1424 396 1540 440 Rom.
1575 397 1670 454 (loc.
1705 398 1774 441 cit.

153 481 189 509 n.
231 467 311 523 15).
353 466 591 522 «Quinque
626 468 811 522 corporis
845 471 981 522 parles
1015 469 1238 523 praecipue
1272 470 1368 524 uugi
1393 467 1556 515 debent,
1582 481 1684 524 quas
1710 482 1776 511 ve-

154 538 226 580 luti
261 550 454 580 sensuum
508 539 776 579 instrumenta
828 536 980 579 homini
1030 541 1175 580 natura
1225 538 1381 591 tribuit,
1429 552 1598 595 nempe:
1653 539 1774 595 oculi,

155 622 288 660 aures,
324 620 454 662 nares,
490 622 534 650 os
566 614 604 650 et
639 620 847 664 manus»,
882 607 921 664 c)
955 613 994 650 e!
1036 607 1156 651 modo
1204 609 1253 652 ad
1305 621 1426 666 quem
1477 612 1692 666 pertinent·
1723 623 1772 653 ex

154 678 231 722 Rit.
267 678 383 722 Rom.
419 678 513 735 (loc.
549 680 637 729 cit.)
671 680 831 721 numeri
870 678 933 731 16,
969 678 1037 732 17,
1080 679 1145 733 18,
1179 678 1255 722 hoc
1298 684 1380 724 est:
1430 679 1618 723 «Manus
1663 693 1774 735 vero,

151 761 255 805 quae
306 748 473 804 reliquis
523 750 697 791 intirmis
745 750 917 791 interius
963 750 1060 804 ungi
1105 747 1268 803 debent,
1305 748 1562 806 Presbyteris
1593 753 1775 794 exterius

152 823 371 873 ungantur.
407 844 458 848 —
494 818 598 861 Dum
634 818 789 872 oculos,
828 832 950 862 aures
991 823 1029 862 et
1072 819 1150 862 alia
1195 822 1381 875 corporis
1423 820 1625 874 membra,
1668 833 1774 878 quae

152 891 262 946 paria
297 894 404 943 sunt,
438 890 639 932 Sacerdos
672 892 800 946 ungit,
836 895 996 944 caveat,
1023 903 1071 932 ne
1104 889 1279 933 alterum
1314 893 1496 946 ipsorum
1522 891 1773 948 inungendo,

150 962 403 1003 sacramenti
440 962 612 1003 t'ormaiu
651 963 763 1016 prius
795 960 1001 1014 absolvat,
1044 973 1167 1016 quam
1213 960 1335 1004 ambo
1378 961 1613 1005 huiusmodi
1661 965 1771 1018 paria

152 1031 335 1074 membra
374 1034 626 1087 perunxerit.
653 1056 703 1062 —
731 1032 769 1075 Si
805 1033 897 1088 quis
929 1036 1066 1074 autem
1101 1034 1152 1074 sit
1175 1031 1312 1089 aliquo
1338 1031 1525 1076 membro
1551 1032 1773 1086 mutilatus,

151 1115 244 1157 pars
279 1101 365 1144 loco
401 1101 456 1143 illi
493 1104 678 1157 proxima
714 1104 951 1158 inungatur,
976 1102 1120 1145 eadem
1156 1102 1379 1146 verborum
1415 1103 1603 1145 forma».
1627 1102 1676 1146 Et
1698 1103 1774 1147 hoc

151 1177 401 1226 postremum
441 1176 575 1230 «quia
610 1175 804 1230 quamvis
839 1173 1015 1216 mutilati
1050 1186 1130 1215 non
1166 1172 1345 1217 habeant
1380 1173 1577 1228 membra,
1622 1173 1774 1218 habent

150 1248 284 1286 tamen
319 1245 522 1299 potentias
555 1246 731 1297 animae,
766 1255 872 1300 quae
908 1242 987 1286 illis
1031 1243 1229 1287 membris
1277 1244 1492 1299 debentur,
1541 1245 1683 1288 saltem
1735 1248 1772 1288 in

151 1313 312 1367 radice,
361 1319 400 1357 et
450 1316 620 1357 interius
669 1326 841 1371 peccare
890 1319 1059 1370 possunt
1092 1327 1164 1370 per
1197 1327 1258 1369 ea,
1293 1327 1398 1372 quae
1431 1315 1481 1357 ad
1517 1319 1652 1371 partes
1686 1315 1775 1359 illas

151 1387 366 1440 pertinent,
402 1388 594 1442 quamvis
628 1398 706 1427 non
741 1387 962 1428 exterius»
993 1385 1019 1427 1.

267 1455 395 1512 lgitur
433 1471 453 1496 «
475 1458 688 1499 unctiones
723 1455 862 1499 verbis
894 1456 1039 1499 ordine
1073 1460 1113 1498 et
1137 1456 1297 1500 modo»
1321 1457 1362 1499 in
1388 1456 1508 1499 libris
1530 1456 1772 1510 ritualibus,

148 1528 206 1569 sic
231 1526 365 1575 dictis,
390 1541 437 1569 eo
461 1527 570 1584 quod
598 1529 699 1569 ritus
722 1539 770 1570 ac
793 1529 1079 1569 caeremonias
1104 1540 1175 1582 per
1198 1532 1412 1570 extensum
1438 1540 1485 1571 ac
1510 1530 1774 1584 praeceptive

149 1600 374 1649 continent,
396 1597 676 1655 praescripto,
696 1611 794 1654 ergo
818 1597 885 1640 alii
912 1599 1013 1640 ritus
1037 1610 1084 1641 ac
1107 1601 1407 1643 caeremoniae.
1432 1598 1610 1642 scilicet:
1637 1600 1770 1642 forsan

149 1669 377 1711 directivae
410 1668 542 1711 solum
578 1681 764 1721 normae,
801 1671 837 1710 vi
872 1668 994 1711 huius
1027 1671 1196 1711 canonis
1229 1672 1519 1725 praeceptivae
1543 1683 1621 1712 non
1648 1671 1773 1724 liunt,

149 1738 239 1782 iibri
260 1743 396 1782 autem
424 1739 707 1795 intelligantur
729 1742 983 1796 quicumque
1006 1741 1086 1782 sint
1104 1739 1328 1783 authentici
1353 1753 1400 1782 ac
1419 1739 1636 1783 cuiuslibet
1658 1742 1772 1794 ritus,

153 1823 189 1849 v.
215 1823 274 1866 gr.
300 1810 378 1853 Rit.
404 1810 521 1855 Rom.
548 1810 642 1867 (loc.
668 1813 735 1854 cit.
760 1823 850 1866 cap.
876 1810 938 1866 Q:
978 1807 1132 1854 «Ordo
1166 1811 1423 1854 ministrandi
1459 1812 1769 1854 Sacramentum

150 1879 370 1924 Extremae
393 1881 659 1935 Unctionis»,
683 1880 994 1924 Caeremoniale
1018 1880 1333 1937 Episcoporum,
1357 1880 1667 1925 Caeremoniale
1695 1879 1772 1926 Or-

149 1951 255 1993 dinis
275 1954 354 1994 ritu
377 1945 542 2008 pro‘prio
565 1955 841 2005 utentis,etc.;
861 1956 984 2009 atque
1004 1954 1158 1995 iussum
1181 1954 1352 1995 canonis
1371 1959 1452 1995 est:
1474 1958 1670 1995 (termole
1683 1966 1773 2010 per-

148 2028 345 2078 afflantur,
381 2036 548 2078 nempe:
584 2022 806 2079 diligenter
830 2022 999 2065 vitando
1025 2025 1285 2077 mutationes,
1309 2023 1541 2066 additiones
1566 2023 1628 2066 vel
1655 2025 1774 2067 omis-

147 2095 283 2135 siones
305 2106 604 2150 quascumque,
628 2107 723 2136 cuin
756 2092 1025 2149 sequentibus
1060 2093 1391 2137 limitationibus:
1426 2094 1466 2136 iu
1502 2107 1601 2136 casu
1634 2099 1772 2137 autem

150 2163 428 2216 necessitatiS,
464 2164 500 2206 id
537 2168 616 2213 est;
652 2167 696 2206 ut
728 2165 784 2205 ait
816 2162 894 2206 Rit.
929 2163 1045 2206 Rom.
1083 2163 1179 2220 (loc.
1217 2166 1284 2207 cit.
1325 2177 1364 2206 n.
1406 2163 1496 2220 10):
1550 2164 1635 2208 «Si
1683 2167 1774 2221 quis

148 2238 284 2276 autem
321 2233 481 2277 laborat
515 2236 553 2276 in
587 2236 798 2287 extremis,
833 2238 872 2276 et
896 2233 1126 2289 periculum
1162 2235 1389 2289 immineat,
1413 2247 1463 2277 ne
1496 2234 1670 2278 decedat
1702 2247 1773 2278 an-

149 2308 313 2361 tequam
351 2305 549 2347 tiniantur
587 2307 812 2356 unctiones,
847 2306 927 2347 cito
966 2309 1157 2360 ungatur,
1202 2305 1435 2360 incipiendo
1477 2304 1528 2348 ab
1571 2318 1618 2348 eo
1662 2305 1770 2349 loco:

151 2373 226 2416 Per
253 2377 367 2417 istam
393 2379 576 2418 sanctam
605 2377 854 2428 unctionem,
879 2379 972 2428 etc.,
998 2380 1040 2417 ut
1072 2376 1176 2417 infra
1197 2390 1237 2428 ›>,
1272 2378 1354 2418 imo
1390 2381 1431 2418 ut
1463 2376 1588 2418 edicit
1621 2388 1771 2419 canon:

147 2443 298 2502 sufficit
330 2444 370 2501 a)
406 2445 529 2487 unica
564 2445 703 2488 unctio
736 2445 780 2487 in
815 2458 894 2487 emo
926 2458 1050 2487 sensu
1083 2457 1351 2502 quocumque
1384 2459 1433 2488 ex
1468 2446 1600 2500 dictis,
1638 2444 1679 2502 b)
1702 2459 1773 2488 seu

146 2514 318 2568 remim,
344 2516 514 2570 proinde
550 2515 887 2571 praeeligendum
922 2517 1090 2572 quando
1124 2528 1244 2558 casus
1277 2514 1389 2558 Deci.
1419 2516 1572 2559 citandi
1596 2518 1772 2568 eveniat,

149 2585 189 2627 in
223 2585 376 2642 fronte,
409 2589 503 2642 quia
540 2588 577 2628 in
611 2590 746 2642 capite
779 2588 855 2628 sita
903 2591 962 2628 est
1009 2587 1272 2642 cogitationis
1319 2586 1438 2629 sedes
1487 2599 1536 2629 ac
1587 2591 1773 2630 centrum

147 2669 372 2699 nervorum
406 2669 617 2711 sensuum,
651 2670 741 2698 cum
771 2655 1040 2713 praescripta
1075 2655 1276 2716 implicite
1310 2656 1454 2699 saltem
1495 2659 1531 2698 vi
1566 2656 1688 2699 huius
1710 2668 1774 2699 ca-

149 2730 266 2770 nonis
297 2727 435 2784 forma
469 2726 656 2769 breviore
688 2727 738 2770 ob
774 2725 899 2770 Decm.
934 2727 972 2770 S.
1007 2725 1156 2782 Congr.
1190 2727 1228 2771 S.
1253 2724 1392 2771 Officii
1421 2726 1435 2748 ²
1471 2729 1508 2769 in
1532 2740 1614 2784 quo
1643 2740 1774 2771 «cum

221 2863 222 2866 ,
266 2832 275 2852 1
319 2831 365 2864 D.
407 2831 477 2865 Th.
521 2831 655 2875 Suppl.
685 2843 719 2875 q.
749 2831 920 2872 XXXII,
949 2842 982 2864 a.
1012 2831 1045 2874 7,
1079 2842 1111 2865 ο.
1154 2852 1193 2856 -
1235 2832 1248 2853 2
1285 2832 1330 2865 23
1372 2833 1463 2877 Apr.
1506 2831 1605 2872 1906,
1645 2833 1692 2865 A.
1734 2830 1771 2864 S.

149 2878 186 2912 s.
210 2878 398 2922 XXXIX,
418 2878 499 2913 273.
