1971 3261
123 119 193 153 234
520 118 604 153 Lm.
633 118 706 152 III.
735 137 750 143 -
776 117 886 152 PARS
910 117 943 151 I.
973 137 984 143 -
1010 117 1068 153 De
1092 117 1359 153 Sacramentis
1479 116 1573 153 Gan.
1599 117 1756 152 881-882

125 237 437 281 aedificationem),
467 247 555 282 quae
584 236 634 280 (in
660 238 801 281 genere)
831 246 890 281 per
914 235 1171 271 ordinationem
1199 234 1371 271 Ecclesiae
1397 239 1624 271 coarctatur»
1653 245 1759 271 sensu

125 301 229 333 antea
255 296 358 332 dicto.

246 354 359 391 Obiici
401 359 514 401 posset
541 354 632 400 quod
659 354 689 388 vi
718 353 865 388 canonis
902 352 1109 398 propugnati
1151 350 1219 387 872
1249 352 1325 387 «ad
1353 351 1505 387 validam
1538 343 1757 398 peccatorum

126 415 382 451 absolutionem
410 413 599 459 requiritur
626 413 661 447 in
689 412 851 447 ministro
879 416 1028 458 potestas
1055 411 1382 455 iurisdictionis....‚
1411 411 1447 445 in
1476 410 1760 457 poenitentem»,

127 479 231 520 atque
258 474 287 508 vi
316 484 392 508 can.
434 470 535 514 2236,
562 475 581 514 ἓ
611 471 625 506 1
658 470 848 507 «remissio
874 481 1004 516 poenae
1032 481 1090 516 per
1115 470 1387 511 absolutionem,
1408 470 1435 504 si
1463 474 1588 515 agatur
1613 469 1655 505 de
1680 479 1759 504 cen·
1821 472 1825 473 ⁷

128 533 231 575 suris,
258 532 398 567 concedi
440 536 577 566 tantum
605 534 715 576 potest
740 529 784 565 ab
809 540 848 565 eo
874 529 932 575 qui
962 539 1109 575 poenam
1147 529 1239 571 tulit,
1267 533 1346 572 etc.‚
1374 528 1427 564 vel
1459 528 1503 564 ab
1529 539 1568 564 eo
1594 527 1648 563 cni
1677 528 1761 563 haec

131 596 278 637 potestas
315 590 503 626 commissa
528 593 579 625 est
594 603 625 624 ι).
664 588 733 624 Sed
760 588 906 623 diluitur
944 588 1129 623 difficultas
1167 588 1328 632 dicendo,
1373 587 1557 634 «aliquem
1586 598 1685 633 posse
1711 586 1760 622 uti

129 650 369 685 iurisdictione
406 648 550 684 alterius
578 647 785 692 (ordinaria)
811 658 852 683 ex
878 648 952 682 eius
991 647 1183 688 voluntate,
1212 646 1293 692 quia
1318 657 1358 682 ea
1386 657 1476 692 quae
1511 645 1762 681 iurisdictionis

128 714 223 748 sunt,
249 708 418 743 committi
460 711 617 754 possunt.
660 706 759 742 Unde
784 706 866 752 quia
893 705 1045 741 Ecclesia
1082 710 1251 751 acceptat,
1281 710 1316 740 nt
1343 705 1491 751 quilibet
1517 705 1676 741 sacerdos
1702 704 1762 740 ab·

130 767 261 803 solvere
299 766 406 813 possit
433 766 468 800 in
495 765 642 801 articulo
680 765 814 809 mortis,
845 765 921 800 idco
947 775 988 800 ex
1014 764 1078 799 hoc
1115 764 1189 810 ipso
1215 763 1294 810 quis
1321 764 1520 799 secundum
1547 764 1630 809 quid
1657 774 1760 798 usum

131 825 381 861 iurisdictionis
420 824 522 860 habet
550 827 624 869 (seu
651 829 688 859 ut
714 823 857 859 aiebant
895 823 1044 868 theologi
1071 828 1104 858 et
1138 822 1342 858 canonistae
1368 822 1527 868 antiqui:
1568 822 1762 867 delegatam

132 884 409 942 iurisdictionem
436 895 457 919 a
484 883 586 926 iure),
615 882 776 929 quamvis
802 882 1044 918 iurisdictione
1071 881 1273 926 (habituali)
1301 885 1447 917 careat»
1468 881 1494 915 1.

252 980 364 1024 Haec
398 980 587 1023 doctrina
631 978 831 1035 implicite
873 979 1130 1034 approbatur
1163 979 1202 1020 in
1237 976 1403 1033 Codice,
1437 976 1537 1020 dum
1571 988 1766 1033 expresse

131 1052 231 1095 dicit
265 1065 353 1093 ean.
379 1052 486 1094 882.
525 1049 569 1092 ln
599 1049 791 1107 periculo
827 1048 974 1092 mortis
1007 1050 1096 1092 sive
1120 1061 1171 1091 ex
1198 1049 1451 1103 infirmitate,
1489 1049 1578 1091 sive
1602 1060 1651 1090 ex
1683 1045 1767 1089 vul-

135 1135 246 1176 nere,
280 1127 349 1165 aut
383 1121 621 1177 chirurgica
656 1122 899 1163 imminente
943 1121 1195 1176 operatione,
1230 1121 1321 1162 sive
1354 1117 1684 1175 aequipollenter
1717 1130 1766 1160 ex

136 1192 283 1236 bellica
316 1194 632 1247 convocatione,
666 1193 779 1234 iuxta
814 1190 1042 1234 resolutum
1076 1202 1098 1233 a
1131 1190 1170 1234 S.
1208 1189 1525 1232 Poenitentiaria
1546 1187 1561 1210 ²
1594 1187 1767 1231 dubium

134 1266 347 1321 sequentis
379 1265 556 1306 tenoris:
596 1266 775 1305 «utrum
810 1261 929 1304 miles
961 1263 1216 1318 quicumque
1252 1263 1290 1303 in
1324 1265 1432 1303 statu
1468 1258 1640 1303 bellicae
1673 1271 1768 1302 con-

140 1336 380 1384 vocationiS,
413 1347 498 1385 seu,
534 1338 576 1376 ut
608 1335 737 1386 aiunt,
773 1332 1098 1384 mobilitationis,
1143 1333 1406 1385 constitutus,
1442 1333 1529 1387 ipso
1564 1331 1671 1374 facto
1704 1342 1769 1373 ae-

137 1407 348 1462 quiparari
384 1406 510 1460 possit
543 1406 591 1447 iis
623 1406 692 1461 qui
730 1408 947 1446 versantur
973 1405 1011 1445 in
1038 1402 1222 1459 periculo
1249 1404 1408 1456 mortis,
1434 1404 1487 1444 ita
1511 1405 1600 1445 uta
1622 1402 1773 1458 quovis

137 1476 262 1520 obvio
295 1475 511 1519 sacerdote
539 1477 662 1531 possit
701 1473 921 1517 absolvi».
956 1473 1075 1529 Resp.
1119 1489 1137 1513 «
1159 1471 1433 1527 Affirmative,
1461 1474 1574 1515 iuxta
1609 1470 1773 1528 regulas

137 1560 159 1590 a
195 1546 379 1603 probatis
413 1545 653 1589 auctoribus
687 1545 916 1589 traditas».

259 1616 385 1673 lgitur
421 1618 458 1659 in
493 1615 699 1672 explicato
750 1614 934 1672 periculo
971 1616 1127 1669 mortis,
1165 1627 1241 1657 nec
1290 1612 1491 1656 articulus
1526 1614 1670 1655 mortis
1702 1625 1773 1655 sen

140 1689 397 1730 imminentia
448 1689 645 1742 exigitur,
677 1699 817 1729 omnes
850 1683 1091 1728 sacerdotes
1124 1686 1237 1727 iuxta
1277 1696 1368 1728 can.
1403 1683 1504 1737 871,
1539 1685 1635 1740 quia
1674 1685 1776 1725 «vis

138 1757 452 1801 sacramentalis
487 1758 763 1813 poenitentiae
805 1757 992 1799 consistit
1026 1757 1063 1798 in
1099 1754 1429 1798 sanctificatione
1473 1754 1649 1796 ministri
1684 1756 1777 1809 (per

140 1829 427 1872 characterem
461 1826 845 1883 sacramentalch
895 1830 935 1869 et
969 1826 1061 1869 ideo
1096 1825 1163 1868 ille
1196 1827 1266 1882 qui
1317 1825 1421 1868 laico
1466 1824 1689 1868 confitetur
1720 1825 1775 1876 (in

143 1899 325 1955 periculo
360 1898 534 1954 mortis),
570 1900 763 1956 quamvis
798 1896 967 1953 impleat
999 1896 1109 1954 quod
1144 1909 1194 1939 ex
1219 1900 1335 1952 parte
1358 1907 1431 1938 sua
1465 1899 1526 1938 est
1560 1894 1611 1937 de
1644 1906 1779 1937 sacra-

148 1970 313 2014 mentali
358 1970 616 2013 consessione
651 1968 826 2026 (absque
859 1967 1112 2024 obligatione
1162 1965 1433 2023 huiusmodi),
1469 1971 1604 2009 tamen
1639 1977 1776 2008 sacra·

146 2040 366 2083 mentalem
399 2039 699 2083 absolutionem
736 2052 814 2082 non
839 2040 1177 2095 consequitur-3...
1213 2050 1288 2080 nec
1321 2037 1638 2080 diminutionem
1666 2034 1776 2078 illam

146 2123 312 2167 poenae,
338 2124 444 2168 quae
468 2114 528 2154 est
553 2112 592 2152 vi
617 2110 819 2153 clavium:
855 2114 895 2152 et
928 2109 1021 2152 ideo
1054 2112 1215 2164 oportet
1248 2107 1359 2165 quod
1394 2109 1545 2150 iterum
1570 2106 1776 2150 sacerdoti

144 2182 430 2225 confiteatur»
455 2181 483 2225 ³.
517 2206 574 2212 —
606 2180 649 2223 ln
693 2193 850 2224 canone
898 2184 1056 2233 autem,
1088 2192 1212 2236 quem
1265 2181 1612 2232 commentamur,
1667 2175 1778 2221 nulla

148 2255 313 2309 ponitur
346 2252 555 2296 distinctio
583 2251 645 2295 vel
671 2251 860 2295 limitatio
885 2250 1021 2308 quoad
1055 2250 1307 2305 sacerdotes,
1343 2251 1424 2291 imo
1458 2248 1648 2291 additur:
1684 2246 1781 2290 lieet

147 2322 203 2367 ad
235 2322 515 2380 confessiones
549 2322 819 2378 excipiendas
852 2335 933 2364 non
967 2319 1205 2378 approbati,
1225 2324 1262 2363 et
1287 2323 1590 2376 consequenter
1613 2317 1663 2361 ad
1690 2330 1781 2361 can.

147 2394 229 2436 877
265 2393 550 2436 iurisdictione
585 2405 663 2435 non
701 2391 901 2448 pollentes
924 2390 1140 2444 habituali,
1172 2389 1326 2443 valide,
1353 2394 1395 2432 ut
1418 2393 1539 2432 antea
1575 2390 1687 2431 iuxta
1712 2389 1780 2432 cit.

151 2463 479 2507 Declarationem
514 2464 552 2506 S.
577 2460 727 2511 Officii,
763 2467 802 2505 et
835 2461 952 2504 licite
983 2461 1033 2504 ad
1070 2464 1311 2517 potestatem
1347 2458 1644 2503 iurisdictionis
1667 2457 1776 2516 quod

148 2537 293 2577 attinet
328 2533 455 2578 libere
489 2533 767 2577 exercendam
802 2533 853 2576 de
886 2544 968 2589 qua
1000 2533 1154 2585 statim,
1188 2529 1408 2573 absolvunt
1450 2528 1654 2587 quoslibet
1683 2542 1780 2586 poe-

148 2605 343 2656 nitentes,
383 2606 507 2647 etiam
552 2603 767 2660 religiosas
800 2608 839 2646 et
873 2604 1052 2646 novitias
1105 2603 1142 2643 in
1178 2603 1357 2657 propriis
1399 2613 1541 2644 earum
1577 2598 1781 2654 domibus,

153 2690 225 2733 pro
259 2675 410 2734 quihus
435 2675 538 2718 alias
577 2674 815 2731 «peculiari
841 2673 1127 2717 iurisdictione
1151 2671 1338 2727 indigent
1360 2686 1381 2712 »
1420 2671 1532 2727 (can.
1557 2670 1656 2723 876,
1677 2669 1706 2728 ἓ
1729 2669 1784 2724 1),

180 2864 211 2898 ,ἴ
272 2816 391 2898 1ἀῖιὲο.
421 2816 488 2850 cit.
518 2815 566 2853 ad
595 2817 656 2849 1¹³².
679 2835 721 2840 ——
748 2815 760 2836 2
779 2815 824 2848 29
850 2814 946 2848 Maii
974 2814 1078 2854 1915,
1108 2812 1183 2848 CO.
1213 2812 1302 2853 VH,
1330 2811 1399 2846 282
1425 2832 1471 2837 —
1495 2811 1509 2833 3
1527 2811 1575 2845 D.
1604 2809 1676 2844 Th.
1705 2810 1778 2844 loc.

155 2876 188 2898 ci
218 2891 224 2898 .
253 2876 275 2898 a
352 2870 385 2898 ¹¹³.
