1971 3261
184 148 278 184 Can.
306 147 509 183 1110-1111
703 147 786 181 Trr.
814 146 899 181 VII.
925 166 937 172 -
965 146 1022 181 De
1048 147 1308 180 Matrimonio
1744 143 1812 177 667

188 267 300 310 inter
332 266 526 323 condurses
559 268 618 309 sic
650 265 783 309 dictos
817 270 983 322 propter
1030 265 1278 322 explicatam
1314 278 1335 308 a
1373 264 1416 307 t).
1450 263 1522 307 Th.
1558 266 1812 307 coniunctio-

189 352 297 392 nem,
331 335 543 380 vinculum
576 349 657 392 (pio
692 336 872 393 ligantur
921 336 1148 379 lormaliter
1185 338 1287 390 iure,
1321 348 1369 379 ac
1413 340 1629 392 propterea
1664 335 1817 378 (licitur

192 425 212 451 «
240 408 495 452 vinculum»
533 408 767 464 coniugale,
801 413 957 450 aalma
991 422 1067 449 ,ςηα
1100 407 1235 451 eidem
1272 407 1397 450 indita
1422 406 1473 450 ab
1508 409 1622 449 initio
1647 406 1814 450 humani

187 481 364 537 generis,
398 482 521 535 atque
556 480 644 521 iure
678 479 821 521 (livino
858 481 1033 534 positivo
1067 492 1114 522 ac
1147 478 1392 534 evangelico
1410 479 1667 530 confirmata,
1703 489 1815 534 prae-

189 551 345 594 dictum
385 549 595 592 vinculum
632 555 691 593 est
727 555 976 607 perpetuum
1009 556 1046 592 e!
1081 548 1337 592 exclusivum
1372 562 1420 591 ex
1449 553 1563 604 parte
1604 550 1818 605 utriusque

189 622 392 676 coniugis,
428 622 563 676 prouti
599 627 736 664 manet
769 620 1020 677 explicatum
1058 623 1095 663 in
1131 633 1220 664 can.
1258 620 1386 673 1013,
1418 620 1446 677 ξ
1480 619 1502 662 ⁶2
1537 619 1588 662 (le
1621 622 1816 662 essentia—

191 691 297 735 libus
332 694 583 735 matrimonii
619 692 967 749 proprietatibus:
1003 691 1320 735 ‘iniilrz'moniwn
1364 696 1589 748 praeterea
1623 690 1817 733 christio-

190 776 289 805 mcm
322 776 498 819 nempe:
532 766 780 807 sacramenti
830 763 1032 820 (lignitate
1080 767 1246 806 auctum
1283 776 1331 805 ex
1367 761 1516 805 Christi
1552 763 1820 814 institutione.

191 833 436 891 com'uyibus
460 847 508 877 ex
537 834 604 877 illo
628 835 834 888 effective,
858 848 940 877 icon
961 833 1212 892 ponentibus
1244 832 1396 877 obicem
1422 837 1589 889 propter
1611 835 1818 876 consciam

194 907 468 961 privationem
495 910 624 949 status
648 908 805 962 gratiae
832 908 1054 963 requisitae
1088 905 1136 948 ad
1164 905 1262 948 illud
1288 909 1612 957 sacramentum,
1633 904 1819 961 qratiam

193 976 356 1034 confert
399 977 607 1034 equidem,
645 982 764 1033 prout
798 978 1013 1020 delinitum
1050 983 1111 1019 est
1144 979 1182 1019 in
1215 976 1226 997 ²
1261 975 1384 1020 Conc.
1419 975 1545 1029 Trici..
1586 974 1824 1018 carentibus

192 1058 239 1090 ea
275 1048 464 1103 primam,
500 1048 696 1104 praeditis
731 1047 797 1090 illa
831 1047 1074 1101 secundam,
1108 1047 1240 1090 idest:
1265 1048 1424 1103 gratiae
1457 1050 1742 1101 augmentum.

290 1147 424 1182 Etenim
457 1148 772 1193 «matrimonium,
814 1149 1026 1194 inquantum
1068 1149 1101 1182 in
1140 1148 1205 1183 lide
1245 1147 1372 1185 Christi
1413 1146 1682 1186 contrahitur»,
1708 1146 1756 1180 ait
1785 1145 1822 1180 Ι).

194 1208 258 1243 Th.
278 1208 314 1242 2:
345 1222 358 1239 «
379 1207 483 1242 habet
511 1213 547 1242 ut
573 1208 728 1243 conferat
753 1208 902 1253 gratiam
940 1208 1167 1243 adiuvantem
1193 1208 1236 1242 ad
1265 1207 1323 1242 illa
1353 1207 1531 1253 operanda
1570 1218 1657 1252 quae
1686 1206 1720 1240 in
1750 1218 1822 1241 ma-

194 1267 360 1301 trimonio
387 1267 677 1312 requiruntur
703 1268 786 1313 quia
812 1267 1025 1313 ubicumque
1051 1267 1154 1302 datur
1179 1266 1349 1301 divinitus
1366 1266 1483 1311 aliqua
1511 1265 1670 1308 facultas,
1699 1266 1828 1300 dantur

194 1326 299 1361 etiam
326 1326 468 1366 auxilia,
495 1326 623 1371 quibus
663 1326 765 1362 homo
803 1327 1053 1362 convenienter
1079 1326 1126 1361 uti
1158 1326 1264 1372 possit
1304 1325 1467 1360 facultate
1494 1324 1577 1360 illa:
1607 1325 1696 1359 sicut
1736 1329 1827 1371 patet

195 1384 285 1430 quod
313 1384 478 1420 omnibus
507 1385 671 1431 potentiis
697 1386 836 1421 animae
862 1386 1077 1431 respondent
1101 1385 1221 1430 aliqua
1260 1384 1417 1420 membra
1443 1383 1607 1430 corporis,
1638 1383 1766 1429 quibus
1793 1384 1827 1418 in

195 1449 312 1480 actum
339 1445 432 1480 exire
458 1445 606 1490 possint.
638 1444 734 1481 Unde
760 1457 839 1481 cum
868 1446 903 1480 in
932 1444 1158 1480 matrimonio
1183 1445 1284 1480 detur
1311 1444 1443 1479 homini
1479 1455 1517 1479 ex
1546 1444 1667 1479 divina
1695 1443 1831 1478 institu-

196 1504 291 1539 tione
318 1503 464 1539 facultas
491 1504 610 1539 utendi
640 1516 744 1540 uxore
763 1516 826 1540 sua
843 1505 885 1540 ad
915 1504 1190 1550 procreationem
1221 1504 1334 1549 prolis,
1354 1504 1457 1538 datur
1483 1503 1588 1538 etiam
1615 1503 1739 1548 gratia,
1755 1503 1831 1538 sine

197 1574 268 1609 qua
295 1563 327 1597 id
354 1563 605 1599 convenienter
633 1564 744 1599 facere
770 1575 841 1599 non
873 1568 984 1610 posset
1002 1576 1009 1605 ;
1030 1567 1119 1600 ....et
1146 1563 1195 1598 sic
1215 1563 1278 1598 ista
1298 1563 1412 1607 gratia
1439 1563 1534 1604 data,
1554 1567 1605 1598 est
1632 1562 1760 1598 ultima
1777 1573 1831 1598 res

196 1627 361 1658 contenta
388 1623 423 1657 in
453 1623 515 1658 hoc
554 1628 827 1659 sacramento».
856 1622 922 1659 Sed
961 1622 1316 1658 animadvertendum
1357 1623 1446 1668 quod
1480 1636 1494 1654 α
1515 1627 1636 1657 contra
1667 1622 1830 1668 concupi-

201 1682 371 1718 scentiam
391 1687 501 1728 potest
521 1682 687 1728 praestari
708 1683 902 1719 remedium
921 1683 1132 1729 dupliciter:
1163 1693 1233 1718 uno
1250 1682 1350 1717 modo
1368 1693 1406 1717 ex
1430 1686 1525 1728 parte
1545 1682 1653 1727 ipsius
1668 1682 1831 1728 concupi-

199 1742 366 1777 scentiae.
396 1746 432 1776 ut
458 1741 672 1788 reprimatur
697 1743 731 1777 in
761 1754 824 1778 sua
862 1743 987 1785 radice,
1016 1747 1049 1778 et
1075 1743 1123 1777 sic
1151 1742 1344 1778 remedium
1378 1746 1529 1788 praestat
1567 1741 1830 1776 matrimonium

201 1812 260 1847 per
285 1801 434 1846 gratiam
456 1812 545 1847 quae
572 1801 606 1836 in
635 1813 674 1837 eo
691 1802 795 1837 datur
813 1815 819 1847 3
840 1802 910 1837 alio
937 1803 1039 1837 modo
1064 1813 1103 1837 ex
1126 1807 1222 1848 parte
1247 1807 1346 1836 actus
1364 1801 1438 1837 eius
1456 1812 1463 1845 3
1484 1805 1516 1836 et
1544 1800 1607 1836 hoc
1633 1800 1831 1847 dupliciter,

199 1871 270 1896 uno
298 1861 399 1896 modo
426 1866 461 1895 ut
480 1866 578 1896 actus
595 1861 638 1896 ad
666 1873 768 1907 quem
797 1861 1082 1908 concupiscentia
1109 1861 1269 1901 inclinat,
1290 1860 1441 1896 exterius
1460 1859 1679 1906 turpitudine
1705 1865 1832 1900 careat,

199 1924 232 1955 et
261 1920 323 1955 hoc
350 1920 387 1955 fit
409 1932 467 1966 per
494 1920 586 1955 bona
612 1921 841 1962 matrimonii,
865 1932 953 1967 quae
980 1921 1168 1956 honestant
1193 1920 1371 1955 carnalem
1399 1919 1720 1965 concupiscentiam
1739 1931 1747 1961 ;
1767 1919 1835 1954 alio

203 1979 306 2016 modo
333 1985 370 2015 ut
395 1985 493 2015 actus
520 1981 775 2026 turpitudinem
805 1980 940 2015 habens
966 1980 1192 2026 impediatur,
1221 1980 1311 2025 quod
1341 1978 1377 2013 fit
1403 1990 1442 2014 ex
1470 1978 1545 2024 ipsa
1572 1983 1697 2014 natura
1723 1983 1834 2017 actus,

200 2039 284 2085 quia
309 2040 392 2074 dum
420 2040 724 2086 concupiscentiae
750 2039 878 2074 satisfit
897 2039 930 2074 in
951 2044 1029 2074 actu
1057 2038 1245 2084 coniugali,
1268 2039 1310 2073 ad
1329 2038 1416 2073 alias
1442 2037 1668 2084 corruptelas,
1698 2049 1769 2073 non
1790 2037 1836 2072 ita

204 2098 338 2134 incitat.
369 2098 508 2145 Propter
534 2099 625 2144 quod
653 2099 737 2134 dicit
764 2099 884 2144 Apost.
919 2097 1078 2134 «Melius
1103 2103 1154 2133 est
1181 2097 1322 2139 nubere,
1350 2108 1456 2143 quam
1484 2096 1549 2132 iuri
1572 2111 1586 2129 »
1605 2097 1631 2132 3.

325 2189 422 2232 519.
459 2191 731 2246 Coniugum
765 2193 925 2236 status
958 2190 1191 2234 iun-{dicus
1214 2193 1275 2231 est
1298 2188 1406 2231 idem
1433 2201 1481 2231 ac
1504 2189 1593 2231 iura
1617 2192 1657 2230 et
1680 2186 1836 2244 obliga-

204 2262 336 2304 tiones
370 2260 533 2303 illorum
559 2272 637 2317 qua
673 2260 816 2303 talium
843 2272 1128 2316 personarum,
1153 2264 1277 2316 atque
1297 2261 1354 2302 uti
1381 2263 1595 2315 parentum
1621 2271 1719 2315 erga
1746 2271 1833 2314 pro-

207 2331 300 2376 lem.
326 2331 540 2375 Radicitus
563 2345 610 2375 ac
634 2333 828 2388 generice
852 2331 966 2374 illum
993 2332 1185 2387 proponit
1208 2344 1299 2372 ean.
1325 2333 1439 2374 1111.
1472 2327 1646 2387 Utrique
1668 2328 1838 2386 eom'uyi'

206 2415 285 2460 qua
320 2403 405 2453 tali.
442 2403 613 2459 proinde
647 2401 810 2461 abipso
842 2401 1121 2456 iizalrimonii,
1158 2406 1202 2444 ut
1234 2407 1295 2445 est.
1327 2401 1405 2444 hoo
1439 2401 1631 2444 effectum
1652 2413 1673 2444 a
1703 2400 1838 2443 valido

207 2478 436 2521 contractu,
473 2474 596 2517 initio
643 2488 714 2517 seu
763 2476 916 2520 statim,
952 2485 999 2517 ac
1035 2473 1143 2516 illius
1184 2475 1222 2515 vi
1269 2486 1461 2530 aequum,
1496 2472 1547 2515 (le
1580 2485 1662 2529 quo
1713 2470 1839 2515 verbo

207 2544 421 2588 sciendum
457 2550 515 2588 est
550 2547 657 2588 sicut
689 2547 745 2589 ait
779 2545 825 2588 D.
858 2544 931 2589 Th.
952 2545 982 2598 ⁴,
1016 2560 1035 2584 «
1060 2543 1169 2601 quod
1204 2543 1356 2600 duplex
1392 2548 1453 2587 est
1486 2543 1730 2601 aequalitas,
1762 2544 1839 2585 sci-

209 2615 304 2659 licet
336 2619 578 2673 quantitatis
609 2621 649 2660 et
683 2618 974 2673 proportionis.
1010 2615 1250 2672 Aequalitas
1293 2615 1460 2672 quidem
1505 2616 1749 2672 ‹piantitatis
1782 2618 1841 2656 est

208 2699 315 2744 quae
347 2687 575 2730 attenditur
610 2691 715 2731 inter
748 2688 851 2731 (luas
884 2689 1136 2744 quantitates
1169 2686 1355 2729 eiusdem
1394 2698 1626 2738 mensurae,
1646 2687 1751 2728 sicut
1787 2683 1843 2727 hi-

209 2757 336 2802 cubiti
361 2758 411 2801 ad
449 2758 693 2802 bicubitum.
717 2758 795 2802 Sed
821 2757 1050 2816 aequalitas
1085 2759 1363 2814 proportionis
1385 2761 1461 2812 est,
1485 2769 1591 2814 quae
1616 2755 1843 2798 attenditur

328 2868 338 2889 ¹
366 2866 460 2901 Can.
481 2868 510 2899 1.
533 2877 627 2899 sess.
645 2865 779 2900 XXIV
798 2865 843 2899 de
863 2865 1117 2899 sacramento
1135 2863 1393 2897 matrimonii.
1417 2883 1458 2888 —
1478 2863 1491 2884 '2
1519 2862 1653 2907 Suppl.
1674 2873 1709 2906 q.
1729 2860 1840 2894 XLII

210 2927 243 2949 a.
273 2915 294 2948 3
320 2926 352 2947 c.
381 2921 423 2948 et:
448 2913 495 2947 ad
514 2914 576 2946 4¹¹¹.
608 2934 648 2938 —-
676 2914 689 2934 3
715 2913 734 2946 Ι
759 2912 807 2946 ad
833 2912 919 2946 Cor.
949 2912 1035 2953 VH,
1062 2912 1095 2945 9.
1128 2932 1159 2935 -
1195 2912 1209 2933 4
1237 2910 1371 2955 Suppl.
1398 2922 1434 2955 q.
1464 2910 1591 2944 LXIV
1618 2921 1649 2944 a.
1678 2911 1698 2943 5
1724 2920 1757 2942 c.
