1971 3261
187 150 280 185 Can.
311 148 378 184 782
681 147 764 182 Tl'r.
809 147 858 182 ΙΙ.
886 168 897 172 -
926 147 983 182 De
1014 148 1325 191 Confirmatione
1778 148 1824 182 Ta

188 274 325 312 autem
360 267 509 312 Christi
545 271 640 311 sunt
672 267 881 324 quoddam
903 266 1092 309 divinum
1114 279 1231 322 0qu
1254 266 1484 310 secundum
1507 266 1604 309 illud
1634 267 1670 309 ¹:
1707 271 1729 287 ·'·
1751 267 1821 310 liei

188 340 422 384 aediticatio
455 341 554 382 estis
578 374 615 393 ,‚.
652 339 753 382 Sunt
788 340 911 381 etiam
947 340 1063 395 qnasi
1089 337 1294 394 quaedam
1332 337 1546 395 “epistola
1571 338 1724 394 Spiritu
1751 338 1821 382 Dei

186 413 337 467 scripta
364 444 413 465 „‚
445 412 552 453 sicut
574 409 728 452 dicitur
752 407 779 449 ².
815 407 902 451 Hoc
926 413 1063 451 autem
1089 409 1418 451 confirmationis
1435 413 1741 452 sacramentum
1763 414 1823 452 est

185 483 301 539 quasi
324 481 465 524 ultima
489 482 792 523 consummatio
815 481 1065 522 sacramenti
1089 478 1296 535 baptismi,
1332 481 1384 522 ita
1419 478 1578 523 scilicet
1613 480 1721 537 quod
1751 494 1824 536 per

187 553 438 610 baptismum
472 550 718 594 aedificatur
752 549 875 593 homo
909 552 946 592 in
981 549 1150 592 domum
1185 549 1460 606 spiritualem,
1484 555 1523 593 et
1546 550 1825 594 conscribitur

186 625 302 681 quasi
338 621 541 678 quaedam
576 620 804 677 spiritualis
836 620 1033 676 epistola;
1066 620 1137 663 sed
1165 634 1237 676 per
1259 625 1569 664 sacramentum
1606 623 1825 665 contirma-

184 696 321 745 tionis,
354 695 470 750 quasi
505 692 654 735 domus
686 692 903 735 aediticata
939 690 1160 734 dedicatur
1184 693 1222 734 in
1250 691 1448 748 templum
1468 692 1646 748 Spiritus
1668 693 1823 743 Sancti,

184 771 225 809 et
256 767 372 822 quasi
408 763 581 820 epistola
614 765 847 819 conscripta
883 764 1072 819 signatur
1105 764 1223 819 signo
1257 764 1408 806 crucis.
1448 761 1497 806 Et
1532 763 1623 806 ideo
1657 763 1822 807 collatio

187 835 310 879 buius
341 835 590 878 sacramenti
625 835 830 890 episcopis
864 837 1116 889 reservatur,
1150 835 1219 890 qui
1255 832 1441 877 obtinent
1473 846 1679 877 summam
1716 839 1824 890 pote-

184 910 332 950 statem
368 907 406 948 in
441 904 651 955 Ecclesia;
692 907 797 948 sicut
831 909 871 947 et
904 906 942 946 in
971 906 1180 960 primitiva
1207 903 1390 947 Ecclesia
1417 917 1489 960 per
1513 906 1820 961 impositionem

188 989 335 1021 manus
357 976 654 1033 apostolorum,
688 988 865 1033 quorum
905 977 1038 1018 vicem
1074 979 1223 1031 gerunt
1258 974 1447 1032 Episcopi
1484 976 1588 1030 (can.
1613 975 1741 1034 3295
1766 976 1822 1033 1),

187 1047 402 1105 plenitudo
435 1048 614 1104 Spiritus
646 1048 784 1090 Sancti
819 1046 1010 1100 dabatur,
1047 1051 1089 1090 ut
1123 1045 1300 1090 babetur
1332 1046 1439 1099 (Act.
1469 1045 1587 1103 Vlll).
1612 1045 1729 1090 Unde
1753 1046 1824 1091 Ur-

188 1118 319 1164 banus
352 1117 366 1162 l
402 1130 504 1175 papa
539 1118 639 1162 dicit
673 1120 711 1160 in
746 1120 864 1173 epist.
899 1118 950 1161 ad
975 1131 1120 1161 omnes
1144 1116 1300 1169 tideles,
1325 1119 1435 1160 circa
1460 1118 1530 1160 tin.
1553 1121 1607 1170 (et
1632 1117 1821 1161 babetur:

188 1189 247 1233 De
281 1194 510 1233 consecrat.
545 1201 633 1245 cap.
670 1188 707 1239 1,
742 1188 835 1232 dist.
872 1189 933 1241 5):
969 1185 1177 1232 “Omnes
1210 1187 1354 1231 tideles
1389 1201 1460 1244 per
1484 1200 1632 1231 manus
1657 1191 1821 1245 imposi-

187 1263 339 1303 tionem
375 1262 681 1316 episcoporum,
714 1259 913 1314 Spiritum
963 1259 1159 1302 Sanctum
1206 1263 1293 1315 post
1340 1257 1589 1315 baptismum
1635 1262 1825 1315 accipere

187 1330 355 1384 debent,
390 1335 431 1373 ut
467 1329 576 1386 pleni
609 1328 831 1373 Christiani
868 1331 1137 1373 inveniantur
1163 1366 1187 1384 ‚‚
1211 1345 1250 1374 ».

304 1400 333 1459 ἓ
366 1400 403 1444 2.
439 1398 844 1449 E'oetraordinarius‚
880 1413 927 1443 eo
961 1400 1072 1458 quod
1108 1413 1157 1443 ex
1194 1400 1340 1444 ordine
1376 1405 1539 1457 recepto
1573 1414 1650 1444 non
1687 1414 1825 1444 conse-

187 1474 329 1530 quitur
360 1473 450 1515 iure
482 1472 627 1514 (livino
661 1475 922 1526 potestatem,
958 1475 1001 1514 ut
1033 1473 1084 1514 sit
1117 1471 1324 1525 Ίηίηἱείεν,
1357 1471 1428 1515 sed
1454 1476 1612 1515 tantum
1638 1472 1748 1529 quod
1774 1485 1822 1515 ex

190 1542 403 1599 plenitude
438 1543 650 1598 potestatis
693 1541 828 1598 Papae
872 1546 998 1600 queat
1031 1555 1103 1598 per
1137 1544 1270 1599 ipsum
1317 1542 1506 1598 deputari
1542 1542 1590 1586 ad
1627 1541 1726 1586 illud
1761 1555 1824 1586 sa·

186 1618 447 1658 cramentum
486 1612 597 1656 velut
616 1612 962 1669 exceptionaliter
984 1612 1298 1665 conserendum,
1324 1613 1554 1656 secundum
1577 1613 1676 1657 illud
1700 1612 1824 1657 Cone.

188 1683 436 1728 Florentini:
476 1699 497 1724 (c
520 1683 690 1740 Legitur
722 1688 859 1727 tamen
897 1682 1121 1741 aliquando
1147 1697 1220 1740 per
1242 1682 1505 1740 Apostolicae
1523 1684 1641 1728 Sedis
1663 1684 1827 1741 dispen-

187 1757 389 1798 sationem
425 1767 473 1797 ex
512 1753 744 1798 rationabili
779 1758 818 1798 et
852 1758 1027 1810 urgente
1071 1754 1297 1798 admodum
1338 1766 1460 1798 causa
1495 1754 1727 1811 simplicem
1761 1767 1823 1798 sa—

187 1825 398 1875 cerdotem
435 1824 659 1869 chrismate
693 1838 766 1882 per
799 1824 1049 1882 Episcopum
1085 1826 1272 1869 contecto
1296 1825 1373 1869 hoc
1397 1825 1710 1869 administrasse
1733 1839 1827 1870 con·

187 1897 436 1941 firmationis
468 1901 776 1940 sacramentum
802 1911 842 1938 )).
888 1896 1030 1954 ltaque
1074 1896 1166 1939 talis
1207 1898 1394 1940 minister
1437 1902 1498 1940 est
1535 1897 1577 1952 a)
1608 1896 1828 1955 presbyter

189 1967 256 2012 ille
274 1967 514 2025 singularis,
532 1967 600 2010 eui
618 1967 659 2023 b)
677 1966 740 2010 rel
760 1967 854 2011 iure
877 1967 1086 2010 communi
1118 1967 1299 2011 scilicet:
1334 1980 1384 2011 ex
1410 1967 1548 2025 aliquo
1571 1981 1728 2012 canone
1751 1966 1826 2012 Co·

184 2039 307 2094 dicis,
342 2038 406 2082 vel
433 2038 649 2097 peculiari
667 2039 802 2096 quoad
823 2051 1034 2096 personas,
1057 2041 1285 2095 regionem,
1319 2043 1396 2082 etc.
1422 2037 1542 2082 Sedis
1559 2039 1828 2097 Apostolicae

187 2111 476 2154 tantummodo
509 2110 600 2168 (seu
635 2123 684 2154 ex
722 2110 854 2167 Papae
888 2114 1088 2167 potestate
1120 2112 1244 2153 etiam
1269 2109 1590 2167 Congregationi
1615 2110 1826 2154 Romanae

188 2179 515 2238 communicata)
549 2180 731 2232 indulto,
765 2180 893 2224 idest:
929 2182 1109 2237 gratiosa
1133 2182 1401 2224 concessione
1425 2181 1593 2224 forsitan
1619 2181 1668 2224 ad
1694 2184 1825 2236 aetus,

183 2240 240 2295 ¹ad
277 2257 442 2309 tempus
464 2251 526 2295 vel
547 2253 586 2294 in
607 2257 852 2309 perpetuum
879 2251 1164 2309 privilegium,
1196 2265 1229 2294 e¹
1255 2265 1303 2294 ea
1326 2250 1515 2308 facultas
1538 2264 1731 2294 concessa
1757 2251 1823 2293 sit.

308 2323 371 2367 Ad
407 2325 470 2366 ius
502 2336 725 2366 commune
761 2323 870 2381 quod
907 2325 1065 2377 attinet,
1099 2321 1292 2366 subditur
1334 2324 1470 2366 statim
1507 2327 1534 2377 g
1567 2322 1605 2365 3.
1641 2321 1731 2365 Hac
1758 2322 1824 2380 fa-

189 2393 347 2437 cultate
379 2393 470 2452 ipso
506 2393 600 2437 iure
629 2393 832 2451 quadem,
867 2394 908 2450 a)
946 2396 1052 2437 inter
1083 2393 1295 2450 simplices
1334 2392 1599 2450 presbyteros
1634 2406 1681 2436 ex
1707 2406 1823 2437 saera

188 2465 463 2521 ordinatione,
497 2463 536 2522 b)
573 2477 918 2523 unumquemque
952 2478 1001 2508 ex
1035 2464 1329 2522 sequentibus:
1367 2463 1400 2507 l⁰
1431 2469 1606 2522 praeter
1628 2463 1673 2507 S.
1705 2463 1749 2509 R.
1777 2463 1823 2507 E.

191 2533 460 2589 Cardineles,
490 2537 565 2578 etsi
600 2535 758 2579 ordinis
790 2535 1019 2579 diaconalis
1042 2534 1177 2593 quoad
1203 2534 1448 2591 dignitatem
1474 2533 1583 2592 (can.
1606 2535 1747 2592 2315
1772 2535 1824 2590 1),

187 2604 244 2649 ad
276 2619 469 2649 normam
506 2620 596 2649 can.
629 2607 738 2650 239.
772 2606 800 2665 ἓ
834 2609 870 2660 1,
904 2621 943 2648 η.
981 2607 1057 2657 23,
1090 2605 1273 2650 scilicet:
1313 2606 1478 2648 «firmo
1521 2619 1646 2649 onere
1682 2608 1824 2649 inscri-

189 2679 339 2733 ptionis
372 2679 552 2721 nominis
585 2678 820 2722 confirmati
855 2677 905 2721 ad
940 2689 1127 2720 normam
1166 2678 1269 2720 iuris
1291 2692 1312 2718 ³>
1353 2681 1395 2719 ut
1429 2677 1533 2719 infra
1552 2678 1590 2719 in
1615 2689 1704 2721 can.
1726 2677 1824 2720 799.

187 2747 259 2791 sed
296 2747 469 2792 ubilibet
501 2760 549 2792 ac
574 2748 788 2793 indefinite
817 2751 1094 2791 «ministrare
1117 2752 1424 2791 sacramentum
1451 2748 1778 2791 confirmationis
1803 2764 1821 2787 »

311 2901 319 2921 ¹
351 2902 368 2933 1
398 2900 484 2934 Cor.
514 2900 586 2943 111,
616 2900 649 2933 9.
679 2919 722 2925 -
748 2900 762 2921 ·-’
788 2900 828 2934 11
855 2900 940 2935 Cor.
970 2900 1042 2943 111,
1071 2899 1104 2933 3.
