1971 3261
189 111 258 145 408
589 107 672 141 LIB.
699 107 769 141 111.
796 126 808 131 -
835 106 945 139 PARS
970 105 1000 139 I.
1027 125 1038 130 -
1065 104 1123 139 De
1147 104 1413 139 sacramentis
1623 104 1717 140 Gan.
1741 103 1815 139 980

191 229 436 273 clericorum
474 224 696 281 maiorum)
729 224 852 268 tidem
888 237 966 266 non
1001 223 1171 279 expedit
1213 222 1427 266 observari
1453 237 1491 266 )).
1526 221 1610 265 11110
1653 224 1812 265 etiamsi

191 300 376 343 additum
406 299 543 340 suisset
572 298 1051 351 tui-ameniuin.propte1·
1073 293 1194 336 aliam
1230 306 1314 349 reg.
1342 292 1443 335 luris
1467 293 1520 336 58
1546 295 1584 335 in
1609 293 1653 335 6⁰
1681 308 1704 334 c<
1725 292 1813 335 Non

191 376 248 414 est
283 370 590 425 obligatorium,
614 371 755 410 contra
791 365 919 409 bonos
953 378 1090 408 mores
1124 366 1363 420 praestitum
1400 366 1740 408 iuramentum».
1767 363 1815 406 Et

189 455 280 485 cuni
310 444 472 495 pactum
500 440 659 481 irritum
685 437 847 480 dicatur
864 449 884 478 a
904 448 1171 494 quocumque
1188 434 1391 491 Episcopo
1414 433 1563 492 aliquis
1585 435 1814 486 ordinetur,

189 515 261 555 etsi
296 524 374 554 non
409 509 604 553 subditus·
634 508 688 550 illi
715 507 854 565 (casus
888 509 924 549 in
962 507 1004 549 ⁵2⁰
1034 505 1077 558 ἕο
1111 519 1189 548 11011
1224 504 1566 562 comprehensus)
1589 507 1712 548 etiam
1746 504 1814 548 hic

189 582 416 638 Episcopus
449 581 644 623 ordinans
668 581 706 621 in
731 578 905 621 aliorum
939 577 1100 620 defectu
1138 576 1407 632 personaliter
1440 575 1647 632 obligatur
1680 575 1813 632 impli-

188 656 268 696 cite
302 655 339 695 in
377 650 527 704 110οἓ0
561 650 610 693 ad
657 649 901 706 praestanda
945 648 1079 691 eidein
1126 647 1231 690 male
1274 649 1332 690 sic
1375 647 1562 690 ordinato
1605 647 1814 700 alimenta,

190 724 538 781 quandocumque
573 721 635 764 his
668 720 743 763 liae
777 719 827 762 de
860 731 982 762 causa
1019 718 1085 761 ille
1119 718 1314 772 indigeat.

308 828 384 863 332.
415 832 622 863 Doctrina
654 830 762 861 iuris
787 826 1092 869 praecedentis
1118 827 1169 858 de
1196 825 1293 859 aliis
1317 826 1461 859 titulis
1490 823 1668 869 privilegio
1694 823 1816 869 Aplco.

189 888 362 924 concessis
387 892 447 922 aut
472 886 627 922 toleratis
653 885 873 930 cognoscitur
898 894 936 919 ex
964 883 1018 917 his
1044 883 1284 918 documentis:
1317 883 1349 916 1Ο
1376 882 1606 917 instructione
1632 881 1666 917 S.
1685 880 1812 926 Congr.

189 949 231 983 de
266 947 364 993 Prop.
392 945 484 990 Fide,
517 945 558 980 de
591 945 692 979 titulo
731 942 1013 983 Ordinationis1,
1048 942 1092 976 11ο
1116 941 1386 977 resolutionibus
1419 940 1454 977 S.
1484 940 1610 986 Congr.
1640 939 1814 976 Consisto-

190 1007 313 1042 rialis2
338 1011 370 1042 et
397 1005 454 1040 1110
478 1004 514 1041 S.
536 1006 575 1040 C.
597 1002 635 1040 C.
659 1003 799 1039 Decreto
825 1003 917 1037 circa
942 1001 1082 1037 titulum
1108 1015 1122 1033 «
1142 1000 1272 1036 servitii
1303 1000 1472 1036 Ecclesiae
1492 1014 1506 1032 »
1528 1011 1590 1047 pro
1614 999 1818 1045 regionibns

189 1066 368 1102 Americae
397 1064 539 1100 Latinae
553 1065 579 1098 3.
609 1063 734 1098 Titulis
771 1060 1002 1097 ordinationis
1041 1061 1109 1096 iam
1148 1060 1328 1106 explicatis
1358 1059 1481 1095 «aliae
1505 1059 1675 1105 quaedam
1712 1059 1814 1094 veluti

188 1125 420 1160 subsidiariae
446 1128 550 1169 atque
576 1121 871 1159 extraordinariae
897 1120 1029 1167 species
1054 1119 1272 1155 adjiciendae
1301 1123 1394 1159 sunt,
1423 1118 1514 1154 tituli
1550 1129 1720 1164 nempe...
1748 1129 1818 1154 ser-

189 1184 261 1219 vitii
291 1183 470 1224 Ecclesiae,
498 1181 688 1222 missionis,
719 1181 904 1223 (mensae),
929 1178 1170 1218 sufficientiae.
1201 1177 1342 1222 Collegii
1364 1192 1378 1210 »
1398 1181 1445 1221 (et
1469 1177 1814 1221 administrationis).

189 1244 249 1282 (Ex
278 1244 377 1279 lnstr.
406 1254 441 1277 n.
473 1241 521 1287 3).

310 1302 372 1348 tib.
394 1300 492 1339 11,6’,
518 1315 531 1332 «
552 1300 689 1335 Titulus
717 1299 909 1342 missionis,
930 1299 972 1334 de
998 1309 1066 1344 quo
1094 1298 1312 1344 potissimum
1340 1309 1453 1334 sermo
1478 1302 1541 1341 est,
1563 1297 1818 1344 praetermissis

188 1362 298 1397 titulis
330 1360 493 1406 mensae)
525 1359 751 1394 sufficientiae
776 1363 809 1394 et
828 1356 987 1403 Collegii‚
1014 1368 1105 1404 :kquos
1131 1363 1241 1403 utpote
1271 1368 1348 1392 raro
1374 1363 1578 1392 occurrentes
1603 1356 1656 1391 vel
1682 1355 1814 1391 tolerati

189 1427 316 1456 tantum
343 1429 612 1454 commemorasse
637 1424 690 1452 sat
715 1417 790 1453 erit)
820 1416 975 1452 adbiberi
1016 1416 1205 1453 consuevit.
1236 1427 1315 1450 cum
1353 1415 1443 1450 alius
1482 1414 1658 1459 legitimus
1694 1414 1818 1449 titulus

188 1480 280 1515 haud
307 1479 471 1525 suppetit,
501 1488 561 1523 pro
588 1477 641 1514 iis.
671 1476 728 1522 qui
757 1475 949 1511 maioribus
974 1474 1157 1510 ordinibus
1184 1475 1315 1510 initiari
1343 1474 1503 1520 cupiunt‚
1539 1478 1577 1509 ut
1610 1473 1811 1520 Aploarum.

190 1538 397 1573 missionum
423 1536 563 1572 servitio
589 1546 662 1571 sese
687 1536 922 1570 devoveant...
953 1533 1020 1578 Qui
1048 1545 1127 1568 vero
1154 1533 1352 1569 huiusmodi
1393 1533 1494 1568 titulo
1531 1532 1680 1568 ordinati
1717 1536 1813 1574 sunt,

188 1597 210 1631 ii
238 1607 277 1632 ex
305 1596 423 1641 Aplco.
450 1594 644 1629 ministerio
671 1594 707 1628 in
735 1593 916 1628 missione.
945 1593 998 1628 cui
1037 1592 1177 1628 fuerunt
1213 1591 1356 1635 addicti,
1382 1592 1424 1626 ad
1452 1592 1582 1626 victum
1621 1591 1817 1626 necessaria

187 1659 450 1701 consequuntur
470 1662 520 1698 (n.
543 1653 590 1697 7).
610 1653 675 1689 Sed
703 1652 917 1699 exploratum
946 1650 1232 1691 est,Ordinarios
1258 1650 1392 1686 clericis
1417 1649 1518 1685 titulo
1544 1649 1719 1685 Missionis
1746 1660 1815 1684 non

189 1726 287 1761 posse
313 1726 359 1748 ss.
390 1712 664 1749 Ordinationum
692 1722 839 1747 numera
868 1711 1052 1757 impertiri,
1082 1710 1148 1744 nisi
1177 1709 1316 1756 speciali
1345 1708 1380 1744 S.
1404 1708 1503 1744 Sedis
1528 1708 1664 1744 indulto
1690 1708 1816 1743 muniti

187 1774 258 1808 sint
279 1788 308 1808 ».
328 1773 390 1808 Hic
409 1773 531 1807 titulus
549 1771 782 1807 ordinationis
799 1770 843 1805 ab
864 1769 1003 1805 Urbano
1021 1769 1090 1804 Vlll
1107 1768 1226 1805 Const.
1249 1783 1264 1800 (ι
1284 1769 1335 1803 Ad
1364 1768 1485 1803 uberes
1505 1782 1519 1800 »
1538 1769 1552 1790 4
1568 1767 1631 1803 suit
1655 1772 1821 1803 extensus

186 1834 229 1868 ad
256 1833 376 1868 omnia
403 1830 557 1876 Collegia
585 1830 619 1866 S.
647 1828 683 1866 C.
709 1830 751 1865 de
777 1829 879 1875 Prop.
911 1828 990 1864 Fide
1016 1828 1186 1864 subiecta.
1772 1825 1781 1850 Ι

313 1891 368 1935 lb.
391 1902 427 1927 n.
446 1889 496 1924 8³.
524 1904 537 1921 «
555 1889 638 1924 Non'
657 1900 757 1924 secus
783 1899 821 1923 ac
848 1888 984 1923 alumni
1012 1886 1243 1932 Collegiorum
1264 1886 1539 1930 pontificiorum,
1563 1886 1582 1920 ii
1611 1896 1732 1921 omnes
1758 1885 1817 1931 qui

186 1951 286 1986 titulo
303 1950 477 1985 Missionis
497 1949 587 1984 inter
601 1959 715 1983 sacros
733 1947 910 1982 Ministros
928 1946 1080 1992 cooptari
1100 1946 1260 1992 cupiunt⁷
1281 1951 1446 1981 tenentur
1465 1945 1561 1991 prius
1579 1945 1815 1980 iuramentum

186 2010 356 2049 emittere,
387 2020 454 2055 quo
481 2010 675 2054 spondeant
705 2006 885 2041 missionis
911 2006 964 2041 cui
992 2005 1157 2041 destinati
1186 2010 1266 2040 sunt
1291 2005 1341 2040 vel
1367 2004 1650 2044 destinabuntur,
1679 2014 1715 2039 50
1747 2003 1817 2039 sore

187 2073 388 2115 perpetuam
415 2079 555 2114 operam
582 2067 776 2102 daturos».
807 2065 881 2101 Huc
910 2066 1057 2111 pertinet
1084 2064 1247 2100 resolutio
1267 2063 1315 2108 (S.
1343 2064 1472 2108 Congr.
1500 2062 1622 2102 Cous.)
1641 2073 1814 2108 sequens:

192 2142 205 2159 «
227 2127 311 2162 ΧΙΙΙ.
331 2126 423 2171 Quid
441 2126 668 2161 statuendum
686 2126 729 2159 sit
748 2125 839 2160 circa
857 2124 1094 2159 iuramentum
1120 2123 1164 2158 ab
1191 2122 1345 2158 alumnis
1370 2122 1572 2157 eorumdem
1590 2121 1812 2166 collegiorum

187 2188 223 2222 in
247 2187 405 2231 ingressu
424 2186 459 2219 in
480 2185 663 2230 collegium
686 2184 978 2230 praestandum...
1002 2183 1052 2218 Ad
1073 2182 1158 2218 xilt.
1178 2181 1466 2217 conservandum
1484 2192 1558 2217 esse
1576 2181 1813 2216 iuramentum

186 2245 229 2280 ab
260 2244 397 2280 [rbano
426 2243 494 2277 wil
525 2242 790 2288 praescriptum,
819 2252 898 2276 cum
935 2241 1093 2281 clausula
1130 2240 1264 2275 adiecta
1297 2239 1340 2275 ab
1376 2239 1573 2274 Alexandro
1603 2238 1670 2279 vn,
1701 2238 1736 2272 in
1772 2238 1816 2272 iis

186 2302 339 2347 collegiis
365 2307 397 2337 et
424 2313 484 2348 pro
510 2301 552 2336 iis
577 2301 746 2341 alumnis,
769 2300 827 2346 qui
848 2300 1027 2345 hucusque
1046 2299 1132 2334 illud
1152 2302 1325 2345 praestare
1350 2297 1813 2339 tenebantur‚reformatum

186 2368 302 2398 tamen
343 2362 437 2396 iuxta
475 2361 645 2396 adnexam
675 2360 914 2395 formulam».
940 2358 1006 2394 Sed
1035 2358 1130 2404 prius
1156 2358 1336 2393 invenitur
1361 2357 1511 2392 dictum:
1542 2371 1557 2389 «
1577 2356 1668 2402 quod
1698 2355 1813 2391 clerici

184 2420 369 2457 ordinandi
398 2419 497 2454 titulo
524 2419 702 2454 missionis
728 2419 922 2463 generatim
949 2418 1142 2462 adiguntur
1167 2418 1210 2452 ad
1237 2422 1366 2453 certam
1402 2416 1629 2451 iurisiurandi
1666 2415 1813 2450 formam

186 2480 342 2526 praeviae
378 2479 635 2525 praestandam.
664 2488 754 2524 quae
789 2488 827 2513 ex
865 2477 964 2512 Dec.⁰
1001 2476 1035 2512 S.
1069 2476 1200 2521 Congr.
1229 2477 1270 2512 de
1300 2475 1400 2522 Prop.
1430 2475 1496 2511 diei
1533 2474 1576 2509 27
1611 2475 1676 2520 Ap.
1710 2473 1812 2515 1871,

184 2540 232 2574 ita
263 2544 315 2574 est
337 2551 377 2572 »ς
415 2542 465 2581 (ut
505 2537 667 2581 ibidem).
700 2536 803 2571 Plura
841 2536 883 2572 de
922 2536 985 2571 boc
1023 2536 1122 2570 titulo
1160 2535 1385 2570 continentur
1424 2534 1460 2568 in
1501 2533 1722 2580 praelaudata
1760 2532 1812 2566 ln-

183 2597 385 2632 structione.

302 2656 400 2694 (lnst.
430 2668 463 2690 n.
491 2653 539 2698 ὅ),
572 2655 745 2690 «Titulus
780 2654 909 2690 servitii
949 2654 1130 2695 Ecclesiae,
1160 2654 1217 2699 qui
1247 2653 1400 2688 ...evasit
1430 2650 1738 2691 extraordinarius,
1769 2650 1812 2684 iis

183 2716 392 2761 quandoque
417 2714 618 2749 conceditur
650 2716 698 2749 ²ex
728 2714 816 2760 priv.
843 2713 975 2759 Aplco.)
1004 2713 1078 2758 qui,
1111 2723 1195 2748 ...ea
1212 2706 1294 2757 'lege
1320 2711 1538 2749 ordinantur,
1558 2714 1594 2745 ut
1620 2709 1723 2744 alicui
1753 2708 1812 2744 Ec*—

302 2811 311 2831 1
340 2809 384 2843 27
410 2810 503 2853 Apr.
537 2808 644 2847 18713
675 2807 792 2841 Cone.
821 2807 931 2841 Plen.
962 2807 1123 2840 Baltim.
1151 2806 1223 2847 ΙΙΙ,
1254 2817 1288 2850 p.
1309 2805 1386 2840 209.
1415 2825 1457 2830 —
1484 2805 1497 2826 Ξ
1523 2804 1568 2838 29
1596 2803 1671 2837 Iul.
1701 2803 1804 2837 1909.

185 2858 262 2893 CO.
291 2857 318 2897 I,
347 2856 427 2892 678.
456 2877 496 2880 —
524 2856 538 2877 ³3
567 2858 606 2888 11
634 2855 723 2891 Iun.
752 2854 853 2889 1879.
883 2875 925 2879 -
953 2856 967 2876 ⁴
995 2854 1039 2888 18
1065 2854 1162 2888 Maii
1191 2853 1294 2887 1638.
