1971 3261
564 135 774 169 For-mulae
800 133 1042 176 facultatum
1068 133 1106 169 S.
1137 133 1176 169 Ο.
1202 134 1247 168 de
1280 135 1320 168 P.
1348 134 1392 168 F.
1731 135 1799 170 737

228 322 490 367 Facultates
516 335 636 378 quae
660 323 852 378 utrique
876 321 1128 366 Formulae
1150 323 1317 367 maiori
1339 323 1741 378 superadduntur.

291 461 438 518 Vigore
490 464 702 519 potestatis
749 462 825 506 sibi
875 475 897 506 a
945 463 1071 508 SSmo
1121 463 1165 506 D.
1201 463 1247 507 N.
1283 463 1504 507 BsNssmci'o
1552 464 1643 509 Div.
1681 464 1799 508 l'rov.

169 532 276 590 Papa
312 531 382 575 XV
419 532 609 588 tributae,
643 532 744 576 llaec
777 534 815 576 S.
850 532 1126 590 Coiigi·egati0
1175 533 1408 577 Christiano
1452 533 1614 577 Nomini
1651 535 1799 591 Propa-

166 603 304 660 gando
321 602 367 647 R.
390 603 429 646 P.
450 603 495 647 D.
515 601 739 648 Ordinario
755 604 808 661 (¹)
824 642 1800 647 .......................................................................................................

164 678 386 731 sequentes
411 674 627 718 facultates
653 675 844 719 concedit
867 676 917 719 ad
949 710 1663 725 ...........................................................................
1687 689 1708 720 a
1734 677 1800 720 die

168 748 303 788 tamen
349 745 692 801 computandum,
726 758 808 803 quo
856 745 961 789 aliae
1011 745 1225 790 facultates
1275 746 1485 804 (Formnla
1521 786 1792 790 .............................

166 816 316 872 maior)
351 815 471 859 <latae
503 820 611 870 sunt,
636 820 674 859 et
697 816 747 860 ad
774 829 939 860 normas
963 819 1001 859 in
1025 816 1172 860 eodem
1198 816 1294 860 folio
1319 817 1559 861 facultatum
1584 831 1801 875 expressas

163 885 243 930 sub
276 888 410 942 capite
442 885 855 942 Amffladversiones,
890 901 1058 944 nempe:

287 956 324 999 1.
360 955 569 1014 Eriyemli
602 957 691 1000 illas
723 959 848 1001 etiam
886 957 1272 1016 Confralerm'tates
1306 971 1328 1002 a
1352 958 1391 1002 S.
1415 959 1520 1002 Sede
1552 959 1802 1016 adprobatus

164 1039 343 1084 quarum
379 1027 727 1071 instituendarum
763 1030 825 1071 ius
847 1028 1072 1090 apostolico
1095 1042 1144 1072 ex
1172 1029 1394 1086 privilegio
1417 1029 1508 1073 aliis
1543 1035 1798 1074 reservatum

165 1102 227 1141 est
250 1097 358 1154 (can.
385 1098 482 1151 686,
506 1098 534 1156 ἓ
557 1097 615 1154 ⁶2),
641 1111 719 1141 una
744 1104 916 1155 excepta
949 1098 1298 1143 Confraternitate
1332 1100 1444 1143 SSmi
1471 1099 1644 1147 Rosarii,
1670 1102 1801 1158 iisque

163 1168 433 1212 adscribendi
467 1168 787 1223 Christitidele33
837 1182 885 1213 ac
933 1169 1202 1214 benedicendi
1252 1170 1439 1214 Coronas
1472 1176 1510 1213 et
1544 1171 1800 1228 Scapularia

163 1238 404 1282 earumdem
460 1238 874 1296 Confraternitatmn
916 1241 1111 1299 propria,
1144 1255 1238 1284 cum
1289 1241 1567 1298 applicatione
1614 1245 1798 1286 omnium

166 1308 522 1366 Indulgentiarum
568 1315 607 1353 et
657 1310 993 1367 Privilegiorum,
1027 1325 1134 1370 quae
1180 1312 1340 1356 Summi
1389 1312 1606 1356 Pontifices
1654 1314 1798 1356 iisdem

162 1378 582 1425 Confraternitatibus
617 1383 813 1438 impertiti
848 1387 956 1426 sunt.

270 1497 331 1532 Ad
360 1499 392 1532 1.
421 1498 613 1543 Exceptio
641 1499 834 1532 innititur
859 1499 990 1534 verbis
1021 1499 1166 1534 Leonis
1200 1500 1301 1533 XIII
1337 1500 1378 1533 in
1418 1504 1545 1534 const.
1582 1515 1594 1530 ‹
1614 1499 1694 1535 Ubi
1726 1501 1800 1545 pri-

162 1567 271 1591 mum
290 1573 303 1588 ι
335 1558 357 1591 2
384 1557 470 1592 Oct.
495 1558 606 1592 1898:
643 1573 657 1587 «x
675 1558 756 1593 Uni
776 1558 903 1603 igitur
921 1558 1114 1604 Magistro
1133 1559 1310 1605 generali
1332 1559 1438 1605 (Ord.
1456 1559 1609 1604 Praed.)
1630 1559 1691 1594 ius
1709 1564 1801 1594 esto

161 1615 403 1651 instituendi
431 1616 671 1651 Sodalita‘ces
697 1616 955 1651 sacratissimi
977 1617 1155 1652 Rosarii:
1185 1617 1269 1663 ipso
1288 1629 1309 1651 a
1329 1617 1447 1652 Curia
1464 1617 1640 1659 absente,
1661 1617 1800 1652 subeat

161 1675 341 1710 Vicarius
367 1676 453 1710 eius
479 1676 696 1721 generalis;
726 1680 883 1711 mortuo
910 1677 974 1711 vel
999 1680 1144 1719 amoto,
1164 1676 1347 1711 Vicarius
1365 1677 1562 1722 generalis
1590 1677 1747 1711 Ordinis
1767 1693 1798 1711 ».

162 1754 207 1759 —
233 1734 279 1768 In
305 1733 578 1769 benedictione
604 1735 796 1770 usuvenit
813 1734 861 1768 ad
884 1735 1135 1770 validitatem
1160 1735 1329 1770 formula
1348 1747 1419 1780 pro
1437 1736 1611 1781 singulis
1638 1736 1801 1770 Coronis

159 1796 200 1826 et:
227 1792 504 1837 Scapularibus
531 1793 807 1835 determinata,
828 1798 947 1839 atque
965 1794 1013 1828 ab
1033 1795 1114 1829 illis
1133 1794 1354 1829 Ordinariis
1374 1799 1414 1829 et
1429 1795 1694 1829 Missionariis
1713 1795 1800 1830 sub·
1830 1830 1839 1838 ‚

161 1852 357 1898 delegatis
382 1853 602 1887 necessario
628 1853 864 1887 adhibenda.

283 1948 321 1992 ⁶2.
357 1947 668 2006 Sabdeleyandi
701 1951 788 1993 suis
820 1948 1091 1993 Missionariis
1125 1949 1363 1993 facultatem
1397 1949 1666 1994 adscribendi
1702 1949 1802 1994 Con·

161 2017 525 2076 fraternitatibus,
560 2020 611 2064 de
644 2019 796 2077 quibus
828 2032 954 2076 supra
977 2034 1016 2062 a.
1043 2023 1078 2075 1,
1103 2020 1425 2075 Christitideles3
1461 2033 1508 2064 ac
1532 2020 1802 2064 benedicendi

164 2088 356 2134 Coronas
388 2096 427 2134 et
461 2090 718 2149 Scapularia
751 2090 993 2134 earumdem
1030 2090 1445 2149 Constateraitatam
1474 2092 1669 2150 propria,
1704 2106 1798 2136 cum

160 2160 440 2218 applicatione
473 2163 660 2205 omnium
696 2161 1053 2218 lndulgentiarum
1088 2167 1128 2206 et
1153 2161 1487 2218 Privilegiorum,
1512 2175 1619 2220 quae
1641 2163 1800 2207 Summi

165 2232 386 2276 Pontifices
418 2233 565 2277 iisdem
598 2231 1018 2277 Confraternitatibus
1051 2235 1247 2290 impertiti
1283 2238 1391 2276 sunt.

283 2302 321 2345 3.
356 2301 672 2360 Sabdeleqaadi
706 2305 859 2360 pariter
891 2305 976 2347 suis
1010 2302 1279 2347 Missionariis
1311 2308 1554 2362 sequentem
1590 2304 1798 2361 duplicem

160 2371 414 2430 facultatem
437 2386 544 2431 quae
568 2374 706 2417 eidem
731 2371 970 2424 Ordinario,
996 2387 1077 2432 qua
1100 2373 1317 2431 Episcopo,
1344 2377 1381 2418 in
1407 2387 1566 2419 canone
1591 2375 1688 2428 349,
1713 2378 1737 2430 g
1764 2376 1799 2425 l,

163 2456 203 2487 n.
239 2443 277 2499 1,
311 2444 569 2499 conceditur,
604 2457 772 2501 nempe:

341 2515 383 2573 a)
415 2514 700 2569 benedicendi,
723 2514 871 2559 ritibus
904 2519 1042 2559 tamen
1066 2515 1119 2560 ab
1140 2515 1326 2560 Ecclesia
1354 2519 1634 2574 praescriptis,
1659 2517 1799 2560 omnia

163 2585 422 2643 Scapularia
455 2598 478 2629 a
510 2586 616 2630 Sede
649 2585 887 2643 Apostolica
921 2586 1106 2643 probata,
1132 2599 1266 2644 eaque
1300 2588 1539 2644 imponendi
1564 2590 1652 2631 sine
1676 2601 1800 2631 onere

163 2657 447 2713 inscriptionis
464 2677 473 2712 3

280 2798 322 2841 (1)
343 2797 399 2833 Ut
427 2798 605 2832 Vicarius
624 2798 841 2844 Delegatus
861 2803 981 2844 queat
998 2800 1149 2845 erigere
1169 2799 1544 2841 Confraternitates,
1566 2800 1725 2835 videtur
1744 2800 1799 2833 in-

159 2843 296 2889 digere
323 2844 510 2879 mandato
537 2846 698 2890 speciali
726 2857 774 2880 ne
801 2847 969 2891 amplior
1002 2847 1056 2881 sit
1094 2847 1182 2881 eius
1207 2846 1377 2882 facultas
1407 2859 1454 2882 ex
1482 2847 1653 2890 indulto,
1682 2858 1799 2892 quam

162 2894 340 2936 potestas
367 2892 513 2926 Vicarii
541 2893 741 2937 generalis
768 2904 816 2928 ex
843 2894 938 2928 iure.
967 2895 1077 2939 (Can.
1106 2894 1188 2938 686,
1217 2898 1236 2936 ξ
1262 2896 1312 2940 4).

249 2963 345 2992 BLAT
367 2978 387 2985 -
412 2963 538 2993 Comm.
571 2964 656 2994 Tett.
683 2965 758 2993 Ood.
787 2965 858 2994 Iar.
888 2966 969 2994 Can.
1678 2966 1716 2994 47
