1971 3261
165 116 233 151 178
568 117 653 152 Lm.
682 117 757 151 III·
787 143 795 151 .
825 117 935 152 PARS
960 117 991 152 1.
1020 138 1033 143 -
1059 117 1116 152 De
1141 117 1407 154 Sacramentis
1602 119 1693 155 Gan.
1722 120 1796 156 846

257 235 455 272 Notandum
483 237 541 272 hic
569 236 646 272 Dec.
677 235 837 281 generale
864 234 898 271 S.
927 234 965 272 C.
996 237 1035 273 R.
1053 238 1065 260 1
1105 237 1364 280 «Affirmative‚
1397 249 1458 274 seu
1486 250 1583 285 posse
1609 239 1646 275 in
1672 240 1790 277 Missis

161 295 421 340 defunctorum,
461 307 540 332 cum
569 295 786 342 paramentis
820 295 943 341 nigris.
981 295 1016 333 S.
1043 295 1338 333 Communionem
1379 297 1539 334 fidelibus
1578 299 1785 346 ministrari,

160 355 265 390 etiam
292 366 332 391 ex
360 354 540 401 particulis
567 354 871 400 praeconsecratiS,
909 355 1125 391 extrahendo
1165 355 1330 403 Pyxidem
1356 367 1376 392 a
1402 356 1654 393 Tabernaculo.
1688 359 1789 396 Posse

160 413 241 449 item
270 413 305 448 iu
335 413 549 459 paramentis
577 412 698 458 nigris,
738 412 931 448 ministrari
972 412 1267 450 Communionem
1307 415 1509 452 immediate
1543 421 1619 462 post
1645 417 1789 454 Missam

160 472 423 513 defunctorum
464 472 545 508 data
571 477 687 507 autem
714 472 914 508 rationabili
954 484 1072 516 causa,
1115 474 1318 510 immediate
1356 486 1495 521 quoque
1520 481 1602 511 ante
1627 477 1789 514 eamdem

161 531 320 575 Missam;
349 531 385 566 in
414 536 559 577 utroque
586 535 703 566 tamen
731 542 813 567 casu
839 532 1070 568 omittendam
1096 544 1171 569 esse
1198 533 1527 570 benedictionem».
1559 534 1674 572 Placet
1700 536 1792 573 inte—

159 601 258 635 grum
287 590 520 626 transcribere
548 590 667 631 Deam„
696 590 759 626 etsi
785 591 854 626 alio
879 596 1021 637 spectet.
1053 591 1206 628 «Missas
1232 604 1312 629 vero
1338 593 1582 629 defunctorum
1609 595 1787 631 celebran-

158 649 219 684 das
245 660 319 685 esse
344 649 490 684 omnino
517 648 551 683 in
581 649 796 695 paramentis
822 649 954 695 nigris;
983 650 1069 686 adeo
1096 655 1132 686 ut
1150 651 1302 687 violacea
1319 651 1478 687 adhiberi
1507 658 1696 698 nequeant,
1717 654 1789 689 nisi

158 708 193 742 in
221 719 313 750 casu,
340 719 407 754 quo
433 708 489 744 die
515 708 536 742 ἓ
563 707 646 743 Nov.
673 707 794 744 Ssmae
822 709 1057 746 Eucharistiae
1071 709 1339 746 Sacramentum
1362 711 1520 758 publicae
1536 711 1691 747 fidelium
1705 713 1791 749 ado-

157 767 282 802 rationi
311 767 353 801 sit
380 767 573 813 expositum
604 779 663 814 pro
690 767 836 803 solemni
866 766 1034 804 Oratione
1061 767 1304 815 Quadraginta
1331 769 1549 806 Horarum».

275 825 372 867 ltem,
402 831 541 872 propter
577 837 721 872 scopum
748 825 840 862 Ssmi
880 826 1097 863 Sacramenti
1144 834 1301 874 patenter
1338 830 1481 876 expositi
1524 832 1661 868 videtur
1697 832 1786 868 facta

158 885 343 931 prohibitio
369 897 534 932 sequens:
562 886 597 921 in
627 897 697 921 una
723 885 847 923 Societ.
875 887 948 923 lesu
968 888 981 909 2
1012 902 1026 919 «
1046 888 1132 922 Dub.
1162 888 1187 922 l.
1217 888 1309 932 Quid
1336 890 1561 926 sentiendum
1588 891 1631 927 de
1655 903 1719 927 usu
1748 893 1784 926 in

154 944 228 980 dies
265 956 402 991 semper
439 945 673 981 invalescente
711 945 911 981 celebrandi
951 946 1075 982 Missas
1102 958 1216 982 coram
1256 946 1357 983 Ssmo
1391 947 1618 985 Sacramento
1646 950 1789 997 publice

154 1004 308 1050 exposito
334 1004 370 1039 in
399 1004 571 1047 EcclesiiS,
613 1004 648 1039 in
686 1005 813 1050 quibus
843 1016 910 1040 non
938 1006 1066 1041 desunt
1091 1006 1159 1042 alia
1187 1007 1341 1048 Altaria3
1383 1008 1464 1043 item
1492 1013 1524 1044 et
1551 1009 1785 1046 distribuendi

154 1073 290 1098 sacram
318 1062 610 1099 Communionem
639 1064 674 1098 in
703 1064 825 1100 iisdem
854 1064 966 1100 Missis
991 1069 1024 1100 et
1049 1070 1144 1101 extra
1163 1065 1288 1102 Missas
1306 1067 1342 1101 in
1361 1067 1481 1102 eodem
1500 1068 1616 1103 altari.
1647 1068 1686 1103 Et
1700 1080 1787 1114 qua-

152 1126 255 1157 tenus
282 1122 418 1158 tolerari
448 1123 554 1168 possit
579 1123 658 1158 talis
686 1134 780 1158 usus,
811 1123 895 1158 Dub.
922 1122 988 1159 ll...
1017 1124 1067 1160 Ad
1096 1124 1115 1160 l.
1146 1125 1197 1159 Ad
1227 1125 1376 1171 primam
1405 1131 1558 1172 partem:
1586 1126 1660 1162 Non
1680 1127 1787 1164 licere

154 1181 230 1217 sine
255 1181 472 1219 necessitate.
499 1182 550 1218 vel
577 1183 672 1227 gravi
700 1193 818 1225 causa,
864 1183 914 1218 vel
942 1194 980 1218 ex
1008 1184 1148 1229 speciali
1177 1184 1333 1227 indulto;
1359 1185 1402 1220 ad
1422 1186 1612 1221 secundam
1633 1191 1785 1232 partem:

154 1239 364 1285 Negative».
392 1240 500 1276 ldest:
531 1241 674 1287 «quoad
694 1242 979 1278 communionem
998 1243 1310 1278 distribuendam»
1342 1255 1412 1280 non
1441 1245 1623 1281 toleranda
1642 1257 1789 1282 consue·

152 1298 245 1334 tudo.
273 1297 340 1334 Nec
366 1299 600 1335 excusationis
627 1310 731 1334 causa
751 1300 814 1334 fuit
831 1300 986 1336 admissa
1013 1301 1047 1335 in
1067 1312 1139 1347 seq.
1162 1301 1242 1337 facti
1263 1302 1421 1348 specie3:
1446 1317 1459 1335 α
1482 1303 1560 1339 lV...
1586 1305 1787 1350 quaeritur:

152 1357 207 1392 An
233 1356 433 1392 huiusmodi
462 1368 668 1403 responsum
696 1358 907 1393 servandum
935 1359 1039 1394 etiam
1067 1360 1110 1394 sit
1137 1371 1198 1406 pro
1228 1360 1403 1396 ruralibus
1440 1362 1696 1407 parochialibus
1722 1363 1781 1399 Ec-

151 1415 278 1459 clesiis,
308 1416 344 1450 in
370 1416 499 1462 quihus
526 1417 604 1452 licet
623 1417 869 1452 secundarium
888 1418 985 1453 adest
1006 1418 1135 1460 Altare,
1158 1420 1265 1454 nimis
1284 1420 1546 1456 incommodum
1565 1427 1597 1457 et
1616 1422 1787 1458 indecens-

151 1480 239 1510 esset
265 1475 307 1510 ob
334 1474 565 1510 Ecclesiarum
594 1476 748 1522 ipsarum
775 1476 977 1521 angustiam
1005 1477 1090 1512 inibi
1120 1488 1254 1514 sacram
1276 1478 1445 1525 Synaxim
1465 1479 1778 1517 administraret)...

152 1533 202 1569 Ad
228 1533 286 1569 IV.
313 1534 547 1577 Affirmative;
574 1540 607 1570 et
632 1535 675 1570 ad
704 1541 873 1571 mentem:
902 1536 999 1571 Mens
1025 1541 1095 1578 est;
1118 1542 1159 1584 ¹ut
1187 1538 1222 1572 in
1250 1537 1346 1574 hisce
1373 1538 1533 1574 Ecclesiis
1560 1540 1669 1575 Altari
1697 1541 1780 1578 late-

150 1593 213 1628 rali
240 1598 441 1639 apponatur
469 1605 614 1639 parvum
635 1593 814 1630 Ciborium
834 1595 1040 1638 amovibile;
1066 1601 1099 1631 et
1125 1596 1151 1630 si
1179 1608 1266 1643 opus
1284 1599 1339 1639 sit,
1360 1597 1433 1632 loco
1451 1602 1664 1634 transennae
1679 1600 1785 1645 vulgo

152 1651 342 1693 Balaustra‚
372 1663 516 1688 scamna
541 1653 854 1699 circumponantur
870 1668 901 1689 ».

267 1722 446 1780 Explicit
479 1726 538 1767 sic
570 1723 632 1781 §¹¹⁵
667 1724 725 1767 1¹¹s
757 1732 860 1768 cans.
900 1726 1006 1769 846:
1041 1725 1158 1770 salvo
1184 1728 1449 1786 praescripto
1473 1742 1562 1771 erm.
1588 1731 1683 1772 869
1705 1732 1777 1773 sci-
1817 1773 1820 1776 ,

151 1794 266 1837 licet:
303 1796 603 1851 praescriptum
642 1796 889 1852 paragraphi
934 1799 1075 1853 vigere
1130 1797 1423 1856 «ubicumque
1472 1798 1635 1842 Missam
1670 1800 1780 1843 cele-

151 1864 270 1908 brare
305 1864 412 1920 licet,
447 1867 569 1908 etiam
607 1868 643 1908 in
679 1869 859 1909 oratorio
899 1869 1075 1923 privato,
1112 1870 1187 1911 nisi
1223 1868 1299 1912 loci
1343 1866 1593 1913 Ordinarius
1623 1869 1777 1927 (quoad

150 1935 258 1979 huuc
292 1935 462 1993 locum),
498 1938 615 1980 iustis
648 1937 698 1980 (le
732 1940 881 1992 causis,
926 1940 965 1981 in
999 1938 1163 1982 casibus
1209 1939 1528 1995 particularibus
1566 1940 1603 1983 id
1639 1940 1777 1997 prohi-

148 2005 342 2051 bueffit».

265 2076 500 2134 Ampliatur
534 2083 712 2134 potestas
745 2081 781 2121 in
817 2092 903 2136 seq.
935 2078 964 2137 ξ
996 2079 1032 2122 ⁶2.
1068 2078 1213 2122 Etiam
1240 2086 1362 2123 θωνα
1386 2080 1576 2136 Missam,
1597 2081 1774 2126 scilicet:

146 2148 301 2205 absque
336 2148 444 2192 illius
469 2153 731 2205 paramentis,
767 2149 939 2207 qm'libel
972 2149 1166 2194 sacerdos
1192 2156 1234 2194 ut
1257 2165 1379 2208 supra
1401 2151 1541 2195 eadem
1567 2151 1779 2210 facultate

152 2234 173 2260 ‹<
190 2231 348 2262 sacram
385 2222 718 2263 communionem
746 2221 1005 2265 ministrandi
1030 2237 1049 2262 <r
1086 2221 1128 2278 (g
1157 2222 1192 2277 l)
1213 2221 1344 2280 polle!
1367 2236 1418 2265 ear
1442 2222 1615 2265 lieentia
1635 2225 1777 2274 tacita,

145 2294 215 2333 aut
248 2295 527 2346 congruenter
559 2291 607 2334 ad
644 2304 732 2336 can.
769 2292 866 2347 484,
900 2293 962 2346 §1
1000 2292 1150 2335 sallem
1183 2307 1232 2336 ex
1275 2293 1413 2350 aliquo
1459 2296 1613 2337 motivo
1644 2307 1769 2351 prae-

145 2366 310 2418 sumpta
334 2361 511 2404 rectoris
534 2361 734 2405 ecelesiae
755 2363 804 2406 ad
832 2376 1017 2406 normam
1044 2376 1132 2407 can.
1161 2364 1256 2410 479,
1281 2365 1351 2407 sed
1387 2365 1577 2421 ampliori
1604 2367 1770 2422 propria

145 2432 446 2486 significatione
489 2433 537 2475 ad
585 2432 692 2476 illius
729 2433 1040 2477 similitudinem
1093 2435 1230 2484 oflicii,
1275 2435 1312 2477 si
1344 2435 1400 2478 sil
1432 2441 1674 2487 ersi-anem,
1719 2437 1768 2479 ad

144 2502 361 2546 ecclesiam
399 2516 477 2545 non
513 2506 735 2559 pertinens,
770 2518 844 2548 nec
879 2506 1043 2548 tacitam
1079 2518 1128 2548 ex
1164 2508 1279 2549 tactis
1313 2506 1543 2562 possidens.

272 2594 346 2631 164.
377 2599 436 2631 De
456 2608 578 2632 sacra
597 2601 902 2633 communione
921 2601 973 2632 ad
994 2600 1193 2634 infirmos
1213 2600 1463 2635 deferenda.
1483 2619 1524 2626 —
1545 2600 1583 2635 ln
1609 2600 1772 2635 domibus

146 2654 288 2701 privatis
325 2659 463 2690 tantum
490 2654 641 2690 infirmis
682 2656 759 2691 licet
785 2655 1056 2697 communicare,
1098 2663 1231 2702 praeter
1270 2658 1411 2693 modum
1439 2658 1566 2699 viatici,
1592 2659 1696 2694 etiam
1725 2659 1768 2694 ad

263 2775 273 2795 1
292 2773 336 2807 27
363 2772 450 2808 Iun.
479 2773 579 2807 1868:
608 2785 645 2806 n.
675 2775 780 2809 3177.
823 2794 865 2800 —
905 2776 918 2796 '2
952 2776 993 2807 11
1021 2775 1111 2808 Mai.
1141 2776 1243 2809 1878:
1274 2788 1310 2809 n.
1337 2775 1442 2810 3448.
1474 2776 1593 2821 quue
1631 2776 1770 2810 confir-

142 2825 293 2853 matum
319 2824 382 2853 est
409 2820 449 2853 in
476 2820 843 2865 Marianopolitana.
875 2822 915 2856 17
941 2822 1033 2867 Apr.
1056 2823 1157 2856 1919.
1188 2822 1260 2857 CO.
1288 2823 1358 2862 XI,
1384 2824 1465 2857 246.
1496 2843 1538 2849 —
1565 2824 1579 2845 3
1605 2823 1766 2867 Papien.

142 2867 188 2901 23
214 2867 311 2901 Nov.
342 2866 440 2908 1880,
468 2878 506 2900 n.
535 2867 640 2902 3525.
