1971 3261
117 120 186 154 216
520 119 603 153 Lus.
633 119 702 152 ΙΙΙ.
729 138 741 144 -
767 118 877 152 PARS
902 118 933 151 I.
962 138 974 143 -
1001 118 1058 153 De
1083 118 1348 154 Sam-amentis
1469 117 1562 154 Can.
1589 117 1749 153 871-872

235 236 392 273 Clavium
424 241 571 282 potestas
597 235 772 271 antedicta
799 235 924 271 intime
951 246 1107 272 connexa
1134 240 1185 271 est
1205 247 1285 272 cum
1303 236 1506 272 sacerdotali
1535 236 1746 279 charactere,

117 306 155 331 ac
182 295 388 332 conficiendi
434 299 611 341 potestate,
652 294 746 330 unde
773 294 987 340 conspicitur
1025 293 1142 331 Conci.
1180 295 1285 330 Tridi.
1322 295 1480 332 definitio
1519 295 1556 330 in
1594 306 1672 331 can.
1704 294 1747 331 10

117 353 220 398 (Sess.
249 354 361 398 xm:
406 369 419 386 α
438 354 473 389 Si
503 353 584 399 quis
611 353 749 395 dixerit,
792 354 999 398 sacerdotes,
1028 354 1086 400 qui
1114 354 1151 389 in
1178 358 1318 401 peccato
1354 354 1490 390 mortali
1530 359 1625 395 sunt,
1655 359 1745 400 pote-

116 417 239 448 statem
267 413 398 458 ligandi
426 412 644 448 et·s01vendi
673 423 744 447 non
772 411 943 447 habere...
961 413 1082 448 anath.
1112 413 1155 448 sit
1172 427 1203 448 n.
1234 411 1335 457 Quod
1356 418 1500 460 apparet
1517 417 1650 448 attente
1667 423 1748 448 con-

116 471 282 507 sideranti
311 476 516 517 sequentem
549 470 587 505 D.
618 471 680 505 Tb.
712 471 1030 517 explicationem1:
1061 472 1134 508 «ad
1161 472 1241 515 duo,
1263 483 1410 518 quorum
1438 483 1547 508 unum
1574 476 1625 507 est
1642 482 1748 508 causa

114 531 269 571 atterius,
301 542 370 566 una
394 535 544 576 potestas
570 530 772 573 ordinatum
800 530 889 566 sicut
917 530 952 565 in
980 530 1060 576 igne
1087 531 1179 566 calor
1203 531 1246 566 ad
1265 531 1540 567 calefaciendum
1567 538 1601 567 et
1625 531 1746 567 dissol-

115 590 280 626 vendum.
310 589 349 624 Et
375 589 454 635 quia
496 589 611 624 omnis
638 589 750 634 gratia
790 593 823 624 et
849 589 1008 625 remissio
1043 590 1078 624 in
1106 601 1249 636 corpore
1286 590 1433 638 mystico
1470 601 1509 626 ex
1549 590 1660 637 capite
1685 602 1749 626 suo

116 649 285 696 provenit,
314 649 391 684 ideo
416 648 537 684 eadem
567 652 716 694 potestas
734 659 810 684 esse
836 648 973 684 videtur
1002 659 1060 695 per
1085 649 1285 691 essentiam,
1308 660 1377 695 qua
1395 650 1553 685 sacerdos
1578 649 1749 686 conficere

115 712 233 754 potest,
263 712 295 743 et
322 718 391 753 qua
431 711 540 753 potest
567 707 699 743 solvere
737 711 771 742 et
797 707 917 752 ligare,
946 708 973 742 si
1002 706 1198 743 iurisdictio
1224 708 1336 750 adsit;
1365 719 1430 743 nec
1457 708 1571 743 differt
1598 709 1664 743 nisi
1693 719 1746 744 ra—

113 767 218 807 tione,
240 766 433 802 secundum
454 766 543 812 quod
564 766 607 801 ad
626 766 782 801 diversos
800 765 943 802 effectus
957 771 1204 813 comparatur,
1225 766 1314 802 sicut
1329 766 1434 803 'etiam
1450 767 1542 812 ignis
1556 767 1683 803 dicitur
1696 779 1746 804 se-

113 826 265 861 cuudum
285 825 391 861 aliam
411 825 582 860 rationem
608 825 833 861 calef-activus
852 830 886 860 et
906 825 1166 871 liquefactivus.
1197 825 1236 860 Et
1250 826 1333 872 quia
1348 826 1436 860 nihil
1451 831 1501 861 est
1520 826 1612 862 aliud
1630 827 1748 863 chara—

112 890 183 922 cter
219 885 352 921 ordinis
390 884 615 920 sacerdotalis
656 896 762 930 quam
803 889 953 930 potestas
992 885 1173 921 exercendi
1203 885 1288 920 illud
1316 885 1359 921 ad
1388 885 1478 931 quod
1507 885 1747 932 principaliter

112 945 194 982 ordo
220 944 398 980 sacerdotii
427 944 610 979 ordinatur
637 944 859 989 (sustinendo
885 944 976 989 quod
1004 944 1048 979 sit
1074 944 1166 980 idem
1205 944 1296 990 quod
1337 944 1529 990 spiritualis
1565 948 1744 990 potestas),

112 1005 187 1041 ideo
212 1004 391 1040 character
408 1008 440 1039 et
469 1008 618 1050 potestas
644 1003 853 1038 conficiendi
881 1008 914 1039 et
943 1007 1093 1049 potestas
1119 1003 1271 1039 clavium
1294 1008 1346 1039 est
1372 1014 1483 1039 unum
1510 1008 1541 1039 et
1568 1004 1660 1039 idem
1689 1015 1749 1050 per

112 1063 313 1104 essentiam,
342 1063 401 1098 sed
427 1063 543 1097 differt
568 1063 750 1098 ratione».

234 1159 329 1202 195.
351 1160 704 1205 lurisdictionis
725 1161 950 1215 potestas
969 1160 1016 1203 in
1035 1160 1275 1204 ministro.
1297 1184 1348 1188 —
1367 1156 1488 1203 Conc.
1511 1157 1621 1203 Trid.
1641 1161 1697 1201 ait
1715 1157 1743 1201 2:

118 1229 363 1284 «Quoniam
397 1231 522 1285 igitur
556 1233 700 1272 natura
735 1233 775 1272 et
804 1230 907 1272 ratio
941 1228 1081 1272 iudicii
1117 1228 1215 1272 illud
1249 1230 1449 1285 exposcit,
1477 1233 1519 1272 ut
1541 1231 1744 1272 sententia

114 1301 153 1342 in
186 1298 373 1363 subditos
423 1298 640 1342 dumtaxat
688 1299 858 1353 feratur,
889 1311 1138 1354 persuasum
1172 1311 1337 1354 semper
1383 1300 1421 1341 in
1456 1298 1639 1342 Ecclesia
1672 1297 1745 1342 Dei

114 1369 188 1413 fuit
219 1373 259 1413 et
294 1371 558 1412 verissimum
594 1382 682 1412 esse
715 1369 907 1426 Synodus
940 1368 1042 1412 haec
1086 1370 1319 1424 confirmat,
1353 1368 1507 1412 nullius
1545 1371 1744 1412 momenti
1812 1362 1823 1371 ”

113 1439 412 1483 absolutionem
449 1451 539 1483 eam
575 1453 663 1482 esse
697 1438 864 1491 debere,
899 1452 1022 1496 quam
1066 1439 1261 1482 sacerdos
1295 1442 1332 1482 in
1368 1453 1463 1483 eum
1499 1441 1667 1496 profert,
1704 1442 1744 1482 in

113 1523 236 1568 quem
286 1510 538 1554 ordinariam
589 1514 659 1553 aut
691 1509 1005 1566 subdelegatam
1054 1523 1134 1553 non
1183 1509 1307 1554 babet
1347 1511 1744 1554 iurisdictionem».

113 1580 296 1638 idipsum
331 1583 528 1638 exprimit
552 1590 642 1623 can..
667 1582 773 1623 872.
800 1579 976 1623 Praeter
996 1585 1246 1637 potestatem
1269 1579 1435 1624 ordinis
1457 1578 1740 1635 sacerdotalis,

117 1657 159 1696 ut
196 1652 376 1695 vidimus
410 1654 448 1694 in
483 1665 573 1694 can.
621 1664 772 1708 praec„
806 1650 862 1694 ad
894 1650 1080 1694 validam
1122 1656 1391 1709 peccatorum
1440 1651 1743 1695 absolutionem

114 1723 295 1767 scilicet:
329 1722 692 1777 sacramentalem,
718 1727 858 1779 utpote
887 1722 1204 1766 «iudicialem»
1239 1721 1347 1780 (can.
1374 1723 1475 1780 870)
1508 1722 1748 1780 requiritur

114 1793 157 1837 in
192 1793 385 1837 ministro
434 1796 681 1837 sacramenti
719 1795 994 1850 poenitentiae
1024 1799 1212 1851 potestas
1258 1792 1567 1836 iurisdictionis
1599 1793 1768 1838 saltem,

118 1865 230 1908 «fori
281 1867 432 1908 interni
480 1864 831 1908 sacramentalis»
884 1865 990 1920 (can.
1026 1864 1142 1920 196),
1176 1863 1263 1907 sive
1296 1863 1522 1907 ordinaria
1555 1864 1642 1908 sive
1673 1863 1742 1907 de-

114 1935 267 1992 leyata,
303 1940 479 1993 utraque
513 1936 681 1978 delinita
717 1937 755 1978 in
780 1947 870 1979 can.
897 1934 1133 1990 197,§1³,
1165 1934 1209 1978 in
1239 1934 1524 1992 poenitentem
1558 1949 1630 1978 seu
1663 1938 1746 1979 sin-

113 2006 268 2063 gularis
290 2009 536 2050 sacramenti
562 2006 808 2050 subiectum.
834 2005 967 2049 Huius
990 2005 1160 2049 alterius
1199 2007 1386 2063 requisiti
1422 2006 1742 2063 explicationem

114 2076 231 2121 nobis
264 2077 380 2120 otlert
415 2076 459 2121 D.
495 2076 567 2119 Th.
588 2077 602 2099 4
636 2077 805 2121 dicens:
843 2076 993 2134 «quod
1027 2079 1161 2119 omnis
1196 2081 1376 2132 potestas
1415 2077 1641 2133 spiritualis
1674 2076 1743 2134 (ad

112 2147 303 2191 eflectum
338 2147 497 2191 scilicet
529 2147 887 2204 supernaturalem
922 2149 1080 2203 gratiae
1112 2147 1366 2204 causandae)
1403 2147 1524 2190 datur
1558 2161 1652 2191 cum
1676 2147 1746 2191 ali-

113 2230 194 2276 qua
227 2220 551 2262 consecratione.
586 2218 634 2261 Et
668 2218 759 2261 ideo
793 2217 924 2262 clavis
956 2231 1050 2261 cum
1085 2218 1231 2261 ordine
1264 2217 1410 2270 datur,
1443 2218 1514 2261 sed
1550 2220 1746 2262 executio

113 2287 241 2332 clavis
275 2288 431 2344 indiget
464 2289 602 2333 debita
653 2290 837 2344 materia,
886 2301 992 2346 quae
1025 2293 1085 2331 est
1119 2287 1235 2345 plebs
1267 2288 1433 2332 subdita
1468 2302 1542 2344 per
1576 2289 1744 2332 iurisdi-

113 2362 315 2413 ctione1n3
365 2365 404 2402 et
439 2360 531 2403 ideo
564 2364 785 2417 antequam
835 2359 1164 2403 iurisdictionem
1213 2359 1377 2413 babeat,
1427 2359 1550 2403 habet
1583 2359 1740 2415 claves,

113 2431 183 2474 sed
220 2443 297 2473 non
334 2430 456 2474 habet
489 2435 626 2474 actum
662 2430 897 2473 clavium.»
935 2429 983 2473 Et
1016 2429 1228 2473 concludit
1251 2430 1301 2473 ad
1336 2429 1583 2473 solutionem
1619 2442 1741 2487 argu-

117 2503 241 2544 menti
277 2503 450 2556 oppositi
485 2503 724 2544 statuentis:
765 2516 786 2541 ((
805 2513 903 2557 ergo
937 2513 1016 2543 non
1051 2499 1193 2544 debuit
1226 2500 1277 2543 de
1301 2499 1582 2544 ecclesiastico
1607 2500 1745 2544 iudice

114 2574 152 2614 in
188 2571 426 2615 delinitione
470 2572 666 2623 clavium,
705 2577 745 2615 ut
777 2584 916 2629 supra,
967 2574 1119 2614 mentio
1154 2572 1243 2615 lieri
1263 2587 1302 2614 ›>:
1358 2586 1379 2613 ((
1398 2575 1438 2615 et
1472 2574 1567 2627 quia
1611 2571 1746 2615 clavis

236 2725 355 2758 1L00.
385 2725 453 2758 cit.
483 2737 516 2758 a.
545 2727 566 2757 2
593 2724 639 2758 ad
669 2726 728 2758 1¹¹¹.
758 2745 802 2750 -
828 2724 842 2746 2'
861 2724 962 2758 Sess.
992 2724 1098 2764 XIV,
1128 2735 1159 2757 c.
1190 2725 1222 2759 7.

233 2773 246 2794 ‘³
267 2772 361 2806 Can.
394 2773 471 2807 197.
501 2776 520 2813 ξ
548 2774 578 2805 1.
610 2772 791 2805 Potestas
830 2771 1119 2805 iurisdictionis
1154 2771 1351 2804 ordinaria
1377 2782 1420 2805 ea
1447 2774 1506 2805 est
1533 2782 1632 2815 quae
1658 2770 1746 2817 ipso

114 2820 200 2855 iure
227 2819 379 2853 adnexa
405 2824 465 2853 est
491 2818 638 2858 officim
668 2819 860 2863 delegata,
889 2829 987 2863 quae
1014 2818 1220 2852 commissa
1245 2823 1305 2852 est
1330 2829 1526 2862 personae.

233 2869 245 2889 4
277 2867 366 2900 Loc.
396 2867 462 2900 cit.
492 2866 540 2900 ad
567 2867 628 2899 21¹¹.
