1971 3261
140 135 234 171 Gan.
261 134 463 170 1010-1011
708 133 793 167 Tx'r.
824 134 889 168 VI.
924 154 938 159 -
962 134 1020 169 De
1050 135 1195 169 Ordine
1707 136 1776 168 483

138 253 291 298 debent
322 264 466 296 sacrae
499 252 765 305 ordinationi,
801 258 1000 295 (cervariae
1032 258 1264 305 serventur,
1289 265 1336 296 eo
1370 253 1479 310 quod
1518 255 1701 297 fortassis
1736 257 1772 296 in

140 329 347 381 posterum
383 322 542 366 consuli
578 322 732 366 utiliter
768 327 972 379 poterunt.

255 395 491 437 lnnocentio
528 392 597 436 Xll
621 398 831 436 asserente
856 396 892 436 in
919 398 1048 437 const.
1079 394 1450 450 «Speculatores»
1480 407 1604 450 supra
1630 397 1768 448 citata,

137 467 292 508 scimus
325 478 399 507 suo
435 467 512 507 iam
551 469 735 520 tempore
779 464 1053 507 ordinationis
1097 467 1378 508 testimonium
1426 465 1513 507 dari
1561 469 1772 521 promotis,

137 539 309 593 ipseque
344 537 460 578 iussit
492 535 698 592 quaedam
736 537 773 577 in
809 548 857 578 eo
893 537 1031 588 inseri,
1067 540 1109 578 ut
1142 540 1351 578 constaret
1375 536 1425 578 de
1449 535 1774 592 adimplemenlo

137 608 507 662 praescriptionum
545 607 582 647 in
618 618 663 648 ea
690 605 804 648 Bulla
828 610 1132 648 contentarum.
1160 605 1245 649 Hae
1271 607 1355 649 t'ere
1379 620 1523 649 ‹nnties
1547 606 1773 663 abrogatae

133 682 241 732 sunt,
274 679 381 720 sicut
413 676 791 719 animadvertimus
823 689 946 732 supra
983 676 1033 719 ob
1070 690 1213 719 earum
1252 679 1288 718 iu
1314 676 1466 720 Codice
1490 679 1773 731 omissionem,

135 752 175 791 et
208 752 319 804 patet
353 750 390 789 in
425 749 449 800 ξ
482 748 524 789 ’3.
559 745 755 803 Singulis
788 745 1002 789 ordinatis
1039 760 1110 803 per
1145 749 1319 803 primam
1356 761 1521 805 quoque
1556 753 1771 791 tonsuram

133 818 258 862 delier
299 832 348 862 ex
396 823 616 875 praecepto
665 816 951 861 ‹iullieiiliritm
1000 817 1150 861 Curiae
1199 817 1334 874 sigillo
1378 831 1425 862 ac
1468 819 1772 875 subscriptione

133 890 276 934 saltem
311 891 473 937 notarii,
518 888 580 932 vel
626 886 838 933 Ordinarii
887 888 978 934 loci,
1022 888 1312 931 ordinationis
1356 895 1548 947 receptae
1590 890 1639 933 ad
1685 892 1774 933 eius

134 962 257 1006 tidem
294 960 526 1004 faciendam
565 960 862 1014 testimonium,
897 964 955 1002 est
990 962 1098 1003 enim
1139 973 1202 1003 res
1238 962 1312 1002 t‘ori
1359 963 1517 1003 externi
1560 961 1610 1003 de
1654 964 1773 1004 cuius

133 1031 382 1076 certitudine
418 1034 586 1073 interest
612 1032 793 1073 maxime
819 1029 1042 1079 Ecclesiae,
1062 1035 1187 1087 atque
1208 1044 1286 1072 nou
1315 1043 1407 1073 raro
1434 1032 1560 1086 ipsius
1579 1031 1772 1073 ordinati.

134 1101 191 1146 De
226 1102 305 1145 illis
338 1107 396 1145 est
421 1101 603 1145 secunda
637 1103 808 1144 canonis
843 1114 958 1157 pars:
994 1101 1065 1158 qui
1100 1101 1293 1155 ordinati,
1328 1100 1438 1143 siah
1463 1099 1682 1159 Episcopo,
1712 1101 1773 1143 Vi-

132 1175 245 1216 cario
277 1185 325 1216 ac
361 1172 570 1215 Praetecto
590 1171 843 1228 Apostolico,
867 1171 1029 1215 Abbate
1058 1171 1120 1214 vel
1150 1171 1338 1214 Praelato
1363 1171 1530 1225 nullius,
1555 1177 1770 1226 extraneo,

133 1244 171 1287 id
206 1248 289 1287 est:
323 1243 584 1299 singulorum
620 1256 698 1285 nou
735 1245 901 1299 proprio
935 1243 984 1285 ad
1021 1255 1210 1286 normam
1238 1255 1328 1286 can.
1354 1243 1452 1297 956,
1474 1243 1571 1297 957,
1599 1243 1771 1299 proinde

131 1328 221 1357 enm
255 1313 414 1356 litteris
446 1313 706 1356 ‹lirnissoriis
736 1313 922 1370 promoti
953 1312 1133 1370 fuerim,
1169 1312 1279 1355 illud
1307 1313 1633 1357 «authenticum
1660 1316 1769 1356 testi-

134 1387 316 1428 mouium
338 1400 357 1426 ›>
393 1384 570 1442 proprio
609 1382 859 1437 Orilinario,
894 1387 962 1441 qui
997 1397 1066 1427 eas
1099 1384 1214 1427 dedit
1248 1385 1521 1429 dimissorias.
1547 1383 1771 1427 exhibeam

129 1470 207 1515 pro
240 1455 528 1500 ordinalionis
552 1455 842 1510 immolatione,
866 1456 975 1512 quod
1004 1460 1220 1511 propterea
1246 1458 1455 1499 contineat
1477 1461 1638 1511 oportet
1663 1469 1769 1513 quae

132 1528 310 1572 notanda
345 1532 438 1570 sunt
473 1527 522 1570 ad
559 1539 746 1569 normam
781 1526 822 1584 §i
860 1526 908 1580 1¹,
945 1526 988 1569 in
1022 1526 1198 1583 speciali
1233 1527 1542 1569 ordinatiomim
1580 1526 1686 1569 libro
1726 1527 1767 1569 iii

131 1598 302 1643 archivo
336 1611 412 1642 nee
445 1597 614 1641 additur
646 1602 807 1641 secreto
841 1597 1063 1652 servando,
1087 1599 1156 1655 qui
1184 1602 1317 1654 potest
1351 1610 1439 1640 esse
1475 1597 1581 1640 idem
1619 1610 1665 1641 ac
1702 1597 1769 1641 ille

130 1672 180 1715 de
215 1684 296 1728 quo
330 1670 512 1726 loquitur
543 1668 606 1727 ξω*
642 1669 711 1724 1“’,
736 1674 773 1712 et
809 1668 904 1712 hinc
928 1669 1201 1711 confirmatur
1225 1673 1322 1712 tunc
1347 1669 1441 1711 data
1468 1671 1766 1725 interpretatio.

129 1742 179 1786 Et
212 1742 278 1786 hic
310 1747 370 1785 est
402 1741 611 1784 secundus
646 1739 749 1783 liber
783 1745 1037 1783 memoratus
1071 1745 1110 1783 et
1146 1741 1427 1796 praescriptus
1462 1742 1498 1782 in
1536 1739 1612 1782 lioc
1645 1739 1768 1783 Trac-

128 1818 229 1866 tatu,
265 1826 357 1856 nam
392 1812 443 1855 de
476 1811 783 1868 dispensatione
809 1810 1128 1866 irregularitatis
1155 1810 1218 1853 vel
1247 1810 1536 1866 impedimenti
1573 1826 1592 1849 «
1619 1812 1656 1852 in
1683 1812 1768 1853 t‘oro

130 1887 292 1927 interno
326 1897 404 1926 nou
439 1881 729 1926 sacramentali
765 1894 960 1925 concessa
1007 1883 1044 1924 in
1089 1887 1249 1925 secreto
1292 1880 1441 1926 Curiae
1488 1881 1650 1930 libro»,
1698 1884 1767 1939 qui

131 1955 303 2011 proinde
347 1955 565 1997 distinctus
603 1958 664 1996 est
702 1952 753 1996 al)
792 1952 921 1995 altero
963 1951 1084 1995 liuius
1123 1955 1307 2007 canonis,
1338 1957 1565 1995 «constare
1599 1951 1760 1995 debet»

129 2028 237 2083 (can.
272 2026 349 2069 911
388 2024 416 2083 ξ
451 2024 506 2081 4).

246 2098 344 2142 394.
365 2098 650 2143 Notificatio
668 2097 995 2142 ordinationis
1014 2097 1322 2141 subdiaconi.
1342 2121 1392 2125 -
1419 2094 1534 2137 ‘Nora
1562 2096 1762 2151 praescri-

128 2171 210 2225 ptio
243 2168 429 2226 aequalis
462 2167 578 2210 alteri
613 2167 664 2209 de
697 2171 910 2209 contracto
937 2168 1201 2209 matrimonio
1226 2166 1419 2209 inductae
1446 2179 1517 2220 per
1541 2164 1637 2208 Dec.
1668 2164 1763 2208 «Ne

128 2243 285 2282 temere
303 2254 323 2279 ))
352 2240 390 2281 S.
410 2236 453 2282 C.
472 2238 514 2282 C.
538 2237 549 2259 ¹
575 2237 684 2280 edita
710 2240 771 2280 est
796 2239 952 2279 ineam.
972 2238 1094 2279 1011.
1117 2235 1358 2290 Praelerea,
1380 2235 1543 2279 scilicet
1561 2253 1567 2278 :
1588 2238 1765 2279 servatis

125 2322 231 2367 quae
257 2312 294 2352 in
319 2321 410 2352 can.
435 2321 569 2365 praec.
595 2309 876 2359 eontinentur,
896 2308 937 2363 a)
957 2306 1038 2349 loci
1065 2306 1340 2359 Graium-ius,
1361 2311 1399 2349 et
1424 2311 1508 2349 tum
1537 2305 1589 2349 ol)
1613 2319 1763 2349 conne-

127 2382 290 2423 xionem
316 2393 410 2423 cum
435 2379 580 2422 eodem
609 2384 762 2435 praec.s
785 2384 891 2421 can.S
919 2378 1045 2421 verbo
1069 2377 1107 2420 si
1130 2383 1292 2435 (iyatur
1315 2377 1365 2419 cle
1398 2379 1594 2433 (propriis
1628 2377 1762 2434 quoad

126 2451 428 2494 ordinationem
463 2449 660 2506 subditis)
695 2448 909 2492 ordinatis
943 2463 964 2491 e
997 2448 1107 2491 clero
1142 2447 1375 2503 saecula-ri,
1420 2454 1504 2491 tum
1541 2447 1592 2491 ol)
1626 2447 1764 2490 analo-

125 2525 233 2579 giam
270 2535 363 2565 cum
388 2523 576 2579 sequenti
601 2519 807 2564 clausula:
835 2519 876 2576 b)
903 2525 977 2562 (izit
1000 2519 1214 2576 Superior
1239 2519 1390 2573 alaier,
1415 2519 1452 2561 si
1475 2518 1525 2562 [Ie
1551 2518 1764 2575 religsi'osis

125 2591 337 2636 ordinatis
370 2605 459 2634 cum
492 2590 580 2634 suis
614 2589 772 2633 litteris
805 2589 1082 2644 dimissoriis,
1118 2589 1226 2633 uude
1260 2592 1560 2646 praescriptum
1586 2602 1764 2646 sequens

123 2665 309 2716 canoniS,
330 2664 362 2705 si
387 2667 535 2719 agatur
557 2663 609 2705 de
635 2661 839 2718 religiosis
861 2675 1040 2718 quornm
1071 2660 1311 2704 «ordinatio
1338 2663 1496 2717 regitur
1517 2663 1605 2703 iure
1623 2672 1765 2703 saecu-

124 2733 309 2777 larium»
334 2732 441 2790 (can.
463 2732 561 2786 964,
583 2731 661 2790 4⁰),
680 2737 829 2789 gravat
847 2729 1118 2776 Ordinarium
1141 2731 1216 2775 loci
1241 2733 1280 2774 in
1300 2745 1382 2788 quo
1406 2734 1515 2774 «sita
1536 2736 1594 2774 est
1615 2730 1763 2773 domus

245 2887 256 2908 1
283 2887 304 2919 2
331 2887 435 2931 Aug.
470 2886 572 2920 1907.
