1971 3261
170 88 239 122 466
564 87 650 120 LIB.
679 86 750 120 III.
780 105 792 111 -
821 86 931 120 PARS
956 86 986 120 I.
1017 106 1028 111 -
1055 87 1113 121 De
1138 87 1405 122 Sacramentis
1614 87 1708 124 Gan.
1733 88 1805 124 998

172 205 245 248 bus
278 205 364 247 sire
395 202 667 261 simplicibus,
703 203 849 246 horum
876 205 984 246 enim
1020 207 1283 248 conversatio
1305 208 1554 261 supponitur
1588 205 1706 262 plene
1729 207 1803 251 Su-

174 274 404 331 perioribus
449 273 653 329 religiosis
700 273 998 316 testimoniales
1047 273 1203 318 litteras
1251 274 1445 318 dantibus
1493 281 1721 332 perspecta,
1766 282 1808 320 et

174 348 307 388 minus
342 344 493 401 populo
528 343 775 398 christiano,
811 349 1046 388 ceterorum
1083 350 1219 388 tamen
1253 358 1273 388 3
1312 348 1417 389 votis
1450 349 1713 402 temporariis
1746 361 1807 390 re·

173 416 411 471 ligiosorum
456 427 623 471 quoque
661 416 918 456 «nomina»
966 414 1007 471 3)
1038 413 1203 471 publice
1251 414 1290 470 b)
1323 414 1627 459 denuntientur
1664 432 1687 457 ((
1708 430 1802 460 0331

170 485 377 528 desiderio
426 497 568 527 001331
620 486 872 540 proposito»
927 484 1133 541 fidelibus,
1168 488 1204 538 c)
1237 485 1280 528 iu
1326 485 1564 542 paroeciali
1607 486 1807 545 cuiusque

171 554 391 598 candidati
423 554 475 598 ob
508 554 765 598 domicilium
804 555 865 598 vel
914 557 1030 612 quasi
1076 555 1333 600 domicilium
1368 556 1541 600 actualis
1574 570 1804 601 commora-

171 628 304 681 tionis,
340 626 584 668 alterutrum
636 631 804 682 proptor
836 626 945 683 quod
988 625 1238 683 Episcopum
1286 630 1499 684 proprium
1534 629 1806 672 ordinationis

170 699 340 739 sortitur
375 696 697 752 promovendus,
732 695 844 753 (nam
895 696 1094 753 singulari
1133 697 1259 741 verbo
1294 701 1423 742 utitur
1471 699 1699 756 legislator)
1742 713 1803 742 ec-

170 767 313 820 clesia,
335 767 480 810 eadem
514 769 572 810 sic
605 766 816 810 declarata
851 780 923 823 pro
957 767 1163 824 religiosis
1196 767 1274 812 hoc
1297 781 1455 813 canone
1478 770 1804 826 comprehensis,

171 840 330 882 etiamsi
365 838 513 881 domus
544 838 595 881 de
642 840 760 881 cuius
807 837 962 881 familia
994 844 1090 882 sunt
1128 854 1148 879 ((
1172 852 1192 882 3
1231 839 1398 896 parochi
1446 854 1543 884 cura
1595 854 1667 897 per
1709 840 1803 898 Epi-

170 921 341 964 scopum
375 907 581 951 subducta
614 908 738 951 suerit
761 923 781 949 1)
820 907 930 965 (033.
966 908 1065 963 464,
1097 908 1124 966 ξ
1157 909 1209 962 ⁶2).

289 976 389 1022 Cum
415 982 552 1021 autem
576 980 712 1021 statim
750 982 886 1034 pateat
919 980 958 1021 in
983 978 1073 1022 aliis
1107 979 1207 1022 locis
1232 993 1349 1036 posse
1384 980 1612 1036 pleniorem
1639 980 1805 1024 illorum

171 1051 357 1092 notitiam
403 1048 618 1105 possideri,
653 1049 834 1105 prudens
867 1049 982 1092 addit
1027 1049 1170 1106 legiler
1201 1049 1387 1094 Codicis:
1437 1050 1510 1094 secl
1541 1050 1581 1108 a)
1621 1050 1804 1095 Ordina-

170 1120 262 1163 rius
301 1135 321 1160 (c
346 1119 591 1176 paroecialis
624 1119 870 1163 ecclesiae»
907 1120 958 1163 de
990 1133 1071 1178 qua
1107 1120 1228 1177 paulo
1263 1126 1371 1176 ante,
1408 1121 1449 1179 b)
1481 1136 1560 1179 pro
1593 1136 1671 1165 sua
1700 1136 1802 1180 pru·

170 1191 316 1235 (leucia
348 1191 616 1234 considerans
638 1190 848 1234 candidati
873 1193 1206 1235 circumstantias
1229 1204 1277 1235 ac
1311 1192 1413 1249 legis
1443 1194 1565 1236 tinem
1603 1196 1802 1237 intentum

171 1262 211 1318 c)
244 1266 381 1319 potest
413 1260 447 1303 10
484 1265 569 1303 lum
602 1260 651 1303 ab
686 1259 763 1303 bac
793 1260 1080 1318 publicatione
1114 1276 1186 1318 per
1217 1275 1417 1306 canonem
1455 1266 1708 1320 praescripta
1742 1263 1803 1307 di·

171 1345 373 1390 speusare
405 1332 455 1374 ad
491 1344 678 1374 normam
714 1334 972 1388 exceptionis
1022 1335 1179 1388 primae
1212 1345 1302 1378 can.
1339 1334 1385 1376 81
1426 1348 1478 1377 eoe
1520 1335 1633 1377 iusta
1676 1348 1806 1378 causa

172 1404 299 1447 idest:
336 1404 643 1459 proportionata
678 1407 717 1445 et
752 1402 1000 1457 rationabili,
1029 1418 1049 1443 «
1070 1402 1207 1447 habita
1251 1407 1409 1448 ratione
1442 1407 1660 1460 gravitatis
1702 1404 1804 1461 legis

172 1487 193 1517 a
228 1486 308 1531 qua
342 1473 642 1529 dispensatur»
682 1473 787 1529 (can.
814 1473 882 1527 84,
917 1475 941 1527 ἓ
978 1472 1033 1530 1),
1060 1487 1096 1516 v.
1132 1488 1192 1530 gr.
1228 1479 1396 1531 propter
1428 1475 1682 1530 singularem
1707 1488 1804 1519 can-

172 1544 299 1587 didati
336 1543 596 1600 probitatem,
621 1544 1069 1587 eiusdem'continuam
1107 1547 1143 1586 in
1178 1545 1409 1588 Seminario
1433 1548 1801 1589 commorationem

171 1615 223 1659 ab
272 1615 416 1658 ultima
464 1619 653 1671 suscepta
703 1615 979 1669 ordinatione,
1023 1615 1074 1658 11⁰
1111 1621 1196 1658 tum
1241 1616 1489 1674 praecipere
1530 1622 1574 1659 ut
1616 1616 1659 1659 iri
1703 1616 1802 1660 aliis

171 1699 331 1743 qiioque
363 1684 548 1727 ecclesiis
582 1684 885 1741 paroecialibus
912 1685 974 1729 vel
1008 1699 1103 1740 non,
1126 1686 1196 1729 sed
1221 1686 1297 1730 sibi
1327 1686 1538 1741 subiectis,
1568 1693 1805 1745 peraqatur

174 1771 210 1800 v.
244 1770 305 1813 gr.
340 1756 391 1799 ob
426 1756 590 1812 longam
625 1755 731 1799 ultra
765 1760 1007 1800 semestrem
1050 1760 1314 1813 praeteritam
1348 1760 1717 1801 commorationem
1763 1760 1802 1801 in

171 1827 249 1871 alia
285 1829 487 1883 paroecia,
524 1831 691 1883 propter
736 1829 932 1870 maiorem
978 1827 1325 1884 parochianorum
1361 1829 1636 1886 trequentiam
1673 1830 1711 1872 in
1745 1829 1803 1872 al-

171 1903 256 1941 tera
291 1897 480 1947 ecclesia,
514 1896 584 1939 1110
610 1902 696 1939 tum
727 1896 1007 1955 publicationi
1038 1898 1304 1949 substituere,
1328 1901 1418 1942 sive
1439 1913 1526 1943 mos
1561 1902 1639 1943 iam
1677 1901 1802 1943 13110-

171 1969 332 2012 ductus·
354 1969 489 2021 fuerit,
513 1971 603 2011 sive
636 1981 730 2020 non,
764 1970 801 2024 a)
832 1967 1043 2026 publicam
1077 1969 1204 2012 idest:
1239 1969 1409 2014 cuilibet
1443 1975 1648 2026 patentem
1681 1969 1723 2027 b)
1748 1969 1804 2013 acl

173 2039 313 2082 calcas
346 2038 559 2093 ecclcsiae,
592 2039 717 2083 idest:
754 2040 888 2096 quoad
935 2039 1069 2083 locum
1122 2053 1249 2097 prope
1298 2043 1528 2097 ingressum
1566 2041 1674 2084 illius
1715 2041 1801 2099 affi-

171 2110 351 2165 oeionem,
384 2123 490 2167 quae
525 2115 689 2153 maneat
722 2113 759 2164 c)
788 2124 866 2168 per
898 2111 1059 2168 aliquot
1091 2110 1194 2166 dies,
1235 2114 1342 2169 «qui
1377 2116 1567 2155 constant
1602 2112 1654 2155 ⁶24
1691 2111 1806 2155 110115

171 2183 364 2224 003111130
397 2181 670 2236 supputandis
702 2193 724 2224 a
760 2181 895 2224 media
929 2186 1109 2235 nocte»,
1143 2187 1396 2238 quapropter
1428 2183 1510 2225 duo
1542 2184 1622 2225 sint
1654 2182 1800 2225 saltem

171 2253 319 2307 integri
353 2250 441 2293 dies
475 2253 587 2293 iuxta
623 2264 708 2307 reg.
743 2251 796 2293 40
831 2251 941 2295 Juris
977 2254 1015 2294 in
1051 2254 1118 2295 6⁰:
1173 2268 1195 2293 «
1220 2252 1393 2296 Pluralis
1437 2253 1588 2296 locutio
1622 2252 1799 2295 duorum

172 2335 344 2365 numero
378 2327 435 2364 est
470 2326 728 2375 contenta»,
760 2335 855 2365 03111
888 2325 1076 2380 sequenti
1111 2323 1370 2366 conditione:
1415 2323 1460 2366 iu
1504 2322 1650 2380 quibus
1695 2336 1802 2365 uuus

170 2391 319 2435 sallem
352 2391 440 2435 (lies
473 2391 607 2449 feslus
641 2391 1020 2450 comprehendatur
1052 2394 1101 2436 ad
1136 2393 1389 2437 servandum
1439 2396 1610 2437 rationis
1642 2393 1696 2451 ξι.
1739 2407 1800 2436 se-

169 2466 334 2520 quentis
370 2463 701 2505 fundamentum.

288 2533 397 2577 Finis
430 2533 551 2576 huius
586 2533 686 2590 legis
719 2536 842 2577 etiam
877 2533 1142 2578 Tridentinae
1175 2533 1377 2578 absdubio
1411 2540 1470 2578 est
1504 2534 1800 2591 impedimenta

170 2605 379 2661 detegere,
403 2607 435 2647 si
469 2617 574 2661 quae
608 2607 744 2648 minus
778 2610 872 2648 nota
896 2607 1132 2656 existerent,
1154 2609 1321 2661 propter
1354 2606 1463 2663 quod
1499 2606 1549 2649 de
1584 2619 1692 2649 novo
1723 2610 1803 2649 sta-

172 2678 247 2718 tuit
278 2675 306 2732 ξ
339 2675 376 2717 ⁴2.
416 2673 646 2717 Publicolio
681 2675 754 2731 liu!
787 2675 829 2732 a)
862 2674 931 2718 die
961 2674 1070 2732 festo
1103 2674 1154 2718 cle
1191 2681 1432 2733 praecepto,
1466 2681 1504 2719 et
1553 2678 1622 2733 qui
1662 2680 1801 2719 ((5331

172 2749 210 2788 13
245 2748 437 2788 universa
472 2745 699 2788 Ecclesia»
740 2751 1007 2789 recensentur
1041 2748 1079 2788 in
1114 2759 1204 2790 can.
1233 2746 1358 2800 1247,
1386 2746 1600 2790 videlicet:
1637 2750 1800 2803 praeter

169 2817 248 2860 alia
283 2818 380 2859 festa
420 2815 608 2871 «singuli
643 2816 730 2859 dies
763 2817 1019 2871 dominici»,
1055 2816 1159 2870 11)τή
1183 2816 1372 2870 ecclesia,
1401 2817 1580 2861 scilicet:
1619 2819 1798 2874 proprie,

1954 1714 1971 1764 tt

1968 2312 1971 2343 μ..
1957 1767 1971 2306 waramum
