1971 3261
139 139 230 176 Can.
264 139 469 176 1138-1140
662 139 746 173 ΤιΤ.
776 139 864 173 VII.
893 159 904 164 -
931 139 989 174 De
1015 141 1278 174 Matrimonia
1705 140 1776 174 701

142 262 226 316 ptio
258 259 455 303 similium
492 261 850 302 matrimoniorum
886 272 906 302 a
942 259 1032 315 lege
1065 258 1319 311 Tridentum,
1353 272 1460 317 quae
1492 262 1701 317 exemptio
1736 262 1774 303 in

141 330 319 374 Decreto
358 345 380 371 <‹
403 328 462 372 Ne
487 334 683 373 temere»
711 329 788 374 sub
821 344 857 373 n.
884 329 936 373 Xl
970 329 1017 389 ἑο
1042 330 1086 374 20
1120 332 1195 374 fuit
1227 330 1357 384 salva,
1381 331 1451 374 sed
1484 334 1522 374 in
1546 345 1637 376 can.
1663 331 1774 374 1099

140 404 165 456 g
200 402 217 444 1
258 400 302 444 n⁰
336 400 380 444 2⁰
416 414 489 457 per
521 403 786 444 omissionem
822 401 1034 458 abrogata.

259 471 357 515 554.
391 472 598 518 Sanatio
629 474 676 517 in
719 475 887 518 radice
929 475 1225 520 matrimonii
1267 476 1332 520 ob
1377 476 1773 531 impedimentum

139 545 218 590 vel
251 544 498 589 defectum
530 544 724 589 formae
756 546 895 590 irriti.
928 569 981 574 —
1017 543 1116 587 Data
1151 546 1262 587 notio
1296 547 1333 588 in
1370 558 1505 601 praec.
1530 545 1573 600 ἕο
1596 545 1776 602 applica-

138 618 206 657 tur
239 615 455 671 magisque
488 613 722 670 explicatur
755 614 1156 670 respectudiversae
1180 614 1379 658 nullitatis
1413 618 1770 659 matrimoniorum

140 686 179 727 in
213 698 304 728 can.
340 685 466 727 1139.
501 684 529 743 ἓ
564 685 600 729 1.
639 683 860 738 Quodlibet
895 685 1224 736 matrimonium,
1258 698 1338 743 qua
1375 685 1573 729 maritalis
1605 688 1773 729 coniun-

137 757 219 799 ctio
252 757 376 799 etiam
413 757 520 799 inter
554 761 713 812 partem
763 755 1008 813 baptizatam
1044 761 1084 800 et
1117 770 1194 800 non
1240 756 1501 813 baptizatam,
1535 757 1687 800 initum
1721 771 1770 800 ex

137 831 353 870 contractu
398 840 489 869 cum
533 827 756 882 utriusque.
794 827 936 885 partis
979 841 1181 871 consensu
1225 827 1489 870 naturaliter
1529 827 1769 885 sufficiente,

136 903 343 956 quatenus
365 898 488 941 suerit
524 914 547 940 «
568 912 795 942 consensus
818 898 1134 942 matrimonialis
1157 914 1177 940 >³
1206 899 1440 955 descriptus
1464 901 1501 942 in
1526 911 1616 942 can.
1645 899 1769 954 1081,

136 970 162 1022 ἓ
196 968 219 1011 2
253 982 301 1012 ex
349 968 440 1025 lege
483 974 656 1013 naturae
697 982 864 1027 quoque
907 973 1179 1023 necessarius,
1223 968 1296 1012 sed
1333 968 1515 1012 iuridice
1547 968 1771 1027 inefficaci,

135 1042 233 1097 quia
266 1039 310 1097 a)
350 1042 502 1084 «inter
537 1053 734 1097 personas
768 1043 856 1084 iure
891 1040 1093 1084 habiles»
1130 1041 1217 1083 fieri
1252 1039 1376 1084 debet
1409 1053 1456 1083 ac
1479 1042 1530 1083 sit
1552 1039 1588 1094 b)
1626 1055 1647 1081 c<
1671 1040 1770 1097 legi-

136 1113 236 1154 time
259 1112 542 1155 manifestatus
560 1127 598 1166 »,
624 1117 668 1155 ut
692 1114 1001 1155 matrimonium
1029 1113 1152 1155 faciat
1177 1121 1286 1159 (can.
1313 1111 1441 1165 1081,
1464 1111 1492 1169 ἓ
1520 1110 1574 1168 1),
1600 1111 1772 1168 proinde

135 1181 177 1239 a)
211 1180 258 1225 ob
290 1181 496 1225 dirimens
536 1182 878 1240 impedimentum
921 1183 1031 1225 iuris
1072 1182 1363 1239 ecclesiastici,
1397 1195 1575 1238 nempe:
1609 1181 1661 1226 ab
1694 1182 1771 1227 lioc

136 1255 225 1296 iure
258 1257 418 1296 tantum
455 1256 537 1296 vim
573 1253 743 1307 habens,
780 1253 820 1310 b)
853 1253 917 1296 vel
948 1253 995 1297 ob
1028 1253 1235 1312 desectum
1258 1253 1474 1311 leqilimae
1497 1253 1629 1297 idest:
1663 1266 1683 1297 a
1708 1266 1772 1297 ca-

135 1337 242 1367 none
288 1324 399 1368 1094
434 1324 519 1382 (vel
554 1338 574 1368 a
609 1338 700 1382 cap.
739 1325 1009 1369 «Tametsi»
1046 1324 1171 1369 Conc.
1203 1324 1315 1370 Trid.
1358 1325 1421 1369 vel
1456 1338 1477 1369 a
1513 1324 1630 1369 Dec.⁰
1667 1341 1688 1366 «
1711 1325 1770 1370 Ne

134 1398 291 1438 temere
315 1412 334 1436 »
374 1409 446 1453 pro
468 1401 653 1452 tempore
679 1395 920 1453 praeterito)
955 1398 1235 1453 praescriptae
1257 1396 1437 1454 formae,
1467 1400 1605 1453 potest
1636 1395 1681 1439 in
1703 1410 1771 1439 ra-

132 1465 226 1509 dice
257 1467 421 1521 sanari,
456 1480 529 1511 seu
568 1467 752 1512 validum
795 1468 911 1511 reddi
946 1468 996 1512 ad
1031 1480 1219 1511 normam
1255 1480 1345 1511 can.
1383 1467 1509 1522 1138,
1548 1466 1770 1512 dummodo

133 1550 359 1581 consensus
392 1538 630 1595 praedictus
667 1554 690 1580 «
712 1538 958 1582 naturaliter
979 1539 1190 1583 sufficiens
1211 1554 1232 1580 ³>
1267 1544 1506 1597 perseveret
1527 1537 1672 1582 saltem
1699 1538 1767 1582 ha—

132 1607 356 1663 bitualiter,
393 1612 490 1667 quia
526 1615 775 1654 retractatus
809 1623 887 1653 non
924 1611 1011 1660 tuit,
1043 1610 1145 1654 alias
1167 1610 1330 1654 deesset
1354 1611 1471 1654 radix
1494 1611 1677 1655 sananda
1698 1624 1769 1667 per

111 1680 353 1732 juridicam
386 1681 630 1736 efficaciam,
664 1693 770 1739 quae
802 1684 962 1725 sanatio
985 1684 1060 1725 sita
1083 1686 1143 1725 est
1166 1684 1203 1725 in
1230 1684 1458 1726 remotione
1482 1683 1767 1739 impedimenti

133 1749 200 1794 vel
233 1752 542 1807 dispensatione
586 1753 744 1796 formae
787 1752 1096 1807 celebrationis,
1127 1765 1208 1810 qua
1242 1755 1280 1795 in
1315 1753 1513 1796 alterutra
1550 1752 1768 1810 hypothesi

132 1833 180 1865 ac
215 1835 289 1878 per
319 1825 576 1866 sanationem
613 1823 722 1867 nulla
746 1823 827 1869 alia
846 1823 935 1880 lege
954 1823 1158 1879 obstante,
1191 1837 1418 1868 consensus
1452 1823 1769 1867 matrimonialis

134 1895 265 1936 virtus
298 1893 500 1937 naturalis
531 1896 655 1937 etiam
694 1897 731 1937 vi
767 1895 941 1938 iuridica
981 1895 1172 1938 donatur.

249 1963 513 2009 Contrarium
538 1978 727 2009 asserere
750 1971 911 2021 oportet
943 1966 994 2010 de
1025 1966 1116 2010 aliis
1150 1966 1472 2023 impedimentis,
1493 1971 1536 2010 ut
1560 1967 1656 2010 facit
1677 1966 1706 2025 ἓ
1728 1966 1765 2009 2.

133 2034 456 2079 Matrimonium
477 2050 572 2080 cero
596 2042 857 2080 contractum
888 2052 979 2080 cum
1007 2040 1135 2094 partis
1152 2037 1435 2081 contrahentis
1457 2037 1769 2095 impedimento,

131 2107 241 2164 quod
280 2109 419 2164 vigeat
456 2109 493 2150 vi
519 2107 629 2150 iuris
662 2108 878 2151 naturalis
909 2108 973 2151 vel
1004 2107 1141 2152 divini
1163 2111 1344 2165 positivi,
1378 2109 1476 2152 dum
1504 2108 1603 2152 illud
1639 2113 1766 2164 extat,

131 2177 390 2222 convalidari
426 2178 789 2237 qualitercumque
823 2182 979 2236 nequit,
1004 2184 1144 2236 utpote
1167 2180 1275 2237 quod
1306 2179 1629 2236 indispensabile
1651 2180 1765 2223 adest

130 2248 491 2305 impedimentum,
525 2249 598 2292 sed
639 2249 808 2292 etiamsi
837 2254 985 2307 postea
1007 2262 1131 2307 quam
1167 2254 1426 2293 contractum
1460 2254 1521 2293 est
1554 2252 1766 2293 matrimo-

130 2321 260 2371 nium,
294 2319 639 2378 impedimentum
664 2334 700 2362 v.
725 2335 786 2377 gr.
806 2320 1015 2377 ligaminis
1033 2334 1106 2377 per
1123 2323 1312 2377 coniugis
1331 2325 1505 2364 mortem
1526 2321 1765 2375 cessaverit,

133 2392 206 2433 etsi
245 2393 323 2434 iam
364 2396 501 2447 posset
537 2393 674 2435 sanari
698 2391 927 2435 secundum
961 2394 1187 2435 sanationis
1221 2394 1259 2434 in
1296 2392 1435 2435 radice
1468 2392 1766 2444 definitionem,

128 2459 322 2504 Ecclesia
355 2475 436 2505 non
473 2467 600 2505 sanat
632 2462 676 2505 in
708 2461 855 2506 radice
887 2461 939 2506 ol]
983 2462 1092 2506 illius
1135 2465 1236 2506 iuris
1274 2465 1567 2517 reverentiam,
1607 2477 1683 2506 nec
1721 2464 1764 2506 fi-

128 2534 307 2576 ctionem
344 2533 664 2590 dispensationis
698 2533 807 2577 illius
839 2534 1076 2588 admittens,
1109 2536 1141 2577 si
1175 2534 1225 2577 ad
1261 2539 1516 2578 momentum
1553 2537 1640 2577 initi
1675 2547 1769 2578 con-

129 2608 286 2647 tractus
319 2607 542 2648 canonicos
577 2605 749 2648 effectus
796 2604 1106 2660 retrotralieret,
1141 2617 1189 2649 ac
1221 2619 1273 2648 ne
1303 2619 1329 2648 a
1361 2611 1567 2649 momento
1601 2606 1767 2664 quidem

130 2674 379 2717 cessationis
415 2675 718 2734 impedimenti,
752 2676 917 2733 quando
943 2675 1040 2719 illud
1067 2678 1365 2720 inconveniens
1388 2690 1466 2719 non
1494 2679 1764 2720 inveniretur.

248 2746 349 2791 555.
384 2749 764 2804 impossibilitas
813 2749 1088 2793 sanationis
1120 2749 1168 2792 in
1202 2750 1369 2794 radice
1400 2751 1568 2805 quoad
1601 2750 1766 2793 matri-

128 2819 342 2862 monium
376 2821 438 2860 est
455 2830 716 2875 consequens
748 2817 853 2860 can.¹
888 2818 1016 2872 1081,
1048 2818 1076 2875 ἓ
1111 2821 1147 2870 1,
1167 2823 1291 2875 atque
1315 2819 1353 2862 id
1379 2819 1493 2862 alleri
1521 2833 1610 2861 can.
1636 2820 1761 2861 1140.

84 2926 87 2927 ⁷
127 2890 152 2940 ξ
188 2887 224 2931 1.
260 2887 306 2930 Si
337 2887 381 2930 in
416 2892 596 2945 utraque
628 2901 677 2931 ex
714 2890 859 2945 potiori
895 2901 1018 2932 causa
1053 2901 1175 2946 quam
1215 2888 1279 2932 vel
1311 2889 1355 2932 in
1390 2889 1601 2932 alterutra
1638 2897 1763 2946 parte
