1971 3261
176 179 219 211 54
576 176 659 208 Lm.
686 175 755 208 [Π.
783 195 793 198 -
823 174 932 207 PARs
958 173 988 207 Ι.
1018 192 1030 198 -
1056 172 1113 207 De
1137 172 1403 207 Sciet-amentis
1610 171 1701 209 Can.
1731 172 1799 207 759

178 301 215 341 in
251 297 606 340 administratione
657 293 862 349 Baptismi,
913 291 1079 349 quando
1130 292 1319 333 imminet
1368 290 1597 346 periculum
1648 293 1804 345 mortis,

178 374 263 425 post
300 368 540 409 inlusionem
576 376 721 420 aquae,
755 366 901 418 urgeat
924 360 1000 404 sub
1019 363 1137 417 gravi
1163 360 1338 404 Ritualis
1360 360 1477 406 Rom.
1503 364 1805 418 praescriptum

177 438 310 495 quoad
348 438 581 479 unctionem
616 433 872 485 Clu-isinalis,
904 431 1169 475 traditionem
1196 430 1349 474 linteoli
1369 436 1409 475 et
1431 434 1539 475 cerei
1559 432 1578 475 ‘i
1601 431 1647 474 ll.
1667 432 1806 487 Quum

177 512 214 551 in
254 507 497 550 Versaliensi
531 505 785 558 dioecesim,
812 504 867 545 uti
887 503 1028 551 fertur,
1067 500 1278 545 nonnullis
1310 502 1675 546 circumstantibus
1693 502 1807 555 locis,

178 578 430 622 obsoleverit
465 588 559 618 usus
592 573 770 617 addendi
822 573 893 615 llos
943 575 1045 615 ritus
1080 574 1118 614 in
1153 584 1250 615 casu
1285 573 1518 627 enunciato,
1568 585 1703 615 nonne
1737 585 1812 616 cu·⁷

180 648 353 691 randum
387 650 460 696 est,
496 649 537 687 ut
571 646 632 686 isti
668 645 769 686 ritus
801 644 942 686 stricte
975 641 1295 698 adimpleantur,
1330 645 1370 684 et
1401 641 1606 685 Sacerdos
1638 643 1678 684 in
1710 653 1807 685 casu

180 718 373 761 Sanctum
408 714 612 767 Clu-isma,
646 711 858 756 linteolum
894 725 1147 769 cereumque
1179 724 1321 755 secum
1353 711 1516 755 deferre
1550 714 1673 769 atque
1696 710 1808 755 adhi-

182 788 278 831 bere
311 786 537 829 debeat‘l..
574 784 635 827 Ad
671 783 682 825 l
718 787 758 826 et
792 782 823 825 ll
857 782 1050 826 standum
1086 782 1237 826 Rituali
1273 781 1522 826 Romano».

298 859 322 910 ἓ
357 856 391 899 (2.
428 854 568 898 Eoetra
600 853 749 897 inertis
779 852 1017 911 periculum
1051 865 1196 896 norma
1229 852 1435 910 generalis
1468 865 1558 896 can.
1593 853 1692 907 755,
1724 854 1749 906 g
1784 852 1802 894 1

179 927 384 971 servanda
433 930 506 979 est,
555 927 637 968 imo
684 924 734 967 ad
785 936 972 967 normam
1023 936 1111 967 can.
1164 923 1213 967 81
1244 924 1255 946 ²
1297 922 1548 981 baptismum
1594 922 1809 981 privatum

182 998 288 1055 (can.
324 996 422 1050 737,
455 994 483 1052 ξ
516 995 559 1052 ⁶2)
593 994 674 1037 loci
712 993 971 1037 Ordiuarius
1002 997 1107 1047 (can.
1144 994 1241 1047 198,
1274 995 1299 1047 ἓ
1332 993 1372 1046 2)
1387 993 1630 1050 permittere
1651 992 1807 1051 nequit,

180 1068 249 1111 sed
300 1069 434 1123 polius
478 1079 627 1122 urgere
675 1064 798 1109 debet
842 1069 883 1108 ut
930 1064 1189 1108 sollemniter
1236 1064 1473 1108 conferatur
1520 1063 1569 1107 ad
1620 1076 1809 1107 normam

181 1152 269 1183 can.
307 1138 404 1191 336,
436 1138 464 1195 ξ
499 1137 536 1191 t,
570 1150 660 1180 com
689 1138 808 1179 unica
832 1138 1106 1192 exceptione:
1141 1134 1227 1178 uisi
1251 1141 1410 1192 aqatur
1432 1134 1474 1192 a)
1497 1133 1548 1178 de
1571 1133 1812 1188 haereticis,

182 1214 224 1253 ut
260 1209 482 1265 plurimum
518 1207 693 1251 alicuius
726 1211 863 1250 sectae
898 1209 935 1249 in
972 1219 1053 1264 qua
1078 1206 1307 1262 baptismus
1330 1206 1581 1261 conferatur,
1608 1205 1680 1263 qui
1703 1204 1743 1261 b)
1766 1204 1810 1248 in

182 1278 331 1323 adulta
364 1284 503 1321 aetate
535 1277 576 1334 c)
599 1277 671 1320 sub
696 1276 934 1321 conditione
956 1276 1222 1334 baptizentur
1238 1277 1288 1332 ad
1316 1289 1502 1319 normam
1527 1275 1811 1319 instructionis

182 1351 335 1394 relatae
378 1350 428 1393 ad
470 1362 560 1395 can.
605 1348 703 1404 753,
748 1354 872 1406 atque
916 1348 967 1392 ob
1010 1348 1115 1392 hanc
1160 1352 1319 1391 tantum
1363 1359 1545 1392 causam.
1584 1346 1811 1390 Enimvero

182 1421 360 1464 notanda
393 1425 455 1464 est
487 1420 707 1463 diversitas
740 1419 862 1462 huius
898 1421 1182 1474 permissionis
1214 1431 1308 1462 cum
1343 1417 1537 1462 facultate
1569 1417 1701 1461 solum
1728 1431 1812 1461 mu-

181 1492 292 1535 tandi
337 1491 524 1534 ordinem
571 1491 760 1547 baptismi
804 1489 1016 1534 sollemnis
1059 1503 1178 1547 capp.
1213 1489 1242 1532 ll
1278 1493 1318 1532 et
1351 1487 1402 1532 lV
1437 1488 1514 1533 Rit.
1559 1488 1677 1533 Rom.
1711 1488 1809 1545 (non

182 1565 261 1606 iam
297 1562 513 1605 omittendi
546 1563 832 1605 caeremonias
875 1566 996 1618 prout
1038 1560 1123 1617 hic)
1167 1572 1364 1604 concessa
1400 1562 1437 1603 in
1470 1559 1499 1618 ἓ
1532 1559 1570 1614 ⁶2,
1603 1572 1692 1604 can.
1726 1559 1810 1602 755

182 1638 220 1677 et
255 1647 331 1676 non
368 1633 653 1689 restringenda
687 1632 737 1676 ad
774 1632 1016 1686 haereticos,
1051 1633 1244 1689 quamvis
1278 1636 1446 1688 propter
1468 1643 1640 1687 gravem
1676 1635 1715 1673 et
1749 1642 1810 1673 ra-

181 1703 418 1747 tionabilem
444 1716 610 1747 causam
637 1703 886 1747 exercenda.

300 1775 503 1831 Respectu
538 1774 588 1818 ad
621 1773 650 1832 ξ
684 1774 701 1816 1
741 1773 812 1817 sed
846 1787 943 1817 cum
977 1773 1244 1830 ampliatione
1277 1773 1327 1816 ad
1362 1785 1649 1830 quoscumque
1686 1774 1811 1816 etiam

182 1850 322 1889 contra
359 1845 471 1888 illum
505 1845 561 1901 ξω
597 1844 759 1888 illicitos
792 1856 927 1900 casus,
961 1844 1075 1887 adest
1112 1845 1413 1900 praescriptum
1454 1845 1492 1886 in
1526 1845 1551 1897 g
1586 1843 1622 1884 3.
1663 1841 1809 1885 Caere-

185 1916 349 1960 mouiae
381 1921 520 1958 autem
554 1929 660 1973 quae
692 1915 736 1958 iu
769 1914 968 1972 baptismi
1005 1913 1233 1957 collatione
1278 1915 1472 1971 quamvis
1518 1913 1707 1967 solemni,
1740 1913 1810 1956 sed

184 1986 387 2030 notabiles
419 1989 648 2044 quantitate
671 1991 741 2029 aut
774 1984 973 2041 qualitate
998 1984 1333 2042 praetermissae
1366 1984 1512 2042 quaeis
1545 1983 1713 2027 ratione
1737 1985 1814 2027 lor-

182 2070 253 2101 san
290 2059 545 2101 necessitatis
576 2055 740 2115 fuerin!
777 2069 813 2100 v.
849 2069 910 2112 gr.
943 2055 1054 2099 licite
1087 2068 1230 2099 omnes
1269 2068 1341 2111 pro
1376 2059 1491 2111 parte
1523 2057 1547 2108 g
1583 2055 1619 2109 1,
1644 2067 1810 2111 praece-

182 2128 325 2171 dentes
360 2127 608 2184 baptismum
645 2141 717 2183 pro
751 2126 936 2170 eiusdem
971 2125 1013 2184 ξ*
1045 2125 1227 2169 secunda
1263 2129 1391 2182 parte,
1425 2124 1466 2182 a)
1503 2125 1812 2183 quamprimum

184 2204 222 2242 et
256 2199 389 2255 quoad
427 2198 560 2241 locum
597 2197 640 2254 b)
664 2198 707 2240 in
727 2196 903 2240 eeclesia
921 2196 1214 2255 suppleantur,
1238 2209 1330 2239 cum
1357 2197 1600 2252 exceptione
1624 2196 1673 2239 ad
1701 2208 1812 2252 prae-

186 2269 437 2313 veniendum
473 2269 645 2312 dubium
678 2271 711 2312 si
746 2270 996 2325 cuicumque
1043 2269 1240 2310 oriretur:
1284 2266 1371 2310 uisi
1419 2266 1464 2309 iu
1512 2280 1612 2309 casu
1651 2265 1701 2309 de
1735 2280 1813 2324 quo

183 2339 227 2382 iu
258 2340 286 2398 ἓ
317 2342 359 2384 2.
396 2339 452 2383 De
486 2339 563 2383 lioc
594 2339 622 2398 ξ
655 2339 693 2382 3¹
729 2341 983 2395 praescripto
1006 2340 1064 2381 sic
1089 2337 1239 2394 legitur
1265 2339 1302 2380 in
1328 2337 1407 2381 Rit.
1432 2337 1549 2382 Rom,
1574 2336 1614 2380 ²:
1655 2352 1675 2378 c<
1696 2334 1812 2381 Ordo

183 2410 399 2466 supplendi
435 2412 585 2453 omissa
617 2423 741 2466 super
777 2409 1094 2466 baptizatumz...
1141 2408 1334 2465 idemque
1373 2408 1474 2451 ordo
1507 2420 1554 2451 ac
1589 2409 1692 2451 ritus
1725 2421 1810 2451 ser-

186 2486 303 2524 vetur
336 2484 404 2538 qui
441 2483 478 2523 in
516 2481 721 2536 Baptismo
756 2480 1024 2536 parvulorum
1059 2479 1108 2536 (si
1144 2480 1266 2522 luerit
1316 2477 1533 2535 parvulus)
1582 2492 1655 2522 seu
1700 2478 1814 2522 adul-

184 2556 317 2595 torum
353 2554 398 2604 (si
435 2554 556 2595 l'uerit
578 2551 760 2606 adultus)
781 2553 1060 2607 praescriptus
1083 2554 1156 2594 est.
1178 2549 1359 2606 Excepto
1383 2549 1493 2607 quod
1519 2551 1809 2606 interrogatio:

183 2635 232 2666 an
271 2623 368 2666 velit
402 2623 610 2679 baptizari,
647 2624 860 2680 lormaque
906 2621 1097 2678 baptismi
1141 2625 1180 2664 et
1222 2620 1377 2664 ablutio
1413 2622 1813 2676 praetermittuntur,

302 2776 312 2796 ¹
341 2775 435 2809 Can.
463 2777 521 2809 81.
552 2776 585 2809 A
612 2775 864 2820 generalibus
891 2774 1091 2809 Ecclesiae
1131 2774 1286 2819 legibus
1319 2773 1519 2808 Ordinarii
1547 2773 1648 2808 infra
1675 2773 1813 2808 Roma-

184 2833 278 2855 num
306 2821 539 2856 Pontificem
566 2822 790 2868 dispensare
817 2825 1032 2866 nequeunt,
1063 2832 1111 2855 ne
1138 2821 1179 2855 in
1207 2832 1299 2855 casu
1325 2820 1482 2866 quidem
1508 2820 1709 2866 peculiari,
1736 2820 1813 2854 nisi

184 2869 280 2903 haec
305 2869 798 2951 ?OfieStaS·1?iSdem{⁷uerit
825 2869 1013 2913 explicite
1040 2869 1102 2904 vel
1131 2868 1323 2913 implicite
1349 2879 1576 2903 concessa...

306 2932 317 2937 -
378 2928 433 2950 oc.
464 2928 496 2949 οι
524 2944 530 2950 .
560 2928 641 2961 cap.
709 2944 716 2951 .
