<?xml version="1.0" encoding="UTF-8"?>
<!DOCTYPE html PUBLIC "-//W3C//DTD XHTML 1.0 Transitional//EN"
    "http://www.w3.org/TR/xhtml1/DTD/xhtml1-transitional.dtd">
<html xmlns="http://www.w3.org/1999/xhtml" xml:lang="en" lang="en">
 <head>
  <title>
</title>
<meta http-equiv="Content-Type" content="text/html;charset=utf-8" />
  <meta name='ocr-system' content='tesseract 3.04.00' />
  <meta name='ocr-capabilities' content='ocr_page ocr_carea ocr_par ocr_line ocrx_word'/>
</head>
<body>
  <div class='ocr_page' id='page_1' title='image "./p1commentariumte03blatuoft_0083.png"; bbox 0 0 1971 3261; ppageno 0'>
   <div class='ocr_carea' id='block_1_1' title="bbox 0 0 62 3261">
    <p class='ocr_par' dir='ltr' id='par_1_1' title="bbox 0 0 62 3261">
     <span class='ocr_line' id='line_1_1' title="bbox 0 0 62 3261; baseline 0 0"><span class='ocrx_word' id='word_1_1' title='bbox 0 0 62 3261; x_wconf 95' lang='lat' dir='ltr'><strong> </strong></span> 
     </span>
    </p>
   </div>
   <div class='ocr_carea' id='block_1_2' title="bbox 169 182 358 218">
    <p class='ocr_par' dir='ltr' id='par_1_2' title="bbox 169 182 358 218">
     <span class='ocr_line' id='line_1_2' title="bbox 169 182 358 218; baseline -0.005 0"><span class='ocrx_word' id='word_1_2' title='bbox 169 182 264 218; x_wconf 74' lang='lat' dir='ltr'><strong>(lau.</strong></span> <span class='ocrx_word' id='word_1_3' title='bbox 294 183 358 217; x_wconf 77' lang='grc'><strong>777</strong></span> 
     </span>
    </p>
   </div>
   <div class='ocr_carea' id='block_1_3' title="bbox 741 182 1801 227">
    <p class='ocr_par' dir='ltr' id='par_1_3' title="bbox 741 182 1801 227">
     <span class='ocr_line' id='line_1_3' title="bbox 741 182 1801 227; baseline 0.002 -12"><span class='ocrx_word' id='word_1_4' title='bbox 741 182 824 216; x_wconf 83' lang='grc' dir='ltr'><strong><em>ΤιΤ.</em></strong></span> <span class='ocrx_word' id='word_1_5' title='bbox 853 182 880 216; x_wconf 91' lang='grc' dir='ltr'><strong>Ι.</strong></span> <span class='ocrx_word' id='word_1_6' title='bbox 906 202 917 206; x_wconf 92' lang='grc'><strong>-</strong></span> <span class='ocrx_word' id='word_1_7' title='bbox 944 182 1000 217; x_wconf 83' lang='lat' dir='ltr'><strong>De</strong></span> <span class='ocrx_word' id='word_1_8' title='bbox 1028 184 1234 227; x_wconf 66' lang='lat' dir='ltr'><strong>Raptis-mo</strong></span> <span class='ocrx_word' id='word_1_9' title='bbox 1758 185 1801 219; x_wconf 68' lang='lat'><strong>71</strong></span> 
     </span>
    </p>
   </div>
   <div class='ocr_carea' id='block_1_4' title="bbox 599 238 1778 253">
    <p class='ocr_par' dir='ltr' id='par_1_4' title="bbox 599 238 1778 253">
     <span class='ocr_line' id='line_1_4' title="bbox 599 238 1778 253; baseline 0 0"><span class='ocrx_word' id='word_1_10' title='bbox 599 238 1778 253; x_wconf 95' lang='lat' dir='ltr'><strong> </strong></span> 
     </span>
    </p>
   </div>
   <div class='ocr_carea' id='block_1_5' title="bbox 169 302 1818 2836">
    <p class='ocr_par' dir='ltr' id='par_1_5' title="bbox 169 302 1808 782">
     <span class='ocr_line' id='line_1_5' title="bbox 170 302 1803 359; baseline 0.001 -15"><span class='ocrx_word' id='word_1_11' title='bbox 170 302 333 345; x_wconf 77' lang='lat' dir='ltr'><strong>latione</strong></span> <span class='ocrx_word' id='word_1_12' title='bbox 365 302 415 345; x_wconf 90' lang='lat' dir='ltr'><strong>ad</strong></span> <span class='ocrx_word' id='word_1_13' title='bbox 453 306 699 358; x_wconf 89' lang='lat' dir='ltr'><strong>perpetuum</strong></span> <span class='ocrx_word' id='word_1_14' title='bbox 736 304 790 344; x_wconf 83' lang='lat' dir='ltr'><strong>rei</strong></span> <span class='ocrx_word' id='word_1_15' title='bbox 829 304 999 345; x_wconf 77' lang='lat' dir='ltr'><strong>maximi</strong></span> <span class='ocrx_word' id='word_1_16' title='bbox 1024 305 1220 345; x_wconf 77' lang='lat' dir='ltr'><strong>momenti</strong></span> <span class='ocrx_word' id='word_1_17' title='bbox 1247 305 1542 355; x_wconf 83' lang='lat' dir='ltr'><strong>testimonium,</strong></span> <span class='ocrx_word' id='word_1_18' title='bbox 1579 317 1650 359; x_wconf 88' lang='lat' dir='ltr'><strong>per</strong></span> <span class='ocrx_word' id='word_1_19' title='bbox 1687 319 1708 343; x_wconf 90' lang='lat'>«</span> <span class='ocrx_word' id='word_1_20' title='bbox 1732 303 1803 346; x_wconf 89' lang='lat' dir='ltr'><strong>do-</strong></span> 
     </span>
     <span class='ocr_line' id='line_1_6' title="bbox 172 371 1802 431; baseline 0.001 -16"><span class='ocrx_word' id='word_1_21' title='bbox 172 378 414 416; x_wconf 86' lang='lat' dir='ltr'><strong>cumentum</strong></span> <span class='ocrx_word' id='word_1_22' title='bbox 452 371 663 428; x_wconf 89' lang='lat' dir='ltr'><strong>publicum</strong></span> <span class='ocrx_word' id='word_1_23' title='bbox 684 388 704 412; x_wconf 87' lang='lat'>»</span> <span class='ocrx_word' id='word_1_24' title='bbox 743 373 953 416; x_wconf 83' lang='lat' dir='ltr'><strong>exaranda</strong></span> <span class='ocrx_word' id='word_1_25' title='bbox 989 372 1098 429; x_wconf 92' lang='lat' dir='ltr'><strong>(can.</strong></span> <span class='ocrx_word' id='word_1_26' title='bbox 1128 373 1251 425; x_wconf 80' lang='lat'><strong>1813,</strong></span> <span class='ocrx_word' id='word_1_27' title='bbox 1274 374 1302 429; x_wconf 58' lang='grc' dir='ltr'>ξ</span> <span class='ocrx_word' id='word_1_28' title='bbox 1332 374 1369 424; x_wconf 81' lang='lat'><strong>1,</strong></span> <span class='ocrx_word' id='word_1_29' title='bbox 1394 373 1457 431; x_wconf 80' lang='lat'><strong>40)</strong></span> <span class='ocrx_word' id='word_1_30' title='bbox 1497 374 1643 431; x_wconf 86' lang='lat' dir='ltr'><strong>«quod</strong></span> <span class='ocrx_word' id='word_1_31' title='bbox 1681 374 1802 417; x_wconf 89' lang='lat' dir='ltr'><strong>iidem</strong></span> 
     </span>
     <span class='ocr_line' id='line_1_7' title="bbox 172 443 1804 501; baseline 0.001 -15"><span class='ocrx_word' id='word_1_32' title='bbox 172 444 267 486; x_wconf 77' lang='lat' dir='ltr'><strong>facit</strong></span> <span class='ocrx_word' id='word_1_33' title='bbox 287 459 307 483; x_wconf 87' lang='lat'>»</span> <span class='ocrx_word' id='word_1_34' title='bbox 350 445 387 485; x_wconf 61' lang='lat' dir='ltr'><strong>ti</strong></span> <span class='ocrx_word' id='word_1_35' title='bbox 421 455 511 486; x_wconf 89' lang='lat' dir='ltr'><strong>can.</strong></span> <span class='ocrx_word' id='word_1_36' title='bbox 553 443 687 495; x_wconf 65' lang='lat'><strong>1816,</strong></span> <span class='ocrx_word' id='word_1_37' title='bbox 721 448 759 486; x_wconf 83' lang='lat' dir='ltr'><strong>el</strong></span> <span class='ocrx_word' id='word_1_38' title='bbox 789 443 1040 501; x_wconf 75' lang='lat' dir='ltr'><em>probatione</em></span> <span class='ocrx_word' id='word_1_39' title='bbox 1074 449 1158 486; x_wconf 89' lang='lat' dir='ltr'><strong>tum</strong></span> <span class='ocrx_word' id='word_1_40' title='bbox 1184 446 1221 486; x_wconf 90' lang='lat' dir='ltr'><strong>in</strong></span> <span class='ocrx_word' id='word_1_41' title='bbox 1249 444 1356 487; x_wconf 90' lang='lat' dir='ltr'><strong>illius</strong></span> <span class='ocrx_word' id='word_1_42' title='bbox 1380 447 1603 488; x_wconf 90' lang='lat' dir='ltr'><strong>testimonii</strong></span> <span class='ocrx_word' id='word_1_43' title='bbox 1628 445 1804 498; x_wconf 86' lang='lat' dir='ltr'><strong>det&#39;cctu,</strong></span> 
     </span>
     <span class='ocr_line' id='line_1_8' title="bbox 174 514 1804 572; baseline 0.002 -16"><span class='ocrx_word' id='word_1_44' title='bbox 174 519 258 557; x_wconf 92' lang='lat' dir='ltr'><strong>tum</strong></span> <span class='ocrx_word' id='word_1_45' title='bbox 295 514 344 557; x_wconf 90' lang='lat' dir='ltr'><strong>ad</strong></span> <span class='ocrx_word' id='word_1_46' title='bbox 382 516 636 570; x_wconf 74' lang='lat' dir='ltr'>praedictam</span> <span class='ocrx_word' id='word_1_47' title='bbox 671 514 980 557; x_wconf 77' lang='lat' dir='ltr'><strong>adnotationem</strong></span> <span class='ocrx_word' id='word_1_48' title='bbox 1018 516 1106 558; x_wconf 85' lang='lat' dir='ltr'><strong>iure</strong></span> <span class='ocrx_word' id='word_1_49' title='bbox 1146 515 1425 572; x_wconf 75' lang='lat' dir='ltr'><strong>peragendam</strong></span> <span class='ocrx_word' id='word_1_50' title='bbox 1473 515 1662 572; x_wconf 77' lang='lat' dir='ltr'><strong>baptismi</strong></span> <span class='ocrx_word' id='word_1_51' title='bbox 1689 527 1804 571; x_wconf 88' lang='lat' dir='ltr'><strong>prae-</strong></span> 
     </span>
     <span class='ocr_line' id='line_1_9' title="bbox 169 583 1805 641; baseline 0.001 -13"><span class='ocrx_word' id='word_1_52' title='bbox 169 587 313 628; x_wconf 86' lang='lat' dir='ltr'><strong>sertim</strong></span> <span class='ocrx_word' id='word_1_53' title='bbox 350 587 518 641; x_wconf 86' lang='lat' dir='ltr'><strong>privati.</strong></span> <span class='ocrx_word' id='word_1_54' title='bbox 553 583 611 628; x_wconf 88' lang='lat' dir='ltr'><strong>De</strong></span> <span class='ocrx_word' id='word_1_55' title='bbox 647 584 712 628; x_wconf 92' lang='lat' dir='ltr'><strong>illa</strong></span> <span class='ocrx_word' id='word_1_56' title='bbox 747 584 935 628; x_wconf 79' lang='lat' dir='ltr'><strong>decernit</strong></span> <span class='ocrx_word' id='word_1_57' title='bbox 969 597 1058 628; x_wconf 88' lang='lat' dir='ltr'><strong>can.</strong></span> <span class='ocrx_word' id='word_1_58' title='bbox 1095 586 1192 637; x_wconf 85' lang='lat'><strong>777,</strong></span> <span class='ocrx_word' id='word_1_59' title='bbox 1229 587 1348 629; x_wconf 88' lang='lat' dir='ltr'><strong>cuius</strong></span> <span class='ocrx_word' id='word_1_60' title='bbox 1379 587 1657 630; x_wconf 78' lang='lat' dir='ltr'><strong>adnotationis</strong></span> <span class='ocrx_word' id='word_1_61' title='bbox 1688 599 1805 630; x_wconf 89' lang='lat' dir='ltr'><strong>secu-</strong></span> 
     </span>
     <span class='ocr_line' id='line_1_10' title="bbox 173 654 1808 713; baseline 0.002 -15"><span class='ocrx_word' id='word_1_62' title='bbox 173 657 272 698; x_wconf 90' lang='lat' dir='ltr'><strong>ritas</strong></span> <span class='ocrx_word' id='word_1_63' title='bbox 307 655 552 711; x_wconf 79' lang='lat' dir='ltr'><strong>providetur</strong></span> <span class='ocrx_word' id='word_1_64' title='bbox 586 657 623 698; x_wconf 95' lang='lat' dir='ltr'><strong>in</strong></span> <span class='ocrx_word' id='word_1_65' title='bbox 658 654 907 713; x_wconf 88' lang='lat' dir='ltr'><strong>quibusdam</strong></span> <span class='ocrx_word' id='word_1_66' title='bbox 959 656 1126 700; x_wconf 85' lang='lat' dir='ltr'><strong>casibus</strong></span> <span class='ocrx_word' id='word_1_67' title='bbox 1175 670 1246 712; x_wconf 90' lang='lat' dir='ltr'><strong>per</strong></span> <span class='ocrx_word' id='word_1_68' title='bbox 1294 670 1383 700; x_wconf 90' lang='lat' dir='ltr'><strong>can.</strong></span> <span class='ocrx_word' id='word_1_69' title='bbox 1424 658 1521 708; x_wconf 84' lang='lat'><strong>778,</strong></span> <span class='ocrx_word' id='word_1_70' title='bbox 1557 669 1603 701; x_wconf 93' lang='lat' dir='ltr'><strong>ac</strong></span> <span class='ocrx_word' id='word_1_71' title='bbox 1639 657 1808 701; x_wconf 84' lang='lat' dir='ltr'><strong>ultimus</strong></span> 
     </span>
     <span class='ocr_line' id='line_1_11' title="bbox 171 725 1034 782; baseline 0 -13"><span class='ocrx_word' id='word_1_72' title='bbox 171 739 263 770; x_wconf 87' lang='lat' dir='ltr'><strong>can.</strong></span> <span class='ocrx_word' id='word_1_73' title='bbox 299 726 382 768; x_wconf 84' lang='lat'><strong>779</strong></span> <span class='ocrx_word' id='word_1_74' title='bbox 417 730 477 769; x_wconf 88' lang='lat' dir='ltr'><strong>est</strong></span> <span class='ocrx_word' id='word_1_75' title='bbox 513 728 660 769; x_wconf 87' lang='lat' dir='ltr'><strong>unicus</strong></span> <span class='ocrx_word' id='word_1_76' title='bbox 693 726 744 769; x_wconf 87' lang='lat' dir='ltr'><strong>de</strong></span> <span class='ocrx_word' id='word_1_77' title='bbox 779 725 1034 782; x_wconf 86' lang='lat' dir='ltr'><strong>probatione.</strong></span> 
     </span>
    </p>

    <p class='ocr_par' dir='ltr' id='par_1_6' title="bbox 173 797 1809 1207">
     <span class='ocr_line' id='line_1_12' title="bbox 295 797 1809 856; baseline 0.002 -17"><span class='ocrx_word' id='word_1_78' title='bbox 295 797 362 839; x_wconf 74' lang='lat'><strong>68.</strong></span> <span class='ocrx_word' id='word_1_79' title='bbox 399 798 749 843; x_wconf 85' lang='lat' dir='ltr'><strong>Adnotationis</strong></span> <span class='ocrx_word' id='word_1_80' title='bbox 783 812 957 843; x_wconf 83' lang='lat' dir='ltr'><strong>norma</strong></span> <span class='ocrx_word' id='word_1_81' title='bbox 980 800 1042 844; x_wconf 89' lang='lat' dir='ltr'><strong>de</strong></span> <span class='ocrx_word' id='word_1_82' title='bbox 1065 800 1246 844; x_wconf 86' lang='lat' dir='ltr'><strong>collato</strong></span> <span class='ocrx_word' id='word_1_83' title='bbox 1280 801 1547 856; x_wconf 86' lang='lat' dir='ltr'><strong>baptismo.</strong></span> <span class='ocrx_word' id='word_1_84' title='bbox 1582 825 1607 829; x_wconf 98' lang='lat'><strong>—</strong></span> <span class='ocrx_word' id='word_1_85' title='bbox 1644 798 1809 843; x_wconf 77' lang='lat' dir='ltr'><strong>Praeter</strong></span> 
     </span>
     <span class='ocr_line' id='line_1_13' title="bbox 176 868 1807 926; baseline 0.001 -16"><span class='ocrx_word' id='word_1_86' title='bbox 176 869 445 910; x_wconf 90' lang='lat' dir='ltr'><strong>monitionem</strong></span> <span class='ocrx_word' id='word_1_87' title='bbox 483 870 656 924; x_wconf 88' lang='lat' dir='ltr'><strong>patrinis</strong></span> <span class='ocrx_word' id='word_1_88' title='bbox 688 869 920 912; x_wconf 83' lang='lat' dir='ltr'><strong>faciendam</strong></span> <span class='ocrx_word' id='word_1_89' title='bbox 955 868 1007 912; x_wconf 90' lang='lat' dir='ltr'><strong>de</strong></span> <span class='ocrx_word' id='word_1_90' title='bbox 1040 871 1287 925; x_wconf 77' lang='lat' dir='ltr'><strong>cognatione</strong></span> <span class='ocrx_word' id='word_1_91' title='bbox 1326 869 1544 926; x_wconf 87' lang='lat' dir='ltr'><strong>spirituali,</strong></span> <span class='ocrx_word' id='word_1_92' title='bbox 1578 869 1656 914; x_wconf 88' lang='lat' dir='ltr'><strong>Rit.</strong></span> <span class='ocrx_word' id='word_1_93' title='bbox 1690 869 1807 914; x_wconf 89' lang='lat' dir='ltr'><strong>Rom.</strong></span> 
     </span>
     <span class='ocr_line' id='line_1_14' title="bbox 173 937 1808 996; baseline 0.002 -16"><span class='ocrx_word' id='word_1_94' title='bbox 173 939 388 995; x_wconf 88' lang='lat' dir='ltr'><strong>sequentia</strong></span> <span class='ocrx_word' id='word_1_95' title='bbox 423 940 565 981; x_wconf 88' lang='lat' dir='ltr'><strong>statuit</strong></span> <span class='ocrx_word' id='word_1_96' title='bbox 591 938 627 979; x_wconf 77' lang='lat'><strong>¹:</strong></span> <span class='ocrx_word' id='word_1_97' title='bbox 668 937 831 982; x_wconf 85' lang='lat' dir='ltr'><strong>«Curet</strong></span> <span class='ocrx_word' id='word_1_98' title='bbox 871 939 1075 996; x_wconf 79' lang='lat' dir='ltr'><strong>parochus</strong></span> <span class='ocrx_word' id='word_1_99' title='bbox 1100 945 1293 995; x_wconf 86' lang='lat' dir='ltr'><strong>parentes</strong></span> <span class='ocrx_word' id='word_1_100' title='bbox 1318 941 1481 983; x_wconf 89' lang='lat' dir='ltr'><strong>int&#39;antis</strong></span> <span class='ocrx_word' id='word_1_101' title='bbox 1503 940 1734 994; x_wconf 77' lang='lat' dir='ltr'><strong>admoneri,</strong></span> <span class='ocrx_word' id='word_1_102' title='bbox 1759 953 1808 984; x_wconf 89' lang='lat' dir='ltr'><strong>ne</strong></span> 
     </span>
     <span class='ocr_line' id='line_1_15' title="bbox 176 1008 1807 1068; baseline 0.002 -16"><span class='ocrx_word' id='word_1_103' title='bbox 176 1011 214 1052; x_wconf 93' lang='lat' dir='ltr'><strong>in</strong></span> <span class='ocrx_word' id='word_1_104' title='bbox 251 1008 355 1052; x_wconf 84' lang='lat' dir='ltr'><strong>lecto</strong></span> <span class='ocrx_word' id='word_1_105' title='bbox 389 1022 530 1052; x_wconf 89' lang='lat' dir='ltr'><strong>secum</strong></span> <span class='ocrx_word' id='word_1_106' title='bbox 568 1012 657 1066; x_wconf 92' lang='lat' dir='ltr'><strong>ipsi,</strong></span> <span class='ocrx_word' id='word_1_107' title='bbox 695 1009 756 1053; x_wconf 79' lang='lat' dir='ltr'><strong>vel</strong></span> <span class='ocrx_word' id='word_1_108' title='bbox 804 1012 986 1054; x_wconf 87' lang='lat' dir='ltr'><strong>nutrices</strong></span> <span class='ocrx_word' id='word_1_109' title='bbox 1036 1010 1256 1066; x_wconf 81' lang='lat' dir='ltr'><strong>parvulum</strong></span> <span class='ocrx_word' id='word_1_110' title='bbox 1303 1010 1495 1057; x_wconf 80' lang='lat' dir='ltr'><strong>habeant.</strong></span> <span class='ocrx_word' id='word_1_111' title='bbox 1539 1016 1706 1068; x_wconf 87' lang='lat' dir='ltr'><strong>propter</strong></span> <span class='ocrx_word' id='word_1_112' title='bbox 1737 1025 1807 1068; x_wconf 87' lang='lat' dir='ltr'><strong>op-</strong></span> 
     </span>
     <span class='ocr_line' id='line_1_16' title="bbox 175 1079 1809 1138; baseline 0.002 -16"><span class='ocrx_word' id='word_1_113' title='bbox 175 1081 396 1135; x_wconf 66' lang='lat' dir='ltr'><strong>pressionis</strong></span> <span class='ocrx_word' id='word_1_114' title='bbox 434 1079 691 1135; x_wconf 71' lang='lat' dir='ltr'><strong>periculum,</strong></span> <span class='ocrx_word' id='word_1_115' title='bbox 723 1080 793 1124; x_wconf 90' lang='lat' dir='ltr'><strong>sed</strong></span> <span class='ocrx_word' id='word_1_116' title='bbox 829 1093 923 1123; x_wconf 90' lang='lat' dir='ltr'><strong>eum</strong></span> <span class='ocrx_word' id='word_1_117' title='bbox 959 1080 1180 1136; x_wconf 79' lang='lat' dir='ltr'><strong>diligenter</strong></span> <span class='ocrx_word' id='word_1_118' title='bbox 1222 1081 1469 1135; x_wconf 86' lang='lat' dir='ltr'><strong>custodiant,</strong></span> <span class='ocrx_word' id='word_1_119' title='bbox 1505 1086 1541 1124; x_wconf 84' lang='lat' dir='ltr'><strong>et</strong></span> <span class='ocrx_word' id='word_1_120' title='bbox 1577 1086 1809 1138; x_wconf 86' lang='lat' dir='ltr'><strong>opportune</strong></span> 
     </span>
     <span class='ocr_line' id='line_1_17' title="bbox 173 1148 1095 1207; baseline 0.001 -14"><span class='ocrx_word' id='word_1_121' title='bbox 173 1150 224 1193; x_wconf 85' lang='lat' dir='ltr'><strong>ad</strong></span> <span class='ocrx_word' id='word_1_122' title='bbox 260 1148 534 1194; x_wconf 83' lang='lat' dir='ltr'><strong>Christianam</strong></span> <span class='ocrx_word' id='word_1_123' title='bbox 571 1150 832 1207; x_wconf 83' lang='lat' dir='ltr'><strong>disciplinam</strong></span> <span class='ocrx_word' id='word_1_124' title='bbox 870 1153 1095 1194; x_wconf 86' lang='lat' dir='ltr'><strong>instituant.</strong></span> 
     </span>
    </p>

    <p class='ocr_par' dir='ltr' id='par_1_7' title="bbox 173 1220 1818 2836">
     <span class='ocr_line' id='line_1_18' title="bbox 297 1220 1808 1279; baseline 0.003 -16"><span class='ocrx_word' id='word_1_125' title='bbox 297 1220 700 1265; x_wconf 75' lang='lat' dir='ltr'><strong>33.C0nu110nendi</strong></span> <span class='ocrx_word' id='word_1_126' title='bbox 739 1227 834 1265; x_wconf 87' lang='lat' dir='ltr'><strong>sunt</strong></span> <span class='ocrx_word' id='word_1_127' title='bbox 870 1224 993 1266; x_wconf 90' lang='lat' dir='ltr'><strong>etiam</strong></span> <span class='ocrx_word' id='word_1_128' title='bbox 1036 1227 1241 1278; x_wconf 88' lang='lat' dir='ltr'><strong>parentes,</strong></span> <span class='ocrx_word' id='word_1_129' title='bbox 1275 1228 1314 1266; x_wconf 91' lang='lat' dir='ltr'><strong>et</strong></span> <span class='ocrx_word' id='word_1_130' title='bbox 1347 1222 1430 1278; x_wconf 91' lang='lat' dir='ltr'><strong>alii,</strong></span> <span class='ocrx_word' id='word_1_131' title='bbox 1469 1225 1501 1266; x_wconf 91' lang='lat' dir='ltr'><strong>si</strong></span> <span class='ocrx_word' id='word_1_132' title='bbox 1537 1236 1640 1279; x_wconf 91' lang='lat' dir='ltr'><strong>opus</strong></span> <span class='ocrx_word' id='word_1_133' title='bbox 1673 1224 1808 1268; x_wconf 85' lang='lat' dir='ltr'><strong>luerit.</strong></span> 
     </span>
     <span class='ocr_line' id='line_1_19' title="bbox 176 1290 1810 1347; baseline 0 -13"><span class='ocrx_word' id='word_1_134' title='bbox 176 1304 226 1335; x_wconf 90' lang='lat' dir='ltr'><strong>ne</strong></span> <span class='ocrx_word' id='word_1_135' title='bbox 261 1291 365 1334; x_wconf 89' lang='lat' dir='ltr'><strong>lilios</strong></span> <span class='ocrx_word' id='word_1_136' title='bbox 398 1290 606 1347; x_wconf 83' lang='lat' dir='ltr'><strong>hebraeiS,</strong></span> <span class='ocrx_word' id='word_1_137' title='bbox 640 1292 787 1335; x_wconf 90' lang='lat' dir='ltr'><strong>aliisve</strong></span> <span class='ocrx_word' id='word_1_138' title='bbox 821 1292 1070 1347; x_wconf 76' lang='lat' dir='ltr'><strong>infidelibus,</strong></span> <span class='ocrx_word' id='word_1_139' title='bbox 1109 1292 1172 1336; x_wconf 86' lang='lat' dir='ltr'><strong>vel</strong></span> <span class='ocrx_word' id='word_1_140' title='bbox 1214 1292 1433 1337; x_wconf 83' lang='lat' dir='ltr'><strong>haereticis</strong></span> <span class='ocrx_word' id='word_1_141' title='bbox 1459 1292 1703 1337; x_wconf 90' lang='lat' dir='ltr'><strong>mulieribus</strong></span> <span class='ocrx_word' id='word_1_142' title='bbox 1728 1292 1810 1336; x_wconf 88' lang='lat' dir='ltr'><strong>ullo</strong></span> 
     </span>
     <span class='ocr_line' id='line_1_20' title="bbox 176 1361 1810 1420; baseline 0.002 -16"><span class='ocrx_word' id='word_1_143' title='bbox 176 1363 299 1405; x_wconf 90' lang='lat' dir='ltr'><strong>modo</strong></span> <span class='ocrx_word' id='word_1_144' title='bbox 334 1361 561 1417; x_wconf 86' lang='lat' dir='ltr'><strong>lactandos,</strong></span> <span class='ocrx_word' id='word_1_145' title='bbox 595 1367 666 1406; x_wconf 92' lang='lat' dir='ltr'><strong>aut</strong></span> <span class='ocrx_word' id='word_1_146' title='bbox 699 1363 943 1406; x_wconf 84' lang='lat' dir='ltr'><strong>nutriendos</strong></span> <span class='ocrx_word' id='word_1_147' title='bbox 975 1363 1196 1407; x_wconf 84' lang='lat' dir='ltr'><strong>tradant».</strong></span> <span class='ocrx_word' id='word_1_148' title='bbox 1232 1363 1419 1420; x_wconf 88' lang='lat' dir='ltr'><strong>Denique</strong></span> <span class='ocrx_word' id='word_1_149' title='bbox 1453 1364 1563 1408; x_wconf 87' lang='lat' dir='ltr'><strong>iubet</strong></span> <span class='ocrx_word' id='word_1_150' title='bbox 1589 1363 1668 1407; x_wconf 86' lang='lat' dir='ltr'><strong>Rit.</strong></span> <span class='ocrx_word' id='word_1_151' title='bbox 1694 1363 1810 1408; x_wconf 86' lang='lat' dir='ltr'><strong>Rom.</strong></span> 
     </span>
     <span class='ocr_line' id='line_1_21' title="bbox 173 1432 1810 1492; baseline 0.001 -17"><span class='ocrx_word' id='word_1_152' title='bbox 173 1432 271 1488; x_wconf 91' lang='lat' dir='ltr'><strong>(loc.</strong></span> <span class='ocrx_word' id='word_1_153' title='bbox 305 1435 373 1477; x_wconf 89' lang='lat' dir='ltr'><strong>cit.</strong></span> <span class='ocrx_word' id='word_1_154' title='bbox 412 1446 450 1477; x_wconf 90' lang='lat' dir='ltr'><strong>n.</strong></span> <span class='ocrx_word' id='word_1_155' title='bbox 487 1433 581 1486; x_wconf 83' lang='lat'>34):</span> <span class='ocrx_word' id='word_1_156' title='bbox 633 1433 907 1492; x_wconf 82' lang='lat' dir='ltr'><strong>«Antequam</strong></span> <span class='ocrx_word' id='word_1_157' title='bbox 960 1435 1091 1478; x_wconf 81' lang='lat' dir='ltr'><strong>infans</strong></span> <span class='ocrx_word' id='word_1_158' title='bbox 1138 1448 1187 1478; x_wconf 83' lang='lat' dir='ltr'><strong>ex</strong></span> <span class='ocrx_word' id='word_1_159' title='bbox 1238 1434 1422 1478; x_wconf 82' lang='lat' dir='ltr'><strong>Ecclesia</strong></span> <span class='ocrx_word' id='word_1_160' title='bbox 1458 1439 1709 1491; x_wconf 83' lang='lat' dir='ltr'><strong>asportetur,</strong></span> <span class='ocrx_word' id='word_1_161' title='bbox 1742 1439 1810 1478; x_wconf 89' lang='lat' dir='ltr'><strong>aut</strong></span> 
     </span>
     <span class='ocr_line' id='line_1_22' title="bbox 174 1504 1810 1561; baseline 0.001 -14"><span class='ocrx_word' id='word_1_162' title='bbox 174 1504 450 1560; x_wconf 87' lang='lat' dir='ltr'><strong>Susceptores</strong></span> <span class='ocrx_word' id='word_1_163' title='bbox 482 1504 713 1561; x_wconf 86' lang='lat' dir='ltr'><strong>discedant,</strong></span> <span class='ocrx_word' id='word_1_164' title='bbox 748 1518 891 1548; x_wconf 91' lang='lat' dir='ltr'><strong>eorum</strong></span> <span class='ocrx_word' id='word_1_165' title='bbox 928 1508 1108 1561; x_wconf 85' lang='lat' dir='ltr'><strong>nomina,</strong></span> <span class='ocrx_word' id='word_1_166' title='bbox 1142 1511 1181 1549; x_wconf 87' lang='lat' dir='ltr'><strong>et</strong></span> <span class='ocrx_word' id='word_1_167' title='bbox 1215 1506 1292 1549; x_wconf 90' lang='lat' dir='ltr'><strong>alia</strong></span> <span class='ocrx_word' id='word_1_168' title='bbox 1332 1507 1384 1549; x_wconf 91' lang='lat' dir='ltr'><strong>de</strong></span> <span class='ocrx_word' id='word_1_169' title='bbox 1418 1507 1708 1550; x_wconf 88' lang='lat' dir='ltr'><strong>administrato</strong></span> <span class='ocrx_word' id='word_1_170' title='bbox 1743 1505 1810 1550; x_wconf 84' lang='lat' dir='ltr'><strong>ba-</strong></span> 
     </span>
     <span class='ocr_line' id='line_1_23' title="bbox 179 1575 1814 1633; baseline 0.002 -16"><span class='ocrx_word' id='word_1_171' title='bbox 179 1576 328 1631; x_wconf 88' lang='lat' dir='ltr'><strong>ptismo</strong></span> <span class='ocrx_word' id='word_1_172' title='bbox 360 1575 410 1618; x_wconf 88' lang='lat' dir='ltr'><strong>ad</strong></span> <span class='ocrx_word' id='word_1_173' title='bbox 447 1578 744 1632; x_wconf 87' lang='lat' dir='ltr'><strong>praescriptam</strong></span> <span class='ocrx_word' id='word_1_174' title='bbox 781 1577 955 1620; x_wconf 80' lang='lat' dir='ltr'><strong>formam</strong></span> <span class='ocrx_word' id='word_1_175' title='bbox 993 1579 1031 1620; x_wconf 94' lang='lat' dir='ltr'><strong>in</strong></span> <span class='ocrx_word' id='word_1_176' title='bbox 1067 1576 1301 1633; x_wconf 88' lang='lat' dir='ltr'><strong>baptismali</strong></span> <span class='ocrx_word' id='word_1_177' title='bbox 1337 1577 1441 1621; x_wconf 90' lang='lat' dir='ltr'><strong>libro</strong></span> <span class='ocrx_word' id='word_1_178' title='bbox 1466 1576 1674 1621; x_wconf 89' lang='lat' dir='ltr'><strong>Parochus</strong></span> <span class='ocrx_word' id='word_1_179' title='bbox 1696 1590 1814 1621; x_wconf 88' lang='lat' dir='ltr'><strong>accu-</strong></span> 
     </span>
     <span class='ocr_line' id='line_1_24' title="bbox 178 1645 1812 1705; baseline 0.002 -17"><span class='ocrx_word' id='word_1_180' title='bbox 178 1650 266 1689; x_wconf 89' lang='lat' dir='ltr'><strong>rate</strong></span> <span class='ocrx_word' id='word_1_181' title='bbox 290 1645 556 1690; x_wconf 70' lang='lat' dir='ltr'><strong>describat».</strong></span> <span class='ocrx_word' id='word_1_182' title='bbox 578 1673 629 1677; x_wconf 92' lang='grc'>-</span> <span class='ocrx_word' id='word_1_183' title='bbox 650 1645 752 1691; x_wconf 89' lang='lat' dir='ltr'><strong>Cum</strong></span> <span class='ocrx_word' id='word_1_184' title='bbox 780 1649 926 1691; x_wconf 89' lang='lat' dir='ltr'><strong>maiori</strong></span> <span class='ocrx_word' id='word_1_185' title='bbox 951 1648 1229 1703; x_wconf 85' lang='lat' dir='ltr'><strong>explicatione</strong></span> <span class='ocrx_word' id='word_1_186' title='bbox 1253 1661 1301 1692; x_wconf 88' lang='lat' dir='ltr'><strong>ac</strong></span> <span class='ocrx_word' id='word_1_187' title='bbox 1319 1651 1604 1705; x_wconf 91' lang='lat' dir='ltr'><strong>opportuniori</strong></span> <span class='ocrx_word' id='word_1_188' title='bbox 1629 1647 1812 1692; x_wconf 89' lang='lat' dir='ltr'><strong>clausula</strong></span> 
     </span>
     <span class='ocr_line' id='line_1_25' title="bbox 175 1717 1814 1769; baseline 0.001 -10"><span class='ocrx_word' id='word_1_189' title='bbox 175 1717 369 1760; x_wconf 87' lang='lat' dir='ltr'><strong>eamdem</strong></span> <span class='ocrx_word' id='word_1_190' title='bbox 403 1719 587 1761; x_wconf 87' lang='lat' dir='ltr'><strong>continet</strong></span> <span class='ocrx_word' id='word_1_191' title='bbox 622 1731 809 1762; x_wconf 89' lang='lat' dir='ltr'><strong>normam</strong></span> <span class='ocrx_word' id='word_1_192' title='bbox 844 1732 936 1762; x_wconf 79' lang='lat' dir='ltr'><strong>can.</strong></span> <span class='ocrx_word' id='word_1_193' title='bbox 972 1721 1080 1761; x_wconf 89' lang='grc'>777.</span> <span class='ocrx_word' id='word_1_194' title='bbox 1115 1722 1140 1769; x_wconf 62' lang='grc' dir='ltr'><strong>,ξ</strong></span> <span class='ocrx_word' id='word_1_195' title='bbox 1175 1719 1210 1762; x_wconf 90' lang='grc'><strong>1.</strong></span> <span class='ocrx_word' id='word_1_196' title='bbox 1251 1718 1430 1762; x_wconf 75' lang='lat' dir='ltr'><strong>I’aroelti</strong></span> <span class='ocrx_word' id='word_1_197' title='bbox 1471 1719 1617 1763; x_wconf 74' lang='lat' dir='ltr'><strong>debent</strong></span> <span class='ocrx_word' id='word_1_198' title='bbox 1658 1721 1814 1762; x_wconf 83' lang='lat' dir='ltr'><strong>ratione</strong></span> 
     </span>
     <span class='ocr_line' id='line_1_26' title="bbox 176 1787 1812 1848; baseline 0.001 -17"><span class='ocrx_word' id='word_1_199' title='bbox 176 1787 299 1831; x_wconf 87' lang='lat' dir='ltr'><strong>officii</strong></span> <span class='ocrx_word' id='word_1_200' title='bbox 335 1790 392 1831; x_wconf 89' lang='lat' dir='ltr'><strong>uti</strong></span> <span class='ocrx_word' id='word_1_201' title='bbox 428 1793 552 1832; x_wconf 89' lang='lat' dir='ltr'><strong>testes</strong></span> <span class='ocrx_word' id='word_1_202' title='bbox 582 1788 811 1847; x_wconf 85' lang='lat' dir='ltr'><strong>qualiticati</strong></span> <span class='ocrx_word' id='word_1_203' title='bbox 846 1790 886 1846; x_wconf 90' lang='lat' dir='ltr'><strong>a)</strong></span> <span class='ocrx_word' id='word_1_204' title='bbox 922 1790 1094 1833; x_wconf 68' lang='lat' dir='ltr'><strong>nomina</strong></span> <span class='ocrx_word' id='word_1_205' title='bbox 1126 1790 1435 1848; x_wconf 68' lang='lat' dir='ltr'><strong>baptizatormn</strong></span> <span class='ocrx_word' id='word_1_206' title='bbox 1460 1792 1595 1834; x_wconf 80' lang='lat' dir='ltr'><strong>forsan</strong></span> <span class='ocrx_word' id='word_1_207' title='bbox 1623 1790 1738 1847; x_wconf 88' lang='lat' dir='ltr'><strong>plura</strong></span> <span class='ocrx_word' id='word_1_208' title='bbox 1762 1790 1812 1833; x_wconf 90' lang='lat' dir='ltr'><strong>ad</strong></span> 
     </span>
     <span class='ocr_line' id='line_1_27' title="bbox 178 1859 1812 1919; baseline 0.001 -17"><span class='ocrx_word' id='word_1_209' title='bbox 178 1871 365 1902; x_wconf 88' lang='lat' dir='ltr'><strong>normam</strong></span> <span class='ocrx_word' id='word_1_210' title='bbox 400 1872 490 1903; x_wconf 90' lang='lat' dir='ltr'><strong>can.</strong></span> <span class='ocrx_word' id='word_1_211' title='bbox 525 1859 625 1913; x_wconf 83' lang='lat'><strong>761,</strong></span> <span class='ocrx_word' id='word_1_212' title='bbox 669 1860 879 1903; x_wconf 72' lang='lat' dir='ltr'><strong>mentione</strong></span> <span class='ocrx_word' id='word_1_213' title='bbox 917 1861 1034 1918; x_wconf 70' lang='lat' dir='ltr'><strong>sacta</strong></span> <span class='ocrx_word' id='word_1_214' title='bbox 1080 1860 1124 1918; x_wconf 81' lang='lat' dir='ltr'><strong>b&gt;</strong></span> <span class='ocrx_word' id='word_1_215' title='bbox 1156 1860 1207 1904; x_wconf 84' lang='lat' dir='ltr'><strong>de</strong></span> <span class='ocrx_word' id='word_1_216' title='bbox 1240 1861 1447 1911; x_wconf 72' lang='lat' dir='ltr'><strong>ministro,</strong></span> <span class='ocrx_word' id='word_1_217' title='bbox 1493 1864 1562 1919; x_wconf 93' lang='lat' dir='ltr'><strong>qui</strong></span> <span class='ocrx_word' id='word_1_218' title='bbox 1609 1863 1722 1905; x_wconf 89' lang='lat' dir='ltr'><strong>testis</strong></span> <span class='ocrx_word' id='word_1_219' title='bbox 1755 1866 1812 1904; x_wconf 90' lang='lat' dir='ltr'><strong>est</strong></span> 
     </span>
     <span class='ocr_line' id='line_1_28' title="bbox 178 1931 1814 1989; baseline 0.002 -17"><span class='ocrx_word' id='word_1_220' title='bbox 178 1931 326 1973; x_wconf 87' lang='lat' dir='ltr'><strong>unicus</strong></span> <span class='ocrx_word' id='word_1_221' title='bbox 376 1933 709 1988; x_wconf 87' lang='lat' dir='ltr'><strong>praecipuusque</strong></span> <span class='ocrx_word' id='word_1_222' title='bbox 742 1932 793 1975; x_wconf 90' lang='lat' dir='ltr'><strong>de</strong></span> <span class='ocrx_word' id='word_1_223' title='bbox 826 1932 1001 1988; x_wconf 89' lang='lat' dir='ltr'><strong>singulis</strong></span> <span class='ocrx_word' id='word_1_224' title='bbox 1035 1932 1084 1975; x_wconf 87' lang='lat' dir='ltr'><strong>ad</strong></span> <span class='ocrx_word' id='word_1_225' title='bbox 1122 1932 1314 1989; x_wconf 87' lang='lat' dir='ltr'><strong>baptismi</strong></span> <span class='ocrx_word' id='word_1_226' title='bbox 1369 1932 1623 1976; x_wconf 86' lang='lat' dir='ltr'><strong>validitatem</strong></span> <span class='ocrx_word' id='word_1_227' title='bbox 1673 1945 1814 1976; x_wconf 87' lang='lat' dir='ltr'><strong>neces-</strong></span> 
     </span>
     <span class='ocr_line' id='line_1_29' title="bbox 174 1999 1813 2059; baseline 0.002 -17"><span class='ocrx_word' id='word_1_228' title='bbox 174 2002 297 2043; x_wconf 84' lang='lat' dir='ltr'><strong>sariis</strong></span> <span class='ocrx_word' id='word_1_229' title='bbox 330 1999 542 2055; x_wconf 75' lang='lat' dir='ltr'><strong>adhibitis,</strong></span> <span class='ocrx_word' id='word_1_230' title='bbox 575 2002 616 2058; x_wconf 90' lang='lat' dir='ltr'><strong>c)</strong></span> <span class='ocrx_word' id='word_1_231' title='bbox 647 2001 896 2059; x_wconf 72' lang='lat' dir='ltr'><strong>pareatibus</strong></span> <span class='ocrx_word' id='word_1_232' title='bbox 930 2003 980 2046; x_wconf 90' lang='lat' dir='ltr'><strong>ad</strong></span> <span class='ocrx_word' id='word_1_233' title='bbox 1018 2002 1207 2059; x_wconf 86' lang='lat' dir='ltr'><strong>baptizati</strong></span> <span class='ocrx_word' id='word_1_234' title='bbox 1245 2002 1548 2059; x_wconf 84' lang='lat' dir='ltr'><strong>legitimitatem</strong></span> <span class='ocrx_word' id='word_1_235' title='bbox 1582 2008 1696 2046; x_wconf 89' lang='lat' dir='ltr'><strong>certo</strong></span> <span class='ocrx_word' id='word_1_236' title='bbox 1734 2007 1813 2045; x_wconf 85' lang='lat' dir='ltr'><strong>sta-</strong></span> 
     </span>
     <span class='ocr_line' id='line_1_30' title="bbox 177 2070 1813 2131; baseline 0.002 -18"><span class='ocrx_word' id='word_1_237' title='bbox 177 2070 392 2125; x_wconf 84' lang='lat' dir='ltr'><strong>tuendam,</strong></span> <span class='ocrx_word' id='word_1_238' title='bbox 431 2071 492 2115; x_wconf 85' lang='lat' dir='ltr'><strong>vel</strong></span> <span class='ocrx_word' id='word_1_239' title='bbox 526 2071 577 2115; x_wconf 92' lang='lat' dir='ltr'><strong>ad</strong></span> <span class='ocrx_word' id='word_1_240' title='bbox 616 2084 805 2116; x_wconf 89' lang='lat' dir='ltr'><strong>normam</strong></span> <span class='ocrx_word' id='word_1_241' title='bbox 839 2072 880 2131; x_wconf 67' lang='lat'><strong>§¹</strong></span> <span class='ocrx_word' id='word_1_242' title='bbox 913 2080 1029 2130; x_wconf 77' lang='lat' dir='ltr'><strong>seq⁸.‚</strong></span> <span class='ocrx_word' id='word_1_243' title='bbox 1064 2074 1108 2129; x_wconf 87' lang='lat' dir='ltr'><strong>d)</strong></span> <span class='ocrx_word' id='word_1_244' title='bbox 1143 2087 1192 2116; x_wconf 78' lang='lat' dir='ltr'><strong>ae</strong></span> <span class='ocrx_word' id='word_1_245' title='bbox 1222 2073 1427 2131; x_wconf 71' lang='lat' dir='ltr'><strong>patriizis,</strong></span> <span class='ocrx_word' id='word_1_246' title='bbox 1461 2087 1573 2127; x_wconf 88' lang='lat' dir='ltr'><strong>num,</strong></span> <span class='ocrx_word' id='word_1_247' title='bbox 1609 2078 1709 2131; x_wconf 92' lang='lat' dir='ltr'><strong>quot</strong></span> <span class='ocrx_word' id='word_1_248' title='bbox 1742 2086 1813 2116; x_wconf 91' lang='lat' dir='ltr'><strong>nu-</strong></span> 
     </span>
     <span class='ocr_line' id='line_1_31' title="bbox 181 2142 1815 2201; baseline 0.002 -18"><span class='ocrx_word' id='word_1_249' title='bbox 181 2153 294 2184; x_wconf 88' lang='lat' dir='ltr'><strong>mero</strong></span> <span class='ocrx_word' id='word_1_250' title='bbox 328 2147 367 2184; x_wconf 88' lang='lat' dir='ltr'><strong>et</strong></span> <span class='ocrx_word' id='word_1_251' title='bbox 398 2144 467 2198; x_wconf 90' lang='lat' dir='ltr'><strong>qui</strong></span> <span class='ocrx_word' id='word_1_252' title='bbox 503 2142 677 2186; x_wconf 88' lang='lat' dir='ltr'><strong>adhibiti</strong></span> <span class='ocrx_word' id='word_1_253' title='bbox 714 2144 890 2195; x_wconf 78' lang='lat' dir='ltr'><strong>suerunt,</strong></span> <span class='ocrx_word' id='word_1_254' title='bbox 928 2149 969 2188; x_wconf 92' lang='lat' dir='ltr'><strong>ut</strong></span> <span class='ocrx_word' id='word_1_255' title='bbox 1002 2144 1053 2187; x_wconf 89' lang='lat' dir='ltr'><strong>de</strong></span> <span class='ocrx_word' id='word_1_256' title='bbox 1089 2144 1234 2187; x_wconf 88' lang='lat' dir='ltr'><strong>horum</strong></span> <span class='ocrx_word' id='word_1_257' title='bbox 1269 2146 1518 2201; x_wconf 80' lang='lat' dir='ltr'><strong>cognatione</strong></span> <span class='ocrx_word' id='word_1_258' title='bbox 1540 2143 1743 2201; x_wconf 86' lang='lat' dir='ltr'><strong>spirituali</strong></span> <span class='ocrx_word' id='word_1_259' title='bbox 1768 2157 1815 2187; x_wconf 89' lang='lat' dir='ltr'><strong>ac</strong></span> 
     </span>
     <span class='ocr_line' id='line_1_32' title="bbox 178 2212 1814 2273; baseline 0.002 -17"><span class='ocrx_word' id='word_1_260' title='bbox 178 2212 431 2268; x_wconf 85' lang='lat' dir='ltr'><strong>obligatione</strong></span> <span class='ocrx_word' id='word_1_261' title='bbox 465 2218 640 2270; x_wconf 87' lang='lat' dir='ltr'><strong>constet,</strong></span> <span class='ocrx_word' id='word_1_262' title='bbox 672 2219 713 2269; x_wconf 84' lang='lat' dir='ltr'><strong>e)</strong></span> <span class='ocrx_word' id='word_1_263' title='bbox 745 2213 796 2257; x_wconf 84' lang='lat' dir='ltr'><strong>de</strong></span> <span class='ocrx_word' id='word_1_264' title='bbox 839 2214 927 2258; x_wconf 79' lang='lat' dir='ltr'><strong>loco</strong></span> <span class='ocrx_word' id='word_1_265' title='bbox 971 2229 1020 2257; x_wconf 79' lang='lat' dir='ltr'><strong>ac</strong></span> <span class='ocrx_word' id='word_1_266' title='bbox 1062 2215 1131 2258; x_wconf 74' lang='lat' dir='ltr'><strong>(lie</strong></span> <span class='ocrx_word' id='word_1_267' title='bbox 1164 2214 1312 2258; x_wconf 77' lang='lat' dir='ltr'><strong>collati</strong></span> <span class='ocrx_word' id='word_1_268' title='bbox 1348 2215 1547 2273; x_wconf 69' lang='lat' dir='ltr'><strong>baptismi</strong></span> <span class='ocrx_word' id='word_1_269' title='bbox 1581 2215 1814 2259; x_wconf 86' lang='lat' dir='ltr'><strong>euiuslibet.</strong></span> 
     </span>
     <span class='ocr_line' id='line_1_33' title="bbox 180 2283 1815 2344; baseline 0.002 -18"><span class='ocrx_word' id='word_1_270' title='bbox 180 2288 320 2339; x_wconf 88' lang='lat' dir='ltr'><strong>utpote</strong></span> <span class='ocrx_word' id='word_1_271' title='bbox 353 2283 404 2327; x_wconf 89' lang='lat' dir='ltr'><strong>de</strong></span> <span class='ocrx_word' id='word_1_272' title='bbox 437 2286 764 2329; x_wconf 88' lang='lat' dir='ltr'><strong>circumstantiis</strong></span> <span class='ocrx_word' id='word_1_273' title='bbox 796 2299 904 2344; x_wconf 90' lang='lat' dir='ltr'><strong>quae</strong></span> <span class='ocrx_word' id='word_1_274' title='bbox 937 2286 1286 2330; x_wconf 91' lang='lat' dir='ltr'><strong>documentorum</strong></span> <span class='ocrx_word' id='word_1_275' title='bbox 1321 2286 1678 2330; x_wconf 87' lang='lat' dir='ltr'><strong>authenticitatem</strong></span> <span class='ocrx_word' id='word_1_276' title='bbox 1704 2300 1815 2330; x_wconf 84' lang='lat' dir='ltr'><strong>com·</strong></span> 
     </span>
     <span class='ocr_line' id='line_1_34' title="bbox 181 2354 1818 2415; baseline 0.002 -19"><span class='ocrx_word' id='word_1_277' title='bbox 181 2354 392 2409; x_wconf 77' lang='lat' dir='ltr'><strong>mendant,</strong></span> <span class='ocrx_word' id='word_1_278' title='bbox 428 2355 468 2397; x_wconf 71' lang='lat' dir='ltr'><strong>in</strong></span> <span class='ocrx_word' id='word_1_279' title='bbox 503 2354 750 2414; x_wconf 77' lang='lat' dir='ltr'><strong>baptismali</strong></span> <span class='ocrx_word' id='word_1_280' title='bbox 793 2356 915 2409; x_wconf 77' lang='lat' dir='ltr'><strong>libro,</strong></span> <span class='ocrx_word' id='word_1_281' title='bbox 956 2358 1007 2401; x_wconf 91' lang='lat' dir='ltr'><strong>de</strong></span> <span class='ocrx_word' id='word_1_282' title='bbox 1050 2371 1132 2415; x_wconf 92' lang='lat' dir='ltr'><strong>quo</strong></span> <span class='ocrx_word' id='word_1_283' title='bbox 1177 2357 1319 2415; x_wconf 83' lang='lat' dir='ltr'><strong>(etiam</strong></span> <span class='ocrx_word' id='word_1_284' title='bbox 1354 2361 1465 2402; x_wconf 85' lang='lat' dir='ltr'><strong>circa</strong></span> <span class='ocrx_word' id='word_1_285' title='bbox 1499 2360 1587 2401; x_wconf 91' lang='lat' dir='ltr'><strong>eius</strong></span> <span class='ocrx_word' id='word_1_286' title='bbox 1622 2357 1818 2414; x_wconf 78' lang='lat' dir='ltr'><strong>sormam)</strong></span> 
     </span>
     <span class='ocr_line' id='line_1_35' title="bbox 181 2426 1816 2485; baseline 0.002 -18"><span class='ocrx_word' id='word_1_287' title='bbox 181 2437 254 2481; x_wconf 87' lang='lat' dir='ltr'><strong>pei·</strong></span> <span class='ocrx_word' id='word_1_288' title='bbox 286 2429 502 2469; x_wconf 81' lang='lat' dir='ltr'><strong>extensum</strong></span> <span class='ocrx_word' id='word_1_289' title='bbox 555 2426 737 2485; x_wconf 93' lang='lat' dir='ltr'><strong>loquitur</strong></span> <span class='ocrx_word' id='word_1_290' title='bbox 785 2439 876 2472; x_wconf 91' lang='lat' dir='ltr'><strong>can.</strong></span> <span class='ocrx_word' id='word_1_291' title='bbox 927 2428 1011 2471; x_wconf 80' lang='grc'>470</span> <span class='ocrx_word' id='word_1_292' title='bbox 1060 2427 1200 2471; x_wconf 79' lang='lat' dir='ltr'><strong>alias²</strong></span> <span class='ocrx_word' id='word_1_293' title='bbox 1233 2434 1554 2483; x_wconf 88' lang='lat' dir='ltr'><strong>commentatus,</strong></span> <span class='ocrx_word' id='word_1_294' title='bbox 1602 2432 1639 2482; x_wconf 89' lang='lat' dir='ltr'><strong>a)</strong></span> <span class='ocrx_word' id='word_1_295' title='bbox 1671 2427 1816 2471; x_wconf 73' lang='lat' dir='ltr'><strong>sedulo</strong></span> 
     </span>
     <span class='ocr_line' id='line_1_36' title="bbox 177 2496 1815 2553; baseline 0.002 -14"><span class='ocrx_word' id='word_1_296' title='bbox 177 2496 315 2553; x_wconf 90' lang='lat' dir='ltr'><strong>quoad</strong></span> <span class='ocrx_word' id='word_1_297' title='bbox 351 2499 622 2541; x_wconf 70' lang='lat' dir='ltr'><strong>attentionem</strong></span> <span class='ocrx_word' id='word_1_298' title='bbox 657 2503 698 2542; x_wconf 88' lang='lat' dir='ltr'><strong>et</strong></span> <span class='ocrx_word' id='word_1_299' title='bbox 730 2511 872 2543; x_wconf 87' lang='lat' dir='ltr'><strong>curam</strong></span> <span class='ocrx_word' id='word_1_300' title='bbox 909 2502 947 2542; x_wconf 94' lang='lat' dir='ltr'><strong>in</strong></span> <span class='ocrx_word' id='word_1_301' title='bbox 988 2499 1051 2542; x_wconf 92' lang='lat' dir='ltr'><strong>his</strong></span> <span class='ocrx_word' id='word_1_302' title='bbox 1100 2498 1294 2543; x_wconf 92' lang='lat' dir='ltr'><strong>omnibus</strong></span> <span class='ocrx_word' id='word_1_303' title='bbox 1345 2513 1442 2543; x_wconf 85' lang='lat' dir='ltr'><strong>vere</strong></span> <span class='ocrx_word' id='word_1_304' title='bbox 1490 2499 1815 2552; x_wconf 83' lang='lat' dir='ltr'><strong>conscribendis,</strong></span> 
     </span>
     <span class='ocr_line' id='line_1_37' title="bbox 182 2565 1815 2627; baseline 0.002 -19"><span class='ocrx_word' id='word_1_305' title='bbox 182 2565 224 2623; x_wconf 90' lang='lat' dir='ltr'><strong>b)</strong></span> <span class='ocrx_word' id='word_1_306' title='bbox 260 2571 299 2609; x_wconf 80' lang='lat' dir='ltr'><strong>e!</strong></span> <span class='ocrx_word' id='word_1_307' title='bbox 331 2566 424 2610; x_wconf 77' lang='lat' dir='ltr'><strong>sine</strong></span> <span class='ocrx_word' id='word_1_308' title='bbox 471 2567 560 2611; x_wconf 79' lang='lat' dir='ltr'><strong>ulla</strong></span> <span class='ocrx_word' id='word_1_309' title='bbox 609 2582 728 2612; x_wconf 77' lang='lat' dir='ltr'><strong>mora</strong></span> <span class='ocrx_word' id='word_1_310' title='bbox 780 2569 1013 2613; x_wconf 87' lang='lat' dir='ltr'><strong>voluntarie</strong></span> <span class='ocrx_word' id='word_1_311' title='bbox 1062 2570 1262 2613; x_wconf 85' lang='lat' dir='ltr'><strong>nectenda</strong></span> <span class='ocrx_word' id='word_1_312' title='bbox 1315 2573 1420 2614; x_wconf 90' lang='lat' dir='ltr'><strong>inter</strong></span> <span class='ocrx_word' id='word_1_313' title='bbox 1455 2570 1645 2627; x_wconf 88' lang='lat' dir='ltr'><strong>baptismi</strong></span> <span class='ocrx_word' id='word_1_314' title='bbox 1680 2570 1815 2613; x_wconf 82' lang='lat' dir='ltr'><strong>collati</strong></span> 
     </span>
     <span class='ocr_line' id='line_1_38' title="bbox 180 2637 1800 2697; baseline 0.002 -19"><span class='ocrx_word' id='word_1_315' title='bbox 180 2638 369 2680; x_wconf 87' lang='lat' dir='ltr'><strong>notitiam</strong></span> <span class='ocrx_word' id='word_1_316' title='bbox 403 2642 559 2682; x_wconf 89' lang='lat' dir='ltr'><strong>certam</strong></span> <span class='ocrx_word' id='word_1_317' title='bbox 594 2642 634 2682; x_wconf 91' lang='lat' dir='ltr'><strong>et</strong></span> <span class='ocrx_word' id='word_1_318' title='bbox 669 2641 918 2696; x_wconf 89' lang='lat' dir='ltr'><strong>scripturam</strong></span> <span class='ocrx_word' id='word_1_319' title='bbox 957 2638 1131 2697; x_wconf 75' lang='lat' dir='ltr'><strong>referre.</strong></span> <span class='ocrx_word' id='word_1_320' title='bbox 1168 2637 1286 2692; x_wconf 83' lang='lat' dir='ltr'><strong>Quae</strong></span> <span class='ocrx_word' id='word_1_321' title='bbox 1318 2640 1400 2684; x_wconf 92' lang='lat' dir='ltr'><strong>duo</strong></span> <span class='ocrx_word' id='word_1_322' title='bbox 1434 2639 1633 2683; x_wconf 81' lang='lat' dir='ltr'><strong>adverbia</strong></span> <span class='ocrx_word' id='word_1_323' title='bbox 1668 2639 1744 2683; x_wconf 90' lang='lat' dir='ltr'><strong>suh</strong></span> <span class='ocrx_word' id='word_1_324' title='bbox 1776 2655 1800 2682; x_wconf 80' lang='grc' dir='ltr'><strong>(ι</strong></span> 
     </span>
     <span class='ocr_line' id='line_1_39' title="bbox 179 2705 1818 2767; baseline 0.002 -17"><span class='ocrx_word' id='word_1_325' title='bbox 179 2711 219 2750; x_wconf 89' lang='lat' dir='ltr'><strong>et</strong></span> <span class='ocrx_word' id='word_1_326' title='bbox 252 2705 291 2763; x_wconf 87' lang='lat' dir='ltr'><strong>b)</strong></span> <span class='ocrx_word' id='word_1_327' title='bbox 327 2708 608 2765; x_wconf 85' lang='lat' dir='ltr'><strong>aequipollent</strong></span> <span class='ocrx_word' id='word_1_328' title='bbox 635 2708 762 2753; x_wconf 85' lang='lat' dir='ltr'><strong>verbo</strong></span> <span class='ocrx_word' id='word_1_329' title='bbox 802 2715 1073 2753; x_wconf 80' lang='lat' dir='ltr'><strong>«accurate»</strong></span> <span class='ocrx_word' id='word_1_330' title='bbox 1112 2715 1152 2753; x_wconf 88' lang='lat' dir='ltr'><strong>et</strong></span> <span class='ocrx_word' id='word_1_331' title='bbox 1178 2712 1310 2766; x_wconf 87' lang='lat' dir='ltr'><strong>magis</strong></span> <span class='ocrx_word' id='word_1_332' title='bbox 1333 2710 1586 2767; x_wconf 88' lang='lat' dir='ltr'><strong>generaliter</strong></span> <span class='ocrx_word' id='word_1_333' title='bbox 1608 2710 1818 2753; x_wconf 81' lang='lat' dir='ltr'><strong>clausulae</strong></span> 
     </span>
     <span class='ocr_line' id='line_1_40' title="bbox 186 2777 1276 2836; baseline 0.006 -18"><span class='ocrx_word' id='word_1_334' title='bbox 186 2777 460 2836; x_wconf 84' lang='lat' dir='ltr'><strong>«Antequam</strong></span> <span class='ocrx_word' id='word_1_335' title='bbox 497 2780 679 2824; x_wconf 87' lang='lat' dir='ltr'><strong>infans...</strong></span> <span class='ocrx_word' id='word_1_336' title='bbox 714 2785 834 2824; x_wconf 86' lang='lat' dir='ltr'><strong>etc.»</strong></span> <span class='ocrx_word' id='word_1_337' title='bbox 872 2780 1047 2824; x_wconf 89' lang='lat' dir='ltr'><strong>Ritualis</strong></span> <span class='ocrx_word' id='word_1_338' title='bbox 1081 2779 1276 2833; x_wconf 62' lang='lat' dir='ltr'><strong>Romani,</strong></span> 
     </span>
    </p>
   </div>
   <div class='ocr_carea' id='block_1_6' title="bbox 187 2883 1815 2979">
    <p class='ocr_par' dir='ltr' id='par_1_8' title="bbox 187 2883 1815 2979">
     <span class='ocr_line' id='line_1_41' title="bbox 301 2883 1815 2930; baseline 0.001 -13"><span class='ocrx_word' id='word_1_339' title='bbox 301 2884 310 2905; x_wconf 80' lang='lat'><strong>¹</strong></span> <span class='ocrx_word' id='word_1_340' title='bbox 340 2883 418 2918; x_wconf 75' lang='lat' dir='ltr'><strong>Tit.</strong></span> <span class='ocrx_word' id='word_1_341' title='bbox 450 2885 500 2927; x_wconf 76' lang='grc' dir='ltr'><strong>ΙΙ,</strong></span> <span class='ocrx_word' id='word_1_342' title='bbox 531 2896 614 2930; x_wconf 80' lang='lat' dir='ltr'><strong>cap.</strong></span> <span class='ocrx_word' id='word_1_343' title='bbox 642 2885 695 2929; x_wconf 91' lang='lat' dir='ltr'><strong>II,</strong></span> <span class='ocrx_word' id='word_1_344' title='bbox 724 2897 793 2920; x_wconf 92' lang='lat' dir='ltr'><strong>nn.</strong></span> <span class='ocrx_word' id='word_1_345' title='bbox 821 2886 879 2927; x_wconf 79' lang='lat'><strong>32,</strong></span> <span class='ocrx_word' id='word_1_346' title='bbox 910 2886 967 2920; x_wconf 79' lang='lat'><strong>33.</strong></span> <span class='ocrx_word' id='word_1_347' title='bbox 1000 2906 1040 2911; x_wconf 90' lang='lat'>—</span> <span class='ocrx_word' id='word_1_348' title='bbox 1069 2885 1815 2922; x_wconf 63' lang='lat' dir='ltr'><strong>²Comment.Textus00d.1u1:.(tan.</strong></span> 
     </span>
     <span class='ocr_line' id='line_1_42' title="bbox 187 2931 1295 2979; baseline 0.003 -15"><span class='ocrx_word' id='word_1_349' title='bbox 187 2945 202 2960; x_wconf 84' lang='lat'><strong>‹</strong></span> <span class='ocrx_word' id='word_1_350' title='bbox 224 2931 282 2964; x_wconf 83' lang='lat' dir='ltr'><strong>De</strong></span> <span class='ocrx_word' id='word_1_351' title='bbox 311 2932 501 2975; x_wconf 82' lang='lat' dir='ltr'><strong>personis,</strong></span> <span class='ocrx_word' id='word_1_352' title='bbox 523 2949 535 2962; x_wconf 82' lang='lat'><strong>»</strong></span> <span class='ocrx_word' id='word_1_353' title='bbox 569 2944 658 2977; x_wconf 81' lang='lat' dir='ltr'><strong>pag.</strong></span> <span class='ocrx_word' id='word_1_354' title='bbox 687 2933 770 2977; x_wconf 79' lang='lat'><strong>437,</strong></span> <span class='ocrx_word' id='word_1_355' title='bbox 800 2937 840 2967; x_wconf 80' lang='lat' dir='ltr'><strong>et</strong></span> <span class='ocrx_word' id='word_1_356' title='bbox 867 2934 907 2968; x_wconf 88' lang='lat' dir='ltr'><strong>in</strong></span> <span class='ocrx_word' id='word_1_357' title='bbox 935 2934 977 2967; x_wconf 63' lang='lat'><strong>2³</strong></span> <span class='ocrx_word' id='word_1_358' title='bbox 1003 2933 1063 2968; x_wconf 86' lang='lat' dir='ltr'><strong>ed.</strong></span> <span class='ocrx_word' id='word_1_359' title='bbox 1092 2944 1181 2979; x_wconf 84' lang='lat' dir='ltr'><strong>pag.</strong></span> <span class='ocrx_word' id='word_1_360' title='bbox 1214 2934 1295 2968; x_wconf 85' lang='lat'>505.</span> 
     </span>
    </p>
   </div>
  </div>
 </body>
</html>
