1971 3261
229 149 298 182 582
624 146 708 180 L1B.
738 146 810 180 ΙΙΙ.
840 167 852 172 -
881 147 990 181 PARS
1016 147 1046 182 Ι.
1077 167 1089 172 -
1115 147 1172 182 De
1197 147 1462 183 Sacramentis
1645 148 1738 184 Can.
1767 150 1859 185 1073

229 269 405 308 tractum
441 277 520 307 non
561 276 657 307 vere
682 266 838 317 ineunt,
884 265 955 308 sed
1007 264 1210 309 inhabiles
1242 278 1292 308 ex
1328 265 1405 308 hoc
1455 278 1613 309 canone
1646 271 1859 310 attentant

230 336 281 378 de
313 336 434 385 facto,
468 336 638 378 canonis
669 333 792 377 buius
827 334 1148 390 prohibitionem
1183 336 1234 379 ad
1267 348 1456 379 normam
1489 348 1580 379 can.
1616 336 1742 390 1036,
1776 339 1801 391 ἓ
1834 337 1858 380 2

231 406 472 462 implicitam
510 404 727 459 violantes,
761 405 956 462 reliqiosi
977 406 1027 449 ad
1052 419 1240 450 normam
1280 419 1370 450 can.
1395 407 1494 460 488,
1518 407 1578 461 7⁰,
1601 406 1661 463 (et
1683 407 1860 451 dicenda

235 493 255 517 «
283 476 420 519 valent
453 478 576 519 etiam
613 477 700 531 pari
737 478 826 518 iure
859 476 911 519 de
945 476 1251 531 mulieribus»)
1288 477 1396 532 (can.
1431 477 1548 531 490),
1581 476 1622 534 a)
1655 477 1727 535 qui
1763 483 1858 521 vota

230 547 454 591 sollemnia
490 546 625 589 valide
658 546 707 589 ad
744 559 932 589 normam
967 560 1056 591 cau.
1080 547 1271 590 572-574
1309 548 1371 590 vel
1407 547 1669 591 convalidata
1695 549 1744 592 ad
1771 562 1860 592 nor-

231 631 339 661 mam
375 632 463 661 itan.
502 618 584 660 586
616 616 803 675 professi
835 623 946 671 seint,
978 620 1077 676 quin
1112 617 1322 673 legislator
1346 624 1486 675 tangat
1510 621 1712 675 originem
1739 619 1861 663 huius

231 688 514 745 impedimenti
551 687 783 742 iuridicam,
819 688 928 746 quod
962 693 1005 731 ut
1044 691 1271 744 «graviter
1319 689 1509 745 prohibet
1549 692 1858 733 matrimonium

230 758 561 802 contrahendum
583 774 602 799 ›>
641 763 701 802 est
736 761 836 802 iuris
869 759 1016 814 divini,
1049 771 1098 802 ac
1131 772 1212 803 non
1247 761 1383 803 minus
1405 772 1529 818 quam
1554 760 1860 816 explicavimus

231 831 279 873 ad
314 842 402 873 can.
440 830 578 882 10583
610 835 814 886 quatenus
850 843 946 873 vero
994 835 1072 873 «et
1115 831 1288 887 impedit
1328 834 1551 888 quominus
1597 830 1730 874 valide
1763 844 1858 875 con-

231 900 457 944 trahatur»
496 900 602 957 (can.
639 900 766 955 1036,
796 900 825 958 ἓ
858 900 916 958 ⁶2),
951 903 1064 944 iuxta
1098 914 1362 945 communem
1399 901 1621 945 Doctorum
1662 903 1762 945 iuris
1786 903 1859 945 im-

233 972 411 1015 mediate
447 972 734 1028 praeccdentis
766 974 1011 1015 sententiam
1048 975 1180 1015 oritur
1212 985 1263 1015 ex
1297 974 1385 1015 iure
1418 985 1532 1016 mere
1565 972 1860 1028 ecclesiastico,

231 1054 337 1099 quae
370 1045 592 1098 opponitur
624 1044 852 1086 sententiae
900 1042 1076 1086 aliorum
1120 1042 1409 1099 theologorum
1445 1047 1484 1086 et
1517 1042 1740 1086 Doctorum
1775 1056 1861 1086 me-

231 1113 345 1156 lioris
392 1115 537 1156 aetatis
584 1116 860 1156 asserentium
909 1113 1075 1169 prodire
1124 1113 1236 1157 illam
1286 1113 1586 1157 inhabilitatem
1629 1127 1678 1157 ex
1714 1118 1859 1158 natura

232 1186 360 1240 ipsius
396 1186 476 1227 voti
511 1184 737 1238 sollemnis,
778 1200 798 1224 c<
821 1187 1064 1241 inquantum
1099 1184 1272 1237 scilicet,
1306 1184 1542 1241 explicante
1565 1184 1611 1229 D.
1635 1184 1706 1228 Th.
1735 1187 1763 1239 ¹,
1788 1198 1862 1242 per

233 1257 364 1311 ipsum
401 1255 523 1298 bomo
555 1257 617 1298 sui
651 1257 838 1312 corporis
861 1257 999 1298 amisit
1025 1259 1283 1312 potestatem,
1308 1255 1392 1299 Deo
1416 1256 1514 1299 illud
1541 1256 1591 1299 ad
1617 1261 1860 1313 perpetuam

232 1328 527 1369 continentiam
579 1327 806 1379 tradens»,
854 1326 963 1383 quod
1009 1326 1216 1369 locutione
1266 1326 1713 1383 iuridico-theologica,
1751 1327 1860 1371 idem

233 1401 351 1452 esset,
386 1410 434 1440 ac
467 1397 722 1440 sollemniter
747 1397 976 1453 professum
1002 1399 1039 1439 in
1066 1396 1137 1440 Dei
1165 1397 1363 1441 honorem
1389 1411 1461 1454 per
1482 1403 1623 1441 votum
1647 1397 1862 1442 abdicasse

233 1470 297 1511 ius
329 1468 379 1511 ad
417 1470 743 1522 matrimonium,
775 1481 882 1526 quae
915 1467 1138 1522 abdicatio,
1181 1473 1322 1525 utpote
1364 1468 1415 1512 ab
1448 1468 1635 1512 Ecclesia
1670 1482 1743 1525 pro
1776 1470 1862 1512 soro

233 1543 405 1582 externo
428 1541 558 1582 sacris
580 1538 810 1582 canonibus
831 1538 1074 1596 approbata,
1098 1546 1210 1582 certe
1244 1540 1332 1582 fieri
1358 1543 1504 1596 potest,
1531 1539 1656 1582 veluti
1681 1539 1731 1583 de
1756 1538 1861 1583 bono

234 1609 394 1652 meliori
430 1614 622 1653 contento
657 1612 694 1653 in
733 1615 827 1653 voto
860 1610 1065 1661 sollemni,
1098 1623 1222 1667 quam
1257 1612 1307 1653 sit
1333 1623 1444 1653 mera
1469 1613 1542 1654 etsi
1569 1611 1747 1666 perfecta
1771 1624 1865 1654 con·

234 1683 404 1723 tinentia
454 1680 588 1723 oblata
640 1694 712 1737 per
763 1686 902 1724 votum
952 1681 1142 1737 simplex.
1192 1681 1271 1725 Sed
1321 1683 1508 1739 quaestio
1543 1681 1644 1724 baec
1679 1685 1863 1725 remanet

233 1750 474 1806 theoretica,
522 1753 617 1809 quia
669 1754 792 1794 etiam
830 1754 866 1794 in
902 1751 979 1795 hac
1013 1756 1128 1808 parte
1178 1756 1319 1795 votum
1368 1754 1580 1806 castitatis,
1621 1765 1669 1795 ex
1709 1754 1861 1795 vicaria

232 1820 390 1863 Summi
429 1822 636 1865 l'ontiticis
669 1834 689 1865 a
724 1821 809 1865 Deo
842 1826 1008 1878 recepta
1043 1827 1243 1878 potestate
1276 1826 1314 1865 et
1350 1836 1422 1879 per
1453 1822 1492 1866 S.
1526 1820 1705 1878 Congr.m
1730 1822 1781 1865 de
1805 1835 1863 1865 re·

235 1891 389 1948 ligiosis
409 1897 491 1935 >aut
523 1894 561 1936 S.
596 1891 778 1949 Congr.m
813 1906 885 1949 pro
917 1892 1101 1936 Ecclesia
1126 1893 1315 1937 orientali
1340 1894 1538 1944 exercita,
1562 1897 1695 1949 potest
1717 1892 1864 1936 absdu-

236 1962 301 2005 bio
334 1962 580 2019 dispensari.
616 1989 667 1994 —
703 1963 734 2006 E
767 1976 971 2007 converso
1003 1975 1134 2007 canon
1169 1966 1363 2020 exprimit
1397 1965 1600 2020 originem
1627 1966 1727 2007 iuris
1752 1977 1863 2007 mere

235 2033 503 2077 ecclesiastici
537 2034 724 2091 aequalis
757 2034 1056 2091 impedimenti,
1090 2035 1255 2092 quando
1288 2034 1569 2092 subsequitur:
1604 2033 1648 2091 b)
1672 2040 1746 2077 am
1768 2039 1863 2077 vota

234 2104 447 2162 simplicia
486 2120 505 2145 «
529 2110 821 2161 nuncuparunt
857 2107 894 2148 in
929 2105 1067 2164 aliqua
1103 2105 1342 2162 religione»
1371 2105 1480 2163 (can.
1506 2105 1603 2158 488,
1628 2104 1862 2162 7⁰).p1·oin-

235 2174 369 2231 deque
407 2175 656 2231 «publica»
695 2175 768 2233 (ib.
804 2175 882 2232 1⁰),
916 2175 1064 2233 quihus
1097 2190 1149 2218 ‹⁰oe
1180 2175 1358 2233 speciali
1381 2175 1501 2219 Sedis
1523 2175 1790 2233 Apostolieae
1810 2175 1861 2219 ad

236 2258 420 2288 normam
457 2259 545 2291 can.
582 2247 605 2289 7
642 2246 844 2303 (fortassis
876 2249 998 2290 etiam
1037 2260 1108 2303 per
1141 2247 1306 2304 aliquod
1346 2247 1558 2291 Romanae
1581 2246 1728 2290 Curiae
1751 2247 1862 2290 dica-

234 2317 425 2372 sterium)
456 2317 736 2374 praescripto,
784 2317 893 2374 quod
945 2319 1260 2373 interpretatum
1311 2322 1371 2360 est
1406 2319 1443 2360 in
1478 2329 1568 2360 can.
1603 2317 1729 2369 1058,
1762 2316 1790 2374 ἓ
1824 2317 1862 2372 2,

235 2385 296 2428 ris
328 2386 478 2429 addita
511 2387 580 2439 sil,
618 2387 743 2430 veluti
779 2390 975 2431 materiae
1012 2389 1093 2430 voti
1138 2389 1388 2442 extrinseca,
1435 2387 1609 2445 nuptias
1643 2388 1777 2430 l'orsan
1811 2387 1863 2430 de

237 2458 341 2499 t'acto
375 2462 607 2501 contractas
641 2457 852 2515 (equidem
889 2457 1045 2513 illicite)
1078 2457 1287 2501 irritandi
1310 2472 1358 2501 ex
1385 2457 1640 2501 inhabilitate
1664 2469 1864 2514 personae

238 2527 314 2571 hoc
347 2541 505 2571 canone
538 2529 798 2572 confirmata.

356 2599 451 2642 471.
473 2601 877 2656 impedimentum
897 2604 1084 2657 raptus.
1102 2625 1158 2630 —
1180 2599 1220 2642 ln
1243 2599 1526 2643 Decretalibus
1543 2597 1666 2655 Greg.
1688 2598 1740 2641 [X
1766 2598 1862 2655 legi-

239 2675 303 2712 tur
326 2668 417 2712 Tit}
446 2685 464 2709 ((
485 2670 535 2713 de
561 2670 808 2726 Raptor-ibus
826 2686 864 2722 ›),
889 2673 958 2727 qui
982 2675 1042 2714 est
1068 2671 1118 2712 17
1145 2670 1253 2714 Libri
1281 2669 1325 2714 V.
1359 2669 1411 2713 At.
1436 2674 1577 2726 raptus
1599 2669 1650 2712 de
1674 2682 1754 2726 quo
1778 2671 1863 2725 agit

238 2739 477 2793 Dect-etatis,
511 2740 648 2783 differt
681 2740 732 2784 ab
767 2741 1063 2797 impedimento
1105 2745 1245 2797 raptus
1287 2741 1338 2784 de
1381 2754 1462 2797 quo
1495 2744 1643 2784 tractat
1675 2739 1787 2783 Trid.
1821 2741 1859 2782 in

356 2893 365 2914 1
395 2892 529 2936 Suppl.
560 2903 595 2936 q.
626 2892 731 2933 LIII,
757 2897 832 2926 art.
861 2894 882 2925 ‘2
909 2904 1010 2937 corp.
