1971 3261
1568 41 1585 49 x

123 145 194 178 202
517 143 602 177 Lm.
631 142 704 176 III.
733 162 744 168 -
772 142 883 177 PARS
908 142 938 176 I.
968 162 982 167 -
1006 142 1064 177 De
1089 142 1355 178 Sam-amentis
1561 143 1654 179 Can.
1681 144 1752 179 866

126 262 426 306 communionis
454 260 676 320 paschalis
714 260 1002 318 satisfaciant,
1044 274 1124 319 quo
1157 262 1280 305 modo
1322 262 1444 306 simul
1483 266 1751 319 praeceptum

125 334 314 377 divinum
349 332 589 388 adimplent.

244 404 321 447 Sed
358 403 493 460 quoad
527 402 661 445 simile
686 407 956 459 praecepium
980 405 1019 446 in
1047 403 1221 447 articulo
1246 406 1389 447 mortis
1425 403 1754 460 adimplendum,

127 474 367 531 praescribit
402 474 429 530 ᾖ
461 473 499 516 3.
556 473 756 516 Sanctum
801 472 1003 516 Viatieum
1040 476 1079 517 in
1112 487 1200 518 can.
1237 474 1319 517 864
1354 478 1381 529 ἓ
1425 475 1447 518 3
1497 474 1752 518 declaratum

125 544 385 589 moribundis
432 545 521 588 ritu
552 545 743 602 proprio,
795 558 969 601 nempe:
1019 545 1070 589 ad
1105 558 1227 603 quem
1278 559 1422 589 eorum
1471 548 1755 604 unusquisque

127 618 303 672 pertinet
336 629 386 658 ex
421 628 512 659 can.
547 615 616 670 98,
650 615 942 673 accipiendum
973 621 1035 659 est
1066 615 1247 660 scilicet:
1283 630 1335 660 ex
1369 629 1473 673 pane
1511 629 1656 674 azymo
1692 616 1754 660 vel

126 688 369 730 fermentato
404 691 443 729 et
475 699 496 729 a
532 689 689 743 proprii
740 688 842 730 ritus
874 687 1109 744 sacerdote3
1158 685 1243 739 sed,
1278 692 1453 744 urgente
1494 687 1755 734 necessitate.

127 759 221 814 quia
259 757 322 800 vel
357 771 406 800 ex
445 770 549 813 pane
582 759 697 801 iuxta
732 759 946 814 proprium
981 760 1104 801 ritum
1129 762 1371 801 consecrato
1403 757 1665 810 eucharistia,
1693 758 1755 801 vel

126 828 321 871 sacerdos
357 830 510 884 proprii
561 830 663 871 rItus
697 827 840 871 haberi
875 833 1068 885 nequeat,
1109 827 1179 886 fas
1211 833 1296 871 esto
1330 827 1511 886 quolibet
1542 829 1631 872 ritu
1664 842 1758 872 con-

125 903 332 942 secratum
370 898 431 942 vel
466 899 801 942 administratum
849 901 974 942 etiam
1022 899 1230 954 distincto,
1280 901 1370 942 sive
1423 904 1564 942 mutuo
1618 899 1753 957 quoad

127 973 365 1026 utrumque,
399 971 488 1012 sive
522 982 542 1012 a
580 971 658 1012 ritu
694 969 931 1013 moribundi
966 972 1146 1026 proprio,
1182 969 1280 1013 illud
1324 972 1520 1013 viaticum
1556 970 1757 1028 accipere.

128 1039 263 1085 Const.
299 1043 423 1084 citata
472 1042 531 1084 sic
573 1045 835 1097 expresserat
883 1044 1084 1084 statutum
1117 1040 1194 1084 sub
1228 1053 1265 1083 n.
1306 1039 1334 1082 V
1368 1045 1606 1084 correctum
1638 1053 1658 1084 a
1693 1053 1762 1085 ca-

128 1124 257 1155 none:
311 1112 548 1155 «Sanctum
587 1114 783 1155 viaticum
833 1111 1094 1155 moribundis
1142 1114 1222 1154 ritu
1276 1113 1442 1167 proprio
1476 1111 1527 1155 de
1569 1111 1759 1155 manibus

131 1184 285 1239 proprii
323 1182 531 1238 parochi»
571 1181 697 1240 (quod
735 1184 810 1225 fuit
844 1185 882 1225 iu
917 1195 1076 1226 canone
1109 1184 1321 1237 omissum,
1356 1182 1427 1225 sed
1471 1195 1543 1238 pro
1576 1181 1761 1226 Ecclesia

129 1253 253 1297 latina
287 1258 348 1296 est
384 1256 542 1310 vigens,
586 1258 798 1311 tamquam
836 1254 1031 1297 «functio
1066 1253 1246 1309 parocho
1282 1257 1541 1297 reservata»
1597 1255 1635 1296 iu
1669 1265 1761 1297 cau.

130 1324 227 1379 462,
263 1323 320 1379 30,
355 1337 403 1368 ac
438 1338 509 1381 pro
544 1325 689 1368 ritibus
722 1324 992 1368 orientalibus
1024 1324 1233 1368 servanda
1278 1326 1604 1382 uniuscuiusque
1637 1324 1761 1368 disci-

132 1395 240 1452 plina
276 1398 316 1438 vi
349 1408 440 1439 can.
477 1395 519 1449 1)
575 1398 903 1452 «accipiendum
937 1400 1019 1438 est:
1064 1395 1151 1443 sed,
1190 1400 1364 1452 urgente
1398 1398 1661 1452 necessitate,
1703 1396 1762 1439 fas

130 1470 216 1510 esto
250 1479 270 1509 a
303 1466 520 1510 sacerdote
554 1465 739 1524 quolibet
774 1466 873 1509 illud
913 1468 1117 1522 accipere,
1142 1468 1212 1524 qui
1248 1471 1384 1510 tamen
1420 1469 1501 1510 ritu
1535 1480 1609 1510 suo
1642 1469 1762 1509 mini-

128 1537 333 1591 strabit»3
382 1550 453 1580 seu
489 1539 602 1580 iuxta
634 1550 836 1580 canonem
876 1536 956 1579 851
995 1535 1048 1579 ibi
1084 1537 1340 1593 explicatum
1374 1541 1414 1580 et
1454 1536 1762 1580 observandum

132 1610 171 1650 in
205 1620 317 1661 casu,
342 1607 434 1650 illae
467 1607 574 1650 duae
606 1607 816 1651 clausulae
855 1606 1109 1650 «sacerdote
1141 1606 1364 1664 quolibet»
1404 1612 1442 1650 et
1480 1609 1588 1664 «qui
1624 1611 1761 1650 tamen

132 1681 211 1722 ritu
234 1692 307 1722 suo
334 1678 620 1722 ministrabit»
661 1678 829 1722 brevius
862 1677 1105 1734 complexae
1138 1683 1231 1721 sunt
1265 1677 1596 1735 aequipollenter
1618 1679 1658 1720 in
1684 1677 1765 1721 illis

130 1751 299 1793 canonis
337 1748 474 1793 verbis
513 1748 735 1806 «quolibet
772 1751 852 1792 ritu
876 1764 896 1790 J>
935 1748 1157 1792 declaratis
1190 1761 1328 1805 supra.

560 1885 657 1928 Aur.
694 1884 744 1928 lll
781 1911 832 1915 —
870 1884 927 1928 De
961 1889 1146 1942 tempore
1177 1890 1215 1927 el
1250 1884 1337 1928 loco

490 1969 568 2013 quo
602 1969 727 1998 saera
762 1955 996 1998 communio
1029 1954 1229 1998 distribui
1259 1960 1408 2013 potest.

183 2067 268 2103 CAN.
283 2066 364 2102 867.
387 2087 401 2093 -
419 2070 437 2113 ς·
454 2066 485 2102 1.
504 2065 680 2102 Omnibus
695 2066 817 2102 diebus
836 2066 914 2102 licet

1036 2067 1055 2113 ἓ
1081 2064 1110 2101 5.
1140 2065 1285 2102 Sacrum
1326 2072 1444 2103 tamen
1487 2066 1658 2102 viaticum
1685 2077 1770 2112 qua-

134 2115 397 2150 sanctissimam
419 2114 671 2149 Eucharistiam
691 2113 912 2150 distribuere.

987 2124 1138 2160 cumque
1163 2114 1230 2149 diei
1257 2119 1317 2149 aut
1345 2115 1456 2150 noctis
1474 2115 1558 2150 hora
1577 2113 1768 2149 ministrari

184 2166 203 2205 ἓ
229 2162 262 2197 ’2.
289 2161 385 2204 Fcria
412 2166 529 2197 tamen
560 2161 600 2196 Vl
629 2161 770 2197 maioris
788 2161 915 2197 hebdo-

139 2209 261 2244 madae
289 2209 400 2244 solum
429 2209 507 2244 licet
525 2220 661 2244 sacrum
682 2208 853 2244 viaticum
872 2208 914 2244 ad

138 2256 296 2291 infirmos
322 2256 466 2291 deferre.

185 2304 204 2350 g
231 2303 263 2337 3.
293 2303 331 2338 ln
359 2302 510 2338 Sabbato
537 2301 664 2338 Sancto
706 2314 802 2338 sacra
829 2313 919 2338 com-

140 2351 259 2386 munio
285 2350 407 2396 nequit
434 2350 593 2385 fidelibus
630 2350 821 2385 ministrari
850 2349 916 2384 nisi

139 2398 230 2433 inter
257 2397 441 2432 Missaruni
461 2397 644 2432 sollemnia
672 2397 722 2433 vel
751 2397 917 2433 continuo

138 2457 178 2480 ac
204 2445 321 2480 statim
348 2444 392 2480 ab
420 2445 460 2479 iis
487 2444 642 2490 expletis

187 2496 206 2533 g
245 2490 275 2526 4.
316 2491 421 2527 Sacra
459 2492 660 2526 communio
699 2491 740 2526 iis
779 2496 918 2526 tantum

141 2539 234 2574 horis
268 2539 510 2578 distribuatur,
552 2538 679 2584 quibus
718 2539 843 2574 Missae
869 2550 921 2574 sa-

139 2586 311 2622 crificinm
337 2586 449 2622 offerri
487 2590 610 2631 potest⁷
639 2586 706 2620 nisi
742 2586 837 2621 aliud
865 2597 919 2621 ra-

141 2633 318 2669 tionabilis
345 2644 449 2668 causa
479 2634 634 2668 suadeat.

1013 2165 1114 2196 otest.

991 2173 1010 2207 p
1038 2206 1123 2243 Cim.
1145 2206 1225 2243 868.
1257 2228 1273 2234 -
1295 2207 1469 2244 Sacerdoti
1490 2208 1679 2244 celebranti
1700 2218 1770 2243 non

991 2255 1070 2290 licet
1090 2255 1345 2291 Eucharistiam
1372 2256 1465 2291 intra
1491 2255 1632 2291 Missam
1658 2254 1772 2290 distri-

994 2302 1097 2338 buere
1149 2302 1309 2338 fidelibus
1359 2303 1444 2338 adeo
1482 2301 1696 2338 distantibus
1734 2306 1771 2337 ut

994 2350 1066 2396 ipse
1092 2349 1200 2385 altare
1226 2361 1243 2385 e
1269 2355 1455 2396 conspectu
1482 2350 1631 2385 amittat.

1041 2396 1125 2432 CAN.
1156 2395 1236 2431 869.
1267 2417 1279 2422 —
1306 2396 1412 2433 Sacra
1440 2397 1641 2432 communio
1659 2395 1773 2431 distri-

992 2443 1050 2479 bui
1080 2449 1189 2490 potest
1217 2443 1428 2490 ubicumque
1454 2444 1596 2479 Missam
1622 2443 1772 2479 celebra-

993 2502 1029 2526 re
1055 2491 1147 2533 licet,
1175 2491 1278 2526 etiam
1308 2492 1343 2526 in
1370 2492 1518 2527 oratorio
1537 2491 1683 2537 privato,
1705 2489 1771 2524 nisi

995 2538 1056 2573 loci
1097 2536 1321 2580 OrdinariuS,
1362 2538 1462 2574 iustis
1500 2538 1542 2574 de
1576 2539 1702 2579 causis,
1732 2537 1768 2571 in

994 2585 1132 2621 casibus
1173 2586 1441 2634 particularibus
1485 2585 1517 2621 id
1546 2584 1770 2632 prohibuerit.

264 2740 358 2785 186,
395 2741 650 2796 inscriptio
699 2741 892 2786 articuli
942 2743 990 2785 et
1029 2741 1152 2785 ordo
1191 2753 1446 2785 canonum.
1486 2764 1539 2769 —-
1579 2738 1773 2795 Sequitur

143 2811 233 2853 Art.
269 2809 335 2853 III
369 2815 408 2853 et
442 2809 611 2853 ultimus
633 2808 755 2852 Tituli
790 2809 932 2853 huius:
968 2808 1030 2852 De
1065 2815 1246 2866 tempore
1269 2809 1403 2866 quoad
1429 2808 1538 2852 diem
1563 2814 1602 2851 et
1627 2807 1770 2851 horam

142 2886 182 2923 e!
215 2880 302 2924 loeo
334 2883 422 2924 sive
455 2893 573 2923 sacro
606 2882 694 2923 sive
730 2882 898 2936 profano
933 2893 1011 2937 quo
1044 2892 1167 2921 saera
1202 2879 1435 2923 eonmmm'o
1470 2877 1670 2922 distribui
1699 2891 1772 2935 po-
