1971 3261
149 177 237 213 Can.
262 177 331 212 914
672 175 755 209 T1T.
782 175 845 210 IV.
875 196 884 200 -
915 176 968 210 De
997 178 1235 211 Paenitentia
1708 178 1778 210 ’299

148 295 290 349 naria,
324 294 379 337 illi
411 294 583 338 solemni
635 293 910 336 benedictioni
959 309 1030 350 per
1074 296 1290 338 inferiores
1326 295 1429 351 l'apa
1464 295 1584 339 datae
1617 309 1779 351 semper

147 366 322 420 adnexa,
343 365 383 422 a)
401 363 627 407 secundam
650 363 957 421 praescriptam
984 365 1225 421 soi-mutam,
1246 365 1424 409 scilicet:
1451 380 1523 422 per
1540 366 1666 409 (iloni.
1692 366 1776 409 xm

98 451 100 453 ’
148 442 186 482 in
222 438 295 481 litt.
321 435 462 492 aplcis.
499 434 840 477 «inexhaustum
876 435 1226 491 indulgentiarum
1264 436 1500 479 thesaurum
1531 455 1547 476 »
1578 438 1605 490 ¹,
1635 436 1675 494 b)
1712 438 1780 480 im-

146 507 302 567 pertiri
331 511 508 565 possunt
541 505 730 563 (nenipez
778 504 899 548 buius
943 508 1112 548 canonis
1150 509 1185 548 xi
1223 507 1392 549 facultas
1430 508 1551 550 datur
1584 509 1633 550 ad
1670 508 1777 552 illam

150 579 479 623 benedictionem
532 589 699 632 prorsus
749 575 1000 631 necessaria)
1039 576 1069 617 l0
1104 575 1304 633 Epist-opi
1337 578 1376 633 c)
1413 578 1452 619 ιἰι
1488 593 1563 619 sem
1609 579 1782 636 quisque

147 648 341 697 dioecesi,
367 647 538 704 proinde
575 646 859 690 residentiales
893 651 1067 695 tantum,
1093 647 1136 702 d)
1161 647 1220 687 tm·
1256 648 1293 689 in
1330 663 1452 690 timeo.
1479 663 1555 691 nou
1583 654 1642 691 ter
1675 652 1776 692 sicut

149 718 385 765 continebat
419 718 730 775 tacultas‚quae
765 716 998 773 petentibus
1031 717 1204 773 singulis
1238 717 1449 774 Episcopis
1483 723 1617 762 statim
1653 724 1780 775 gratis

148 789 455 835 cencedebatur
492 788 723 831 secuudum
756 786 903 831 (ΣΙεῐη.Β
939 786 1025 830 ΧΙΙΙ
1062 790 1098 829 in
1136 788 1213 829 illis
1246 788 1409 831 Litteris
1452 790 1778 845 dispositionem,

150 865 231 905 imo
277 861 354 904 sub
402 861 666 904 distinctione
713 859 890 905 dierum,
926 858 965 915 e)
1002 857 1077 900 leot·
1119 864 1179 900 est
1223 858 1290 900 ilie
1333 859 1525 902 sollemni
1562 860 1779 903 Piis-eleatis

153 930 489 975 Resurrectiom‘s
523 928 756 986 praeelecto
794 942 815 971 a
852 931 939 971 iure
975 933 1113 985 utpote
1147 929 1255 985 quod
1294 931 1330 971 in
1367 945 1414 972 eo
1448 930 1681 973 celebratur
1714 933 1778 974 So-

149 1003 341 1046 lemnitas
363 1001 687 1053 solemnitatum,
711 1005 749 1043 et
776 999 915 1056 plures
951 999 1093 1042 tidelcs
1128 1002 1258 1055 magis
1281 1005 1371 1042 sunt
1398 1000 1597 1056 dispositi.
1623 1008 1660 1043 et
1695 1001 1779 1044 ulio

147 1072 217 1116 «lte
247 1072 355 1131 festo
389 1071 438 1115 ad
477 1070 636 1114 libitum
685 1073 1013 1128 uniuscuiusque
1047 1069 1340 1126 Episcopi,sed
1366 1070 1570 1116 sollemni.
1609 1077 1648 1114 ut
1685 1078 1780 1128 puto

149 1144 330 1195 illorum,
356 1145 393 1185 in
429 1141 579 1198 quibus
606 1142 859 1185 l‘ontit‘icalia
894 1147 1089 1184 exercent
1125 1143 1237 1184 iuxta
1257 1143 1440 1185 Coei-em.
1467 1142 1779 1198 Epist-operum.

147 1214 377 1259 secundum
412 1226 458 1257 ea
493 1225 600 1270 quae
643 1226 773 1256 canon
820 1213 921 1256 infra
965 1211 1192 1268 subiungit,
1227 1212 1275 1254 ‹it›
1311 1213 1413 1269 ipsi-s·
1456 1214 1630 1269 singulis
1673 1213 1780 1256 ‹tesi-

145 1284 316 1342 qmimlo
352 1286 535 1341 praevie,
561 1286 755 1341 quamvis
790 1285 912 1327 fuerit
946 1283 1140 1327 diversus
1174 1286 1210 1325 in
1246 1283 1429 1340 quolibet
1463 1298 1627 1340 quiique
1661 1298 1781 1339 anno,

149 1360 230 1400 imo
264 1355 433 1398 etiamsi
466 1353 590 1397 iidem
626 1354 816 1411 Episcopi
870 1357 1087 1397 missarum
1136 1354 1350 1397 sollemnia
1397 1357 1433 1397 in
1480 1355 1782 1410 pontificalibus

148 1439 227 1469 uon
261 1424 585 1478 celebraverint,
619 1425 691 1468 sed
736 1427 773 1467 in
819 1427 877 1467 eis
910 1423 1069 1467 Missae
1112 1424 1288 1467 solemni
1331 1424 1575 1467 adstiterint
1621 1430 1779 1466 tamtum

147 1496 342 1554 equidem
377 1497 415 1538 in
451 1494 622 1538 throno:
660 1495 712 1538 11Ο
746 1494 923 1538 Abbates
957 1502 1093 1538 aeetem
1132 1495 1193 1538 rel
1228 1494 1418 1538 Praeluti
1452 1496 1611 1539 millius
1640 1510 1782 1539 omnes

147 1568 198 1611 de
231 1566 383 1625 quibus
417 1566 602 1624 loquitur
634 1580 725 1610 can.
762 1567 860 1618 319,
893 1568 920 1625 g
960 1568 993 1617 1,
1025 1566 1177 1624 quibus
1210 1569 1334 1610 etiam
1371 1567 1603 1623 petentibus
1636 1581 1781 1611 conre-

147 1637 325 1682 debatur
357 1638 531 1682 facultas
565 1640 604 1680 in
640 1637 717 1681 boc
752 1651 909 1681 canone
943 1651 1134 1696 sequenS,
1170 1638 1398 1681 dununodo
1434 1640 1578 1681 mitrae
1612 1644 1648 1681 et
1685 1653 1781 1694 pon-

149 1708 361 1753 tificalium
399 1722 518 1752 usum
554 1707 755 1752 haberent
788 1711 902 1752 iuxta
925 1708 1071 1753 Clem.⁸
1092 1708 1185 1751 Xlll
1209 1708 1300 1751 Litt.
1326 1711 1406 1753 cit„
1427 1711 1495 1766 qui
1533 1722 1628 1752 usus
1662 1708 1781 1752 bodie

149 1779 229 1823 illis
262 1782 459 1836 competit
497 1782 533 1822 vi
569 1792 660 1823 can.
697 1779 803 1833 325;
839 1784 963 1838 atque
1003 1782 1091 1840 iure
1141 1782 1227 1836 ipso
1276 1779 1513 1823 facultatem
1547 1793 1676 1822 canon
1713 1794 1780 1823 ex-

147 1851 279 1895 tendit
313 1851 362 1894 ad
398 1864 484 1904 eos,
519 1853 587 1904 qui
638 1850 801 1894 silentio
851 1853 1060 1907 praeteriti
1111 1852 1271 1894 fuerant
1305 1853 1344 1893 in
1381 1852 1573 1907 praelatis
1607 1850 1782 1904 Litteris,

149 1935 322 1978 nempe:
357 1921 429 1964 111Ο
476 1920 633 1964 Viearii
667 1927 706 1964 et
748 1921 959 1979 Praefecti
991 1921 1240 1980 Apostoliri,
1273 1921 1352 1964 etsi
1384 1921 1424 1964 hi
1459 1934 1505 1965 ac
1541 1921 1595 1964 illi
1631 1922 1783 1979 episeo-

143 1992 238 2050 pali
261 1991 474 2050 diqnitate
496 1998 684 2044 careant,
707 1992 753 2036 id
771 1999 963 2050 possunt,
985 1993 1166 2037 scilicet:
1196 2010 1217 2034 «
1243 1992 1572 2036 benedictionem
1596 1993 1781 2049 papalem

146 2076 242 2107 cum
278 2063 535 2120 indulgentia
584 2063 784 2120 plenaria,
818 2064 1047 2108 secundum
1100 2066 1395 2120 praescriptam
1441 2064 1675 2117 tormulam,
1710 2067 1784 2106 im-

149 2136 290 2190 pertiri
317 2150 356 2188 »,
391 2146 497 2191 quae
545 2134 721 2178 formula
770 2140 888 2178 antea
938 2135 1147 2178 declarata
1183 2147 1261 2177 non
1297 2136 1505 2177 immerito
1541 2134 1783 2191 intelligitur

145 2217 235 2248 esse
271 2207 309 2247 vi
345 2207 515 2248 canonis
549 2208 963 2262 praescriptaetiam
994 2204 1166 2249 Vicariis
1198 2218 1245 2249 ac
1282 2205 1503 2248 Praefectis
1522 2205 1782 2261 Apostolicis,

146 2288 242 2319 cum
276 2276 404 2319 altera
440 2276 491 2320 de
525 2289 605 2334 qua
642 2279 680 2320 in
715 2279 904 2335 sequenti
929 2290 1086 2320 canone
1121 2279 1230 2333 ipsos
1264 2289 1342 2319 non
1379 2278 1587 2332 respiciat,
1611 2280 1647 2318 et
1671 2276 1783 2319 clau-

145 2346 233 2390 sula
271 2349 433 2390 unicam
467 2347 688 2391 formulam
724 2350 880 2392 innuat.
915 2347 1182 2391 Conditiones
1208 2352 1347 2390 autem
1370 2347 1420 2390 ad
1448 2347 1555 2390 illius
1578 2347 1782 2390 facultatis

150 2416 332 2460 validum
367 2419 615 2461 exercitium
649 2423 743 2462 sunt
781 2418 830 2462 ab
864 2418 927 2461 his
961 2418 1158 2461 Praelatis
1191 2418 1327 2475 quoad
1368 2417 1503 2461 locum
1539 2430 1585 2461 ac
1621 2423 1782 2474 tempus

145 2488 392 2543 servandae,
428 2501 599 2545 nempe:
635 2489 676 2545 a)
712 2489 755 2531 in
790 2488 879 2532 suis
914 2488 1162 2536 territoriis,
1187 2491 1382 2546 quamvis
1415 2493 1530 2532 extra
1564 2488 1779 2532 ecclesiam

146 2557 422 2614 Abbatialem‚
457 2562 712 2616 primariam,
748 2565 826 2604 etc.
862 2559 901 2614 b)
938 2573 1018 2603 uno
1053 2565 1213 2602 tantum
1250 2573 1300 2602 αϊ
1332 2558 1672 2602 sottemm'oritms
1707 2573 1784 2616 per

144 2643 303 2672 aviilum
336 2628 480 2672 (liebus
514 2643 586 2687 pro
622 2630 736 2674 libito
784 2631 1044 2687 singulorum
1096 2629 1289 2673 facultate
1333 2629 1409 2673 bac
1456 2632 1671 2681 utentium,
1708 2643 1781 2673 nec

146 2699 299 2744 dicitur
331 2701 478 2744 eodem
513 2701 579 2744 die
612 2701 786 2758 singulis
820 2703 950 2754 annis,
983 2701 1053 2744 sed
1095 2706 1206 2744 certe
1239 2714 1288 2744 ex
1325 2700 1472 2743 diebus
1516 2703 1626 2743 lestis
1674 2714 1780 2743 nunc

264 2853 276 2875 ¹
302 2852 437 2888 Tertio
462 2853 562 2887 Non.
595 2853 701 2913 Sept.
731 2854 833 2890 1762.
