1971 3261
205 172 249 206 34
604 165 686 198 Lm.
714 165 782 198 HI.
811 185 821 188 -
849 164 959 197 PARS
985 162 1015 196 I.
1044 182 1055 186 -
1083 162 1140 196 De
1165 162 1431 196 Sacramentis
1640 161 1733 197 Can.
1763 164 1834 200 745

204 286 428 332 secundum
464 283 806 327 circumstantias
844 279 905 322 vel
943 279 1127 334 proprias
1163 278 1225 320 vel
1247 282 1477 334 parentum,
1503 281 1541 321 in
1566 279 1716 336 quibus
1737 295 1829 325 ver—

203 363 327 401 satur.
354 355 462 399 Haec
494 355 629 397 omnia
663 351 849 401 ordinate
881 349 1209 401 considerantur,
1233 350 1328 405 quia
1362 360 1451 393 can.
1476 349 1560 392 745
1593 350 1827 395 subiectum

204 440 331 484 capax
369 426 557 481 baptismi
600 424 899 476 cuiuscumque
938 418 1130 471 ostendit,
1163 430 1211 461 ac
1245 419 1461 461 infantium
1507 424 1545 462 et
1588 421 1826 465 adultorum

208 498 342 542 verbis
373 496 713 552 significationem
750 493 942 546 assignat.
978 488 1035 532 De
1069 488 1147 532 illis
1184 493 1311 545 agunt
1343 502 1434 534 can.
1468 490 1674 537 746-751,
1713 493 1824 536 vide-

205 570 318 612 licet:
355 571 473 623 prout
508 564 686 607 nondum
723 562 840 618 plene
874 562 978 603 natis
1003 560 1101 615 746,
1126 559 1177 603 de
1200 560 1350 604 fetibus
1381 560 1583 604 abortivis
1615 575 1704 608 can.
1726 564 1827 619 747,

203 642 233 682 si
258 641 336 681 sint
371 640 550 679 monstra
577 634 636 675 vel
663 637 834 683 ostenta,
852 631 950 688 quid
976 631 1208 675 laciendum
1244 632 1390 675 edocet
1422 644 1512 677 can.
1537 632 1634 685 748,
1660 634 1829 690 quando

202 715 238 752 et
262 706 468 766 quomodo
493 703 722 759 baptizandi
747 703 921 757 expositi
946 706 985 745 et
1009 703 1165 745 inventi
1190 702 1386 745 delinitur
1411 704 1449 745 in
1475 715 1564 747 can.
1586 703 1685 755 749,
1705 716 1752 747 ac
1774 705 1828 748 de

203 777 421 822 infantibus
444 774 670 819 infidelium
697 778 735 816 et
757 772 1083 816 acatholicorum
1107 773 1318 817 adduntur
1353 776 1574 830 respectivi
1610 787 1699 818 can.
1726 775 1827 830 750,

202 851 298 893 751.
323 848 380 891 De
403 846 635 891 adultorum
662 842 999 900 dispositionibus
1023 849 1169 887 tractat
1191 849 1231 887 et
1255 844 1399 888 borum
1431 847 1586 888 motivo
1618 848 1825 892 servanda

201 920 378 976 explicat
410 930 498 961 can.
519 917 616 965 752.
640 928 742 972 quos
775 913 938 958 adultos
961 927 1008 957 ac
1033 917 1266 958 ministrum
1293 910 1484 971 baptismi
1510 919 1675 973 respicit
1700 920 1823 962 etiam

201 1004 289 1034 can.
323 990 421 1043 753,
453 1001 500 1031 ac
533 988 699 1031 demum
735 986 785 1029 de
820 985 912 1039 illis,
945 987 1014 1042 qui
1057 999 1152 1028 usus
1196 987 1365 1029 rationis
1407 986 1610 1030 defectum
1657 994 1827 1045 propter

203 1063 478 1104 infirmitatem
516 1060 738 1115 patiuntur,
771 1056 972 1099 sollicitus
1004 1061 1065 1099 est
1099 1056 1267 1100 ultimus
1298 1069 1388 1111 can⁴
1423 1057 1521 1099 754.

319 1131 419 1174 Can.
455 1132 560 1173 745.
583 1129 611 1187 ἓ
644 1130 681 1171 1.
707 1127 942 1172 Subiectum
975 1141 1112 1185 capam
1143 1127 1341 1184 baptismi
1373 1127 1470 1171 illud
1510 1133 1694 1180 vocatur,
1714 1130 1823 1187 quod

203 1208 332 1260 potest
366 1201 600 1258 recipiendo
634 1199 897 1256 baptismum,
924 1200 1129 1255 particeps
1153 1199 1241 1242 lieri
1267 1199 1486 1246 effectuum
1511 1202 1613 1255 eius,
1637 1203 1705 1257 qui
1730 1205 1826 1244 sunt

202 1279 361 1330 practer
394 1272 675 1316 characterem
715 1286 734 1310 «
762 1271 948 1313 remissio
980 1268 1127 1325 culpae
1161 1269 1374 1325 originalis
1407 1275 1447 1313 et
1479 1271 1667 1325 actualis,
1692 1273 1828 1314 omnis

199 1358 363 1402 quoque
398 1356 565 1400 poenae,
599 1354 705 1399 quae
740 1353 811 1395 pro
845 1343 929 1396 ipsa
964 1339 1084 1396 culpa
1119 1339 1307 1384 debetur.
1344 1340 1566 1397 Propterea
1613 1341 1827 1398 baptizatis

202 1415 309 1459 nulla
344 1428 415 1471 pro
449 1415 626 1470 peccatis
670 1413 903 1468 praeteritis
946 1411 1197 1467 iniungenda
1232 1416 1293 1454 est
1324 1412 1578 1455 satisfactio:
1622 1413 1691 1456 sed
1738 1427 1822 1457 mo-

202 1489 363 1540 rientes,
396 1490 615 1542 antequam
660 1482 824 1539 culpam
869 1481 1048 1539 aliquam
1083 1483 1358 1533 committant,
1389 1484 1526 1526 statim
1560 1484 1610 1527 ad
1648 1497 1822 1540 regnum

200 1557 406 1601 coelorum
442 1560 480 1599 et
513 1554 585 1598 Dei
623 1556 820 1597 visionem
858 1554 1107 1610 perveniunt
1129 1551 1416 1610 ».(Eugenius
1450 1552 1514 1595 lv.
1550 1552 1646 1598 Dec.
1671 1554 1721 1598 ad
1745 1554 1824 1597 Ar-

202 1626 373 1683 menos).
410 1652 460 1657 -—
493 1624 593 1670 Cum
633 1638 729 1667 vero
762 1623 885 1668 Conc.
920 1622 1030 1667 Trid.
1064 1623 1302 1667 definiverit
1326 1623 1364 1664 ¹:
1403 1624 1484 1667 «Si
1520 1626 1612 1679 quis
1655 1624 1823 1681 dixerit⁷

202 1699 446 1755 baptismum
474 1696 646 1740 liberum
672 1708 775 1749 esse,
795 1694 872 1738 hoc
890 1699 1046 1738 estnon
1072 1696 1351 1738 necessarium
1371 1694 1421 1738 ad
1441 1694 1631 1749 salutem,
1651 1695 1698 1738 A.
1718 1696 1757 1740 S.
1781 1711 1824 1751 J),

206 1786 224 1810 ε(
247 1768 477 1813 subiectum
502 1783 521 1808 ³>
552 1767 647 1809 illud
674 1771 733 1809 est
757 1765 891 1808 omnis
914 1767 1036 1809 etiam
1073 1765 1287 1822 parvulus,
1309 1767 1415 1808 sicut
1447 1767 1584 1822 arguit
1608 1765 1745 1810 lnnoc.
1770 1763 1827 1809 ltl‘

202 1843 238 1883 in
263 1854 297 1883 c.
323 1840 359 1885 3.
385 1839 442 1883 De
467 1838 668 1894 baptismo
693 1840 730 1880 in
756 1836 916 1881 Decret.
937 1835 967 1891 ²,
992 1835 1059 1880 ubi
1094 1838 1199 1879 inter
1233 1835 1371 1892 plures
1404 1838 1666 1893 quaestiones
1698 1837 1822 1879 solvit

202 1914 332 1967 primo
367 1910 475 1954 illam
500 1910 551 1953 de
576 1911 778 1965 baptismo
812 1907 1082 1965 parvulorum
1114 1907 1315 1950 adversus
1339 1906 1569 1951 haereticos
1591 1912 1825 1951 asserentes

202 1981 384 2038 parvulis
421 1981 618 2024 inutiliter
652 1980 859 2036 Baptisma
902 1979 1094 2023 conferri.
1135 1977 1240 2021 «Ad
1285 1978 1324 2021 id
1369 1978 1668 2034 respondemus
1710 1978 1821 2036 quod

204 2053 403 2109 Baptisma
438 2053 742 2095 circumcisioni
766 2051 1006 2095 successit...
1032 2048 1131 2093 Cum
1157 2062 1255 2105 ergo
1278 2051 1541 2092 circumcisio
1565 2053 1645 2092 tam
1671 2049 1826 2092 adultis

200 2137 321 2182 quam
359 2123 542 2180 parvulis
574 2137 622 2166 ex
661 2127 878 2179 praecepto
901 2120 1064 2164 Domini
1098 2121 1377 2164 conferretur:
1412 2133 1462 2163 ne
1488 2120 1718 2176 baptismus
1750 2123 1820 2177 qui

200 2195 397 2237 successit
430 2192 518 2236 loco
553 2194 691 2249 ipsius,
715 2197 754 2234 ct
777 2190 1011 2248 generalior
1035 2194 1169 2234 tamen
1194 2191 1344 2244 existit,
1365 2203 1457 2233 cum
1485 2194 1567 2233 tam
1595 2191 1669 2232 viri
1695 2202 1821 2246 quam

202 2266 375 2306 leminae
418 2262 686 2319 baptizentur,
723 2264 894 2304 minoris
939 2261 1128 2304 videatur
1167 2261 1352 2314 effectus,
1386 2265 1467 2303 tam
1507 2259 1658 2303 adultis
1696 2272 1820 2316 quam

203 2334 385 2390 parvulis
417 2339 477 2377 est
509 2334 796 2377 conserendus.
821 2333 935 2376 Sicut
967 2334 1075 2376 enim
1110 2333 1197 2375 siue
1230 2331 1495 2374 distinctione
1527 2330 1711 2388 qualibet
1743 2329 1825 2373 Mo·

201 2407 308 2448 saica
345 2405 404 2447 lex
441 2403 668 2448 clamabat:
703 2404 900 2447 “Anima
938 2405 1056 2447 cuius
1094 2404 1296 2458 praeputii
1331 2414 1426 2445 caro
1460 2403 1706 2445 circumcisa
1740 2413 1820 2444 non

203 2477 336 2526 fuerit,
374 2475 520 2531 peribit
564 2475 615 2518 de
659 2474 810 2531 populo
853 2487 976 2528 suo„
1011 2475 1064 2516 ita
1108 2485 1217 2516 nunc
1260 2472 1496 2515 indistincte
1542 2485 1619 2515 vox
1667 2474 1822 2514 intonat

204 2546 473 2601 Evangelica:
509 2551 531 2567 ·‘
557 2545 639 2588 Nisi
674 2547 765 2601 quis
809 2549 974 2588 renatus
1011 2545 1133 2587 suerit
1164 2556 1213 2586 ex
1247 2554 1354 2599 aqua
1396 2547 1436 2585 et
1472 2542 1624 2598 Spiritu
1658 2542 1824 2595 Sancto,

204 2630 279 2659 non
316 2616 481 2659 intrabit
515 2618 551 2658 in
588 2629 759 2672 regnum
788 2616 856 2658 Dei
882 2633 929 2670 „2
965 2614 1016 2659 ab
1048 2614 1124 2658 hac
1156 2613 1425 2670 generalitate
1460 2626 1535 2656 nec
1566 2626 1710 2656 sexum
1747 2625 1822 2656 nec

202 2691 375 2729 aetatem
410 2686 635 2729 excludens
659 2702 696 2726 ».
724 2686 767 2729 Et
795 2699 1048 2744 prosequens
1070 2688 1360 2741 argumentum
1387 2683 1621 2727 concludit:
1662 2699 1681 2723 <r
1706 2682 1822 2726 Absit

202 2759 325 2806 enim,
351 2761 389 2798 ut
426 2758 605 2799 universi
642 2756 801 2812 parvuli
839 2761 1021 2812 pereant,
1045 2767 1220 2812 quorum
1255 2754 1439 2811 quotidie
1467 2757 1578 2797 tanta
1603 2753 1825 2796 multitudo

321 2909 328 2928 ¹
359 2906 459 2940 Sess.
489 2907 571 2940 VII.
606 2907 661 2940 De
688 2908 892 2951 baptismo.
923 2919 1005 2942 can.
1031 2908 1065 2941 2.
1096 2928 1137 2932 ——
1164 2907 1179 2929 2
1204 2906 1277 2947 ΙΙΙ,
1305 2906 1363 2939 42.
