1971 3261
92 173 186 211 Can.
213 174 303 210 1081
615 175 700 210 Tm
730 176 816 210 VII.
844 197 856 202 -
884 177 941 213 De
972 179 1231 213 Alabim-onio
1653 182 1722 215 539

92 295 381 350 exceptionem
415 293 591 349 admitti,
626 308 674 337 eo
707 296 816 352 quod
852 299 989 340 omnia
1024 296 1076 340 ibi
1113 311 1309 354 expressa
1345 312 1422 341 non
1457 304 1551 342 sunt
1586 313 1726 343 neces-

91 365 212 419 saria,
252 363 313 406 vel
349 363 459 407 aliud
497 369 711 421 praeterea
746 369 950 423 exigetur.

212 434 396 478 Prudens
428 448 528 492 ergo
564 435 775 492 legislator
811 437 1003 481 brevitati
1038 439 1259 483 consulens
1291 453 1338 484 ae
1375 440 1595 484 verborum
1633 455 1722 496 pro-

91 507 269 561 prietati,
304 510 499 549 accurate
536 508 749 562 proferens
787 511 1019 560 veritatem,
1059 510 1245 554 distinxit
1284 524 1510 555 consensus
1545 515 1722 555 necessi-

92 580 215 619 tatem
249 575 302 620 ab
335 575 444 619 illius
476 576 638 621 obiecto
671 592 743 622 seu
783 584 934 622 natura
983 580 1059 624 sub
1104 580 1162 639 ἐξ
1194 581 1357 625 duobus
1392 584 1429 624 in
1463 597 1554 626 eun.
1591 584 1724 627 1081.

89 646 118 704 ξ
150 649 186 689 1.
222 645 541 691 Matrimom'mn
579 651 616 691 in
651 662 754 702 esse,
790 649 866 694 hoc
900 656 960 694 est
1012 652 1223 695 vinculum
1258 653 1491 709 coniugale,
1523 653 1630 710 litei!
1663 667 1723 696 se-

90 729 221 774 quens
268 722 506 762 contractus
556 721 893 764 matrimonialis:
940 722 1145 779 partium,
1183 736 1290 780 quae
1337 724 1388 767 ob
1428 726 1723 767 «matrimonii

91 788 214 831 linem
241 790 484 844 primarium
511 803 559 833 ac
582 791 823 835 essentiales
847 795 1121 848 proprietates
1145 809 1164 833 »
1200 795 1308 850 (can.
1338 794 1469 850 1013)
1502 799 1597 838 sunt
1621 808 1726 837 unus

92 861 157 901 vir
190 861 310 903 unica
347 863 509 915 mulier,
545 875 771 904 consensus
804 864 842 905 in
877 863 920 913 ἕο
946 863 988 905 2⁰
1022 863 1365 907 determinandus
1396 878 1466 921 per
1500 864 1724 918 obiectum,

88 933 127 971 et
161 931 257 987 quia
291 930 492 986 singulari
531 931 656 975 verbo
690 935 943 981 enuntiatus.
978 934 1086 977 idem
1122 936 1159 977 in
1196 934 1382 990 partibus
1415 935 1538 978 debet
1571 934 1725 978 habere

90 999 215 1045 illud:
252 1014 325 1045 nec
362 1005 588 1059 requiritur
622 1003 835 1047 translatio
861 1005 1046 1047 mulieris
1069 1005 1119 1048 ad
1148 1007 1224 1047 viri
1249 1006 1434 1060 domum,
1459 1006 1723 1061 cohabitatio,

93 1071 154 1115 vel
207 1075 457 1116 matrimonii
510 1088 619 1128 usus,
656 1075 779 1132 idque
829 1076 1101 1119 confirmatur
1150 1090 1199 1119 ex
1250 1090 1338 1133 cap.
1377 1078 1400 1119 5
1440 1077 1536 1120 «de
1574 1090 1723 1133 sponsa

88 1142 313 1186 duorum»
350 1142 433 1197 (lV,
468 1144 511 1201 4)
550 1161 571 1186 «
594 1144 701 1189 Tuas
724 1146 928 1190 dudum...
965 1146 1122 1202 (lnnoe.
1148 1147 1197 1190 lll
1233 1147 1436 1204 Episcopo
1471 1147 1721 1205 Mutinensi).

92 1211 148 1256 De
180 1215 482 1258 consuetudine
516 1229 622 1273 quae
655 1217 726 1260 diu
762 1219 799 1259 in
835 1216 1032 1261 Mutinen.
1067 1219 1246 1262 obtinuit
1282 1221 1496 1263 civitate...
1531 1218 1589 1262 Ne
1627 1232 1724 1262 vero

89 1286 221 1340 turpis
252 1287 301 1328 sit
337 1300 446 1341 pars,
469 1299 576 1344 quae
599 1301 673 1330 sno
698 1301 776 1331 non
802 1291 995 1345 congruit
1020 1291 1229 1343 universo,
1255 1294 1294 1332 et
1317 1289 1500 1333 Ecclesia
1527 1289 1723 1332 Mutinen.

89 1358 229 1397 tenere
262 1354 411 1398 debeat
446 1356 660 1400 humiliter
692 1362 732 1401 et
764 1370 949 1413 servare,
983 1359 1092 1416 quod
1140 1359 1180 1402 B.
1219 1359 1323 1403 Petri
1358 1360 1499 1403 sedem
1535 1365 1573 1403 et
1606 1373 1721 1403 suam

92 1426 348 1482 Metropolim
383 1429 500 1484 sequi
539 1428 704 1482 viderit,
738 1433 777 1472 et
810 1429 986 1473 docere:
1023 1430 1063 1473 ln
1089 1433 1364 1473 matrimoniis
1391 1431 1442 1474 de
1465 1435 1604 1474 cetero
1627 1443 1722 1474 con·

88 1495 301 1540 trahendis
336 1496 435 1541 illud
472 1502 509 1541 te
546 1499 738 1542 volumus
770 1500 1010 1556 observare,
1044 1505 1086 1544 ut
1120 1506 1337 1558 postquam
1379 1504 1485 1544 inter
1520 1501 1724 1557 legitimas

88 1579 285 1622 personas
317 1581 543 1613 consensus
577 1569 788 1626 legitimus
822 1573 1095 1614 intervenerit
1127 1571 1179 1615 de
1214 1574 1434 1628 praesenti,
1470 1571 1542 1629 qui
1573 1570 1722 1629 suffici!

86 1635 131 1679 in
167 1637 321 1681 talibus
355 1638 477 1682 izeoela
510 1641 736 1684 canonicas
768 1642 1033 1685 sanetiones:
1080 1647 1120 1686 et
1151 1645 1184 1686 si
1217 1643 1330 1686 solus
1362 1643 1554 1698 defuerit,
1586 1647 1722 1686 cetera

86 1709 211 1751 etiam
244 1721 339 1752 cum
374 1711 466 1766 ipsu
499 1713 610 1754 coitu
659 1711 869 1756 celebrata
918 1713 1192 1756 frustrantur:
1238 1715 1271 1756 si
1306 1725 1507 1770 personae
1541 1713 1723 1769 legitime

87 1780 253 1823 iunctae
285 1793 379 1823 cum
414 1780 506 1824 aliis
541 1787 679 1838 postea
714 1783 765 1826 de
799 1784 906 1827 facto
950 1783 1209 1837 contrahant,
1245 1784 1354 1842 quod
1406 1787 1520 1840 prius
1551 1784 1603 1827 de
1635 1786 1723 1827 iure

87 1850 241 1893 tactum
277 1851 423 1904 fuerat,
459 1865 538 1896 non
575 1856 725 1910 poterit
759 1856 913 1898 irritari
938 1871 976 1899 >).
1010 1881 1068 1885 —
1100 1856 1334 1899 Consensus
1382 1858 1421 1898 in
1460 1868 1615 1912 genere
1646 1854 1722 1898 sub

87 1921 355 1977 inscriptione
389 1922 585 1967 delinitus
606 1924 837 1968 secundum
863 1924 1096 1980 Eugenium
1125 1925 1173 1968 lV
1197 1926 1319 1970 debet
1343 1940 1432 1970 esse
1470 1942 1492 1967 «
1510 1931 1679 1970 mutuus
1697 1943 1718 1967 »

84 1990 278 2041 duorum,
315 2005 463 2050 nempe
496 2007 591 2037 cum
627 2000 817 2052 respectu
841 1996 892 2039 ad
927 1996 1190 2051 alterutrum,
1215 2002 1338 2054 atque
1374 1998 1552 2054 idipsum
1587 1999 1624 2040 in
1659 2009 1723 2040 ca-

86 2074 193 2105 none
226 2067 284 2106 est
309 2076 569 2120 expressum,
592 2066 759 2122 quando
788 2066 925 2110 verbis
963 2083 984 2107 «
1010 2070 1187 2124 partium
1223 2082 1449 2112 consensus
1472 2084 1491 2108 »
1530 2068 1721 2112 additur:

85 2131 198 2175 inter
225 2146 433 2191 personas
466 2135 647 2180 scilicet:
687 2136 854 2180 easdem
889 2142 1027 2194 partes
1064 2154 1083 2178 ((
1110 2138 1270 2181 iuribus
1302 2143 1341 2182 ct
1375 2138 1522 2182 ofliciis
1544 2154 1565 2178 »
1606 2151 1722 2195 prae-

83 2202 192 2246 ditas
229 2220 250 2244 α
273 2206 310 2247 in
347 2204 530 2249 Ecclesia
564 2204 758 2250 Christi»
796 2209 903 2261 (can.
935 2208 1006 2265 87)
1044 2208 1105 2252 vel
1129 2212 1328 2252 societate
1360 2209 1497 2262 civili3
1532 2209 1602 2253 sed
1629 2209 1722 2251 iure

87 2278 173 2317 tum
206 2274 349 2318 divino
385 2281 469 2319 tum
504 2280 705 2321 canonico
743 2278 804 2321 vel
829 2279 958 2336 civili,
982 2292 1063 2337 quo
1088 2285 1300 2336 regantur,
1322 2280 1372 2323 ad
1410 2282 1719 2343 matrimonium

83 2345 194 2402 quod
229 2348 373 2390 attinet
407 2349 709 2404 perficiendum
757 2348 917 2392 stabiles
964 2350 1141 2394 scilicet:
1176 2363 1196 2393 a
1232 2364 1498 2408 quocumque
1547 2351 1720 2408 impedi-

86 2421 225 2459 mento
259 2417 482 2462 dirimente
514 2419 682 2475 liberas,
715 2420 903 2479 leqitime
926 2422 1227 2478 mmn'seslalus
1252 2422 1342 2466 loco
1365 2422 1576 2466 clausulae
1610 2421 1720 2465 Dec¹.

83 2485 165 2529 ew.
206 2500 319 2543 «per
356 2489 481 2533 verba
515 2490 567 2534 de
604 2494 807 2547 praesenti
842 2505 1128 2548 expressus»,
1163 2505 1255 2535 nam
1291 2494 1504 2549 expressio
1527 2506 1600 2536 seu
1636 2505 1718 2536 ma-

86 2559 293 2601 nifestatio
328 2558 442 2603 illum
475 2561 681 2605 actualem
715 2576 962 2606 consensum
1009 2568 1198 2607 mutuum
1247 2564 1503 2608 sufficienter
1537 2563 1722 2620 pandens

87 2634 147 2671 est
182 2633 417 2674 necessaria
450 2635 633 2688 omnino,
659 2638 699 2676 ut
727 2647 825 2677 xero
860 2647 933 2690 per
959 2633 1084 2678 verba
1110 2636 1180 2678 liat
1205 2634 1268 2678 vel
1301 2638 1443 2692 signis,
1470 2649 1545 2692 per
1565 2637 1722 2691 seipsos

84 2703 155 2741 aut
190 2712 262 2755 per
296 2706 624 2757 proeiuatorem,
658 2705 740 2747 imo
774 2706 897 2747 etiam
934 2718 1006 2760 per
1030 2707 1297 2762 interpretem
1322 2711 1393 2750 aut
1424 2706 1516 2750 aliis
1546 2707 1623 2751 sub
1646 2709 1719 2749 cir-

85 2773 346 2813 cumstantiis
378 2771 428 2814 ad
464 2773 639 2817 formam
676 2775 989 2832 pertinentibus,
1016 2789 1090 2832 per
1120 2776 1233 2834 leges
1256 2776 1458 2821 humanas
1490 2783 1720 2835 opportune

86 2840 162 2883 fuit
195 2840 571 2888 determinandum.
