1971 3261
171 102 241 136 340
572 102 656 136 [ΑΒ.
682 101 754 136 111.
781 121 794 127 —
823 102 926 136 PARs
950 102 982 137 I.
1010 121 1026 128 ·
1049 102 1106 137 De
1131 102 1396 137 Sam-amentis
1605 102 1698 138 Gan.
1723 102 1793 137 938

885 288 1029 326 CAPUT
1056 290 1080 325 l.

619 374 674 408 De
700 373 882 408 ministro
908 373 1106 408 extremae
1132 373 1339 408 unctionis.

216 491 299 528 CAN.
326 489 407 527 938.
439 513 455 517 -
483 495 503 533 ἓ
533 491 563 526 l.
593 490 664 527 Hoc
687 495 947 526 sacramentum
1019 491 1175 527 eiusdem
1192 491 1327 537 parochi
1345 491 1398 526 vel
1413 489 1592 527 Ordinarii
1611 489 1794 531 loci‚alius

170 540 281 575 valide
306 539 531 575 administrat
557 539 672 574 omnis
709 543 742 574 et
779 538 872 573 solus
898 549 946 573 sa·
1021 538 1168 585 quilibet
1195 539 1353 574 sacerdos
1371 539 1435 574 boc
1452 541 1712 573 sacramentum
1729 537 1794 571 mi-

170 587 300 622 cerdos
979 595 981 597 ’
1022 586 1172 621 nistrare
1199 590 1319 631 potest.

216 638 235 676 ς
253 633 287 668 2.
308 632 411 669 Salvo
431 632 642 679 praescripto
660 643 737 668 can.
757 631 839 673 397,
857 644 892 667 n.
911 631 942 669 3.
1068 632 1154 669 CAN.
1183 631 1262 667 939.
1289 652 1310 659 -
1349 632 1507 667 Minister
1530 630 1729 667 ordinarius
1753 641 1793 666 ex

170 680 251 722 514,
284 685 326 723 ξς
357 681 421 721 1-3,
463 681 623 715 minister
661 680 860 715 ordinarius
897 684 947 715 est
1021 680 1154 715 iustitia
1180 684 1318 716 tenetur
1350 680 1413 714 boc
1450 683 1707 714 sacramentum
1734 688 1795 723 per

169 728 340 774 parochus
369 728 446 771 loci,
475 728 511 762 in
538 738 606 774 quo
632 727 724 772 degit
763 727 944 767 infirmus;
1020 738 1056 763 se
1082 728 1155 773 ipse
1181 727 1233 763 vel
1262 738 1320 773 per
1345 727 1455 762 alium
1481 726 1742 765 administrare.
1761 729 1793 760 et

169 776 205 810 in
232 787 314 811 casu
340 780 456 811 autem
485 775 713 816 necessitatis,
741 774 792 810 vel
832 774 874 810 de
911 774 949 808 li·
1021 775 1057 809 in
1083 786 1164 809 casu
1193 774 1409 810 necessitatis
1426 785 1465 809 ex
1481 773 1623 808 caritate
1648 772 1794 818 quilibet

169 823 282 858 centia
309 822 432 858 saltem
451 822 705 858 rationabiliter
724 826 948 868 praesumpta
1021 822 1192 857 sacerdos.

288 930 385 974 280.
420 933 677 988 Inscriptio
711 933 888 988 capitis
921 935 970 978 et
1002 945 1219 978 canones
1251 933 1343 976 sub
1377 944 1437 976 eo
1476 930 1703 975 contenti.
1739 952 1791 957 —-

172 1000 306 1059 Caput
340 1000 364 1044 I
392 1001 631 1045 inscribitur
671 1000 731 1044 De
767 1002 963 1045 ministro
1011 1007 1223 1044 eoetremae
1270 999 1494 1050 unctionis,
1526 1004 1611 1042 tum
1660 998 1792 1042 valide

166 1072 443 1116 conferendae
478 1077 563 1115 tum
599 1072 708 1116 licite
743 1075 850 1116 inter
884 1073 974 1116 illos
1008 1077 1174 1129 propter
1207 1073 1308 1115 iuris
1339 1071 1657 1124 ordinationem,
1686 1081 1793 1125 quae

167 1147 260 1186 nota
294 1143 397 1185 liunt
430 1145 468 1185 in
503 1156 593 1187 can.
630 1144 726 1190 938,
763 1148 802 1186 et
836 1143 941 1186 alius
973 1156 1062 1187 can.
1099 1143 1181 1185 939
1216 1143 1336 1186 docet
1379 1144 1548 1199 quinam
1586 1142 1792 1183 ministro—

168 1227 257 1256 rum
293 1213 545 1270 obligatione
579 1219 799 1257 teueantur
832 1213 930 1257 illud
965 1217 1270 1257 sacramentum
1305 1212 1556 1256 conferendi.

285 1285 385 1328 ¹281.
422 1287 649 1335 Minister
672 1287 870 1331 validae
901 1299 960 1331 ac
992 1287 1156 1331 licitae
1178 1288 1432 1330 extremae
1458 1285 1715 1329 unctionis.
1739 1308 1791 1313 —-

168 1353 291 1399 Conc.
327 1355 437 1398 Trid.
473 1355 568 1412 (loc.
595 1358 661 1397 cit.
687 1368 777 1399 can.
803 1355 846 1412 4)
870 1355 1083 1399 delinivit:
1111 1371 1133 1396 «
1155 1356 1194 1398 Si
1221 1356 1313 1411 quis
1340 1354 1506 1407 dixerit,
1530 1352 1794 1410 presbyteros

168 1424 392 1481 Ecclesiae,
428 1439 531 1483 quos
565 1425 709 1469 beatus
741 1425 913 1469 lacobus
945 1425 1216 1469 adducendos
1249 1438 1336 1470 esse
1359 1425 1409 1468 ad
1436 1426 1645 1467 infirmum
1682 1426 1794 1466 inun—

167 1496 348 1552 gendum
384 1497 585 1551 hortatur,
620 1510 698 1539 non
732 1510 821 1540 esse
853 1497 1090 1540 sacerdotes
1132 1495 1183 1539 ab
1227 1495 1430 1552 Episcopo
1463 1495 1685 1547 ordinatos
1719 1495 1790 1538 sed

168 1572 300 1610 aetate
324 1570 507 1611 seniores
531 1570 569 1610 in
595 1570 743 1625 quavis
766 1570 1086 1621 communitate,
1121 1567 1173 1610 ob
1197 1567 1322 1624 idque
1346 1568 1556 1623 proprium
1582 1571 1792 1609 extremae

168 1640 373 1680 unctionis
407 1640 638 1680 ministrum
684 1651 763 1680 non
808 1651 896 1681 esse
939 1637 1070 1680 solum
1115 1637 1388 1692 sacerdotem,
1427 1636 1645 1680 anathema
1678 1638 1790 1679 sit».

166 1707 348 1764 ldipsum
382 1711 569 1752 enuntiat
604 1711 641 1751 in
676 1723 767 1751 ean.
800 1710 907 1755 938,
941 1709 969 1766 ξ
1007 1709 1044 1754 1.
1076 1707 1162 1751 Hoc
1193 1713 1504 1750 sacramentum
1527 1720 1577 1750 ex
1601 1706 1706 1749 tituli
1732 1708 1791 1748 in-

164 1781 388 1836 scriptione
421 1784 544 1837 atque
577 1792 668 1823 can,
703 1779 785 1822 937
823 1785 962 1822 notum
1000 1777 1137 1822 aalide
1168 1777 1445 1821 administrat
1467 1778 1602 1821 omnis
1628 1781 1793 1833 propter

167 1849 430 1893 indelebilem
455 1850 739 1894 characterem
765 1850 922 1893 ordinis
954 1855 993 1892 e!
1025 1850 1139 1893 solus
1172 1848 1380 1897 sacerdos,
1402 1862 1479 1892 non
1504 1849 1702 1892 diaconus
1728 1848 1790 1891 vel

165 1922 335 1964 inferior
368 1922 557 1976 clericus,
593 1922 679 1975 sed,
715 1926 757 1964 ut
790 1922 911 1965 docet
932 1920 1058 1965 Conc.
1082 1920 1193 1964 Trid.
1217 1920 1428 1976 explicans
1461 1919 1596 1963 lacobi
1619 1918 1791 1976 apostoli

167 1992 292 2035 verba
329 1992 423 2050 (loc.
459 1995 527 2036 cit.
561 2005 651 2049 cap.
671 1992 730 2049 3),
769 2007 790 2032 «
812 1997 882 2035 aut
914 1992 1118 2049 Episcopi,
1141 1996 1212 2034 aut
1244 1991 1481 2034 sacerdotes
1513 1989 1564 2034 ab
1598 1993 1694 2046 ipsis
1726 2003 1789 2033 or-

166 2062 293 2105 dinati
329 2076 401 2119 per
435 2065 738 2120 impositionem
776 2076 971 2106 manuum
998 2061 1244 2119 presbyterii
1268 2077 1308 2115 »,
1333 2067 1372 2105 et
1395 2074 1497 2118 quos
1518 2074 1626 2104 nunc
1649 2062 1791 2104 stricto

165 2146 287 2176 sensu
323 2133 585 2191 presbyteros
616 2137 892 2189 nominamus,
926 2136 1032 2176 sicut
1066 2135 1103 2175 in
1139 2132 1303 2177 Codice.
1331 2158 1375 2162 -
1406 2132 1524 2176 Ratio
1546 2136 1684 2175 autem
1707 2136 1789 2175 est:

165 2207 259 2262 quia
301 2221 321 2246 ((
344 2205 410 2248 illa
443 2210 702 2249 sacramenta
736 2205 1012 2261 dispensanda
1037 2205 1134 2248 solis
1156 2207 1360 2261 episcopis
1383 2208 1664 2258 reservantur,
1686 2215 1792 2260 quae

164 2278 457 2332 suscipientem
494 2278 530 2318 in
565 2275 704 2333 aliquo
747 2281 854 2319 statu
900 2277 1164 2332 perfectionis
1196 2274 1395 2332 (interno)
1429 2288 1554 2331 super
1586 2274 1687 2318 alios
1720 2287 1788 2331 po-

164 2350 279 2389 nunt.
315 2346 401 2390 Hoc
435 2351 572 2391 autem
609 2360 687 2389 non
722 2351 782 2390 est
816 2349 853 2389 in
890 2346 966 2390 boc
999 2351 1272 2401 sacramento,
1308 2359 1401 2389 cum
1436 2344 1628 2388 omnibus
1654 2344 1788 2388 detur.

164 2415 214 2459 Et
247 2417 339 2460 ideo
374 2430 445 2473 per
477 2417 686 2474 simplices
717 2417 955 2475 sacerdotes
989 2421 1120 2474 potest
1152 2417 1432 2460 administrari
1456 2415 1470 2438 ¹
1494 2431 1533 2458 ».

279 2487 308 2546 ξ
341 2488 378 2530 2.
415 2487 544 2531 Salvo
565 2488 831 2546 praescripto
855 2502 944 2531 can.
968 2489 1076 2543 397,
1100 2502 1139 2530 η.
1163 2489 1208 2542 3,
1233 2487 1412 2531 scilicet:
1437 2487 1658 2530 deserentis
1687 2504 1703 2525 «
1725 2486 1789 2528 ius

165 2562 204 2601 et
234 2558 414 2601 officium
467 2559 725 2602 ministrandi
775 2558 977 2615 Episcopo
1026 2557 1290 2602 decumbenti
1329 2557 1655 2608 Sacramenta»,
1689 2558 1785 2598 item

164 2642 253 2671 ean.
289 2631 389 2681 514,
424 2632 476 2683 ἐξ
510 2630 579 2672 1-3
611 2629 834 2673 deserentis
873 2645 892 2670 ((
917 2630 1025 2672 idem
1063 2631 1124 2672 ius
1157 2634 1196 2672 et
1229 2629 1424 2682 officium,
1460 2630 1498 2671 in
1545 2629 1654 2670 omni
1696 2626 1788 2670 reli-

163 2701 284 2756 gione
317 2699 497 2743 clericali
531 2700 837 2756 Superioribus,
874 2703 912 2743 in
958 2699 1197 2743 monialium
1233 2700 1355 2743 domo
1387 2700 1636 2742 confessario
1677 2698 1786 2741 ordi·

284 2855 294 2875 1
322 2854 367 2887 D.
398 2853 467 2887 Th.
496 2853 628 2897 Suppl.
659 2866 692 2898 q.
720 2853 858 2887 XXXI
884 2865 917 2887 a.
946 2855 979 2889 3.
1006 2865 1036 2887 c.
