1971 3261
131 151 225 186 Gan.
249 148 408 184 976-978
700 149 784 183 ΤιΤ.
813 149 879 182 IV.
916 169 928 174 -
954 149 1010 184 De
1040 150 1184 185 Ordine
1689 149 1761 184 399

129 273 244 304 autem
260 267 568 303 determinationes
584 266 619 301 in
639 277 772 301 canone
790 268 938 302 omissae
969 281 983 299 «
1004 267 1073 302 vim
1093 278 1232 303 omnem
1252 268 1430 303 amississc
1448 267 1615 303 dicendae
1628 272 1711 303 sunt
1725 282 1757 303 ».

131 327 212 373 quia
237 336 351 363 canon
378 325 562 371 multiplici
591 325 692 360 modo
717 326 828 371 quoad
857 326 933 360 illas
958 326 1103 361 mutavit
1130 327 1327 362 huiusmodi
1356 328 1397 362 de
1416 327 1584 372 religiosis
1609 327 1757 373 discipli·
1791 321 1795 324 ⁴

130 396 224 427 nam,
251 384 401 431 idipsum
430 384 585 420 innuens
622 384 736 420 verbis
766 400 779 416 «
803 384 875 419 sive
903 386 1103 426 saecularis,
1133 386 1204 421 sive
1236 386 1450 431 religiosus»
1481 397 1570 432 quae
1601 386 1676 421 illas
1701 387 1760 421 de-

128 443 392 479 terminationes
420 454 480 489 pro
506 443 748 478 saecularibus
775 443 910 478 clericis
937 449 1118 489 respuunt.

248 520 345 563 328.
381 522 675 567 Successiva
697 523 939 578 graduum
963 524 1150 568 ordinis
1173 526 1437 579 susceptio.
1468 549 1518 553 —-
1552 542 1566 562 a
1596 523 1660 566 lus
1697 537 1762 566 ve·

129 595 193 634 tus
226 605 274 634 ex
312 594 472 648 integro
505 592 674 634 refert»
718 591 826 648 (can.
864 593 902 646 6,
940 592 1002 648 ¹2⁰)
1039 607 1128 636 can.
1164 596 1270 636 077.
1320 593 1513 646 Ordines,
1561 599 1644 637 tum
1690 596 1761 636 mi·

129 675 250 705 nores
284 667 368 705 tum
406 665 596 711 maiores:
633 667 752 718 prout
787 662 1167 718 «intelliguntur»
1206 677 1254 706 ex
1290 678 1379 707 can.
1416 665 1512 715 itit),
1553 665 1759 720 gradatim

128 733 304 777 scilicet:
339 733 484 777 ordine
515 736 754 777 successivo
791 736 897 777 sicut
932 736 969 776 in
1005 736 1072 777 cit.
1107 747 1196 778 can.
1234 740 1511 789 recensentur,
1547 736 1616 778 sed
1660 738 1757 778 inci-

131 805 281 860 piendo
316 804 367 848 ab
400 807 612 848 ostiariatu
649 804 894 862 conserendi
926 810 1037 858 swa,
1073 807 1304 848 ministrum
1350 807 1458 862 quod
1495 809 1652 860 attinet,
1687 806 1758 849 scd

128 875 322 932 explicite
357 876 533 932 idipsum
569 876 799 919 ordinando
834 875 999 919 iubetur
1032 875 1083 919 ob
1116 876 1360 919 clausulam:
1402 877 1461 919 ila
1498 883 1540 919 a!
1587 876 1757 919 ordimi-

131 945 263 988 tiones
298 949 335 989 in
371 949 517 1003 seipsis
548 960 625 1005 pei·
657 946 814 989 saltum
849 947 886 990 id
933 952 1021 989 est:
1057 949 1179 989 etiam
1223 946 1307 989 sola
1354 948 1614 991 ordinatione
1660 950 1760 990 intc-

131 1019 239 1060 riore
275 1020 579 1072 praetermissa,
615 1017 783 1060 omnino
814 1015 1122 1074 prohibeantur
1159 1019 1195 1059 vi
1230 1020 1399 1060 canonis
1434 1018 1566 1061 buius.

250 1105 296 1141 De
321 1105 445 1141 clerico
473 1117 532 1151 per
557 1106 683 1141 saltum
715 1110 870 1151 promoto
889 1106 900 1127 1
927 1105 1024 1140 adest
1060 1106 1096 1139 in
1135 1104 1369 1140 Decretalibus
1403 1106 1544 1140 unicum
1581 1110 1683 1151 caput
1710 1117 1761 1140 se-

129 1175 253 1208 quens.
284 1164 402 1200 lnnoc.
433 1164 490 1199 lll:
523 1164 647 1200 «Tuae
674 1165 807 1200 litterae
826 1164 1069 1206 continebant,
1099 1164 1189 1210 quod
1220 1164 1321 1207 (sicut
1348 1176 1387 1199 ex
1415 1165 1583 1200 relatione
1601 1176 1762 1210 quorum-

129 1224 210 1259 dam
236 1227 428 1270 receperas)
459 1224 493 1259 Ρ.
525 1224 703 1271 presbyter
739 1223 948 1259 Diaconatus
974 1224 1097 1259 ordine
1125 1224 1379 1269 praetermisso,
1408 1235 1442 1259 se
1471 1224 1549 1259 tecit
1574 1225 1615 1259 ad
1644 1224 1762 1260 Sacer-

129 1282 212 1317 dotii
249 1283 406 1318 ordinem
437 1283 672 1328 promoveri...
702 1282 913 1317 Mandamus
948 1287 1123 1328 quatenus
1157 1282 1368 1326 condignam
1403 1283 1666 1328 poenitentiam,
1704 1294 1764 1328 pro

131 1341 328 1377 huiusmodi
349 1342 565 1387 negligentia
594 1342 759 1387 iniungas
777 1342 890 1377 eidem
911 1343 1011 1386 (sunt
1029 1352 1110 1386 ergo
1129 1341 1270 1377 illicitae
1291 1342 1523 1388 promotiones
1545 1342 1585 1377 ad
1612 1342 1764 1381 ordines,

131 1401 374 1446 praetermisso
401 1401 563 1437 inferiore
589 1402 726 1446 gradu):
756 1412 824 1447 qua
851 1406 990 1447 peracta
1018 1401 1115 1447 (quia
1142 1412 1212 1436 non
1241 1401 1448 1447 intelligitur
1473 1402 1647 1442 iteratum,
1672 1402 1761 1447 quod

131 1460 259 1496 factum
286 1471 360 1496 esse
388 1461 556 1504 nescitur)
584 1461 698 1506 ipsum
729 1460 764 1495 in
795 1460 985 1495 Diaconum
1022 1460 1178 1495 ordinari
1207 1472 1391 1507 procures:
1421 1466 1451 1496 et
1479 1461 1528 1496 sic
1553 1461 1595 1496 de
1630 1461 1763 1496 miseri-

130 1519 247 1556 cordia
271 1520 432 1555 eumdem
462 1519 662 1555 ministrare
690 1520 871 1566 permittas
898 1520 932 1554 in
966 1520 1088 1555 ordine
1124 1518 1369 1555 Sacerdotis».
1409 1519 1499 1555 Hinc
1532 1520 1688 1565 sequitur
1715 1521 1763 1565 ip-

129 1590 206 1615 sum
235 1583 430 1625 promotum
460 1590 519 1625 per
544 1578 672 1614 saltum
701 1590 772 1614 non
803 1590 901 1625 posse
930 1579 977 1614 uti
1007 1579 1099 1614 licite
1124 1579 1246 1615 ordine
1272 1580 1321 1614 sic
1346 1585 1518 1625 suscepto.
1549 1578 1647 1623 Quod
1669 1590 1763 1614 nunc

130 1645 249 1674 manet
277 1649 408 1680 verum,
439 1639 498 1673 sed
519 1643 658 1684 propter
685 1639 862 1673 incursam
892 1639 1160 1684 suspensionem
1187 1639 1232 1674 ab
1258 1650 1296 1674 eo
1327 1653 1341 1670 «
1361 1639 1418 1684 qui
1457 1638 1626 1674 malitiose
1651 1650 1765 1674 acces—

130 1697 211 1733 serit
234 1711 248 1730 »
280 1700 371 1742 (can.
400 1695 521 1741 2374),
550 1703 583 1733 et
609 1709 687 1733 cum
716 1697 795 1733 talis
823 1698 1007 1744 suspensio
1028 1703 1203 1734 reservata
1222 1709 1292 1734 non
1311 1703 1367 1735 Sit.
1388 1698 1537 1733 utilitate
1557 1703 1653 1733 vacat
1671 1698 1763 1733 clau-

130 1757 206 1792 sula
233 1755 352 1792 Conci.
383 1756 487 1794 Tridi.
513 1757 658 1792 aientis:
677 1757 691 1779 2
722 1770 736 1789 «
760 1756 847 1792 Cum
876 1757 1042 1803 promotis
1069 1768 1129 1803 per
1154 1757 1295 1798 saltum,
1322 1758 1348 1791 si
1374 1768 1442 1792 non
1471 1757 1762 1800 ministraverint,

128 1816 317 1862 episcopus
342 1827 380 1852 ex
410 1816 566 1861 legitima
591 1827 696 1852 causa
723 1817 831 1862 possit
857 1816 1112 1863 dispensare».

251 1901 348 1945 329.
384 1903 758 1947 ordinationum
792 1903 1074 1947 interstitia.
1104 1927 1157 1931 ——
1181 1902 1306 1945 (jone.
1340 1900 1448 1943 Trid.
1477 1900 1592 1957 plura
1626 1901 1676 1944 de
1700 1901 1764 1944 liis

131 1972 319 2026 statuitss,
355 1974 474 2015 cuius
509 1975 761 2029 praescripta
798 1985 876 2015 non
914 1984 1084 2028 parvam
1122 1975 1392 2015 mutationem
1427 1985 1476 2014 ex
1511 1970 1662 2015 Codice
1694 1986 1760 2015 su-

133 2042 308 2086 bierunt.
349 2041 448 2087 Can.
483 2045 589 2086 978.
623 2043 651 2100 ξ
685 2043 721 2086 1.
757 2042 806 2086 In
839 2042 1182 2095 ordinationibus
1215 2043 1350 2100 quoad
1384 2045 1553 2099 seipsas,
1589 2043 1763 2099 proinde

130 2113 182 2157 ab
215 2113 505 2158 ordinantibus
538 2119 577 2157 et
611 2115 812 2158 ordinatis
844 2120 1076 2170 seri-entur,
1112 2115 1220 2172 quod
1261 2114 1432 2158 verbum
1466 2116 1660 2170 supponit
1682 2118 1759 2157 sta-

130 2188 264 2228 tutum
299 2187 543 2228 canonicum
583 2187 688 2228 infra
724 2188 922 2229 insertum
950 2188 1059 2229 circa
1088 2191 1316 2242 temporarii
1340 2184 1588 2238 interstitia,
1615 2184 1652 2227 id
1678 2190 1760 2227 est:

130 2258 331 2312 temporis
364 2255 517 2312 lapsus,
550 2255 702 2314 quibus
738 2256 1060 2312 perdurantibus
1094 2256 1306 2299 ordinatus
1340 2260 1492 2311 perstat
1527 2258 1631 2298 inter
1661 2255 1763 2299 duas

131 2329 389 2370 successivas
422 2327 720 2382 ordinationes,
753 2340 926 2384 nempe:
966 2344 987 2369 «
1013 2332 1053 2370 ut
1088 2342 1135 2370 eo
1179 2329 1426 2376 acciu-atius,
1469 2334 1667 2383 quantum
1713 2329 1763 2369 sit

133 2397 254 2440 buius
284 2397 528 2454 disciplinae
564 2399 736 2454 pondus,
773 2401 929 2455 possint
963 2399 1143 2449 edoceri,
1168 2410 1214 2441 ac
1240 2400 1276 2440 in
1304 2410 1552 2455 unoquoque
1577 2410 1760 2452 munere,

132 2470 245 2511 iuxta
280 2471 584 2525 praescriptum
620 2468 827 2526 Episcopi,
861 2483 905 2513 se
939 2473 1223 2521 exerceant»,
1257 2480 1363 2525 quae
1406 2468 1588 2512 clausula
1630 2471 1666 2511 in
1701 2481 1766 2512 ca-

132 2551 238 2582 none
272 2539 347 2582 fuit
381 2545 564 2593 retenta,
604 2543 791 2597 sequenti
831 2553 929 2584 vero
963 2543 1111 2583 omissa
1149 2543 1314 2595 propter
1347 2527 1656 2595 abrogationem
1693 2540 1762 2582 ad-

131 2612 369 2666 scriptionis
402 2611 702 2654 determinatae
737 2611 962 2655 ecclesiae:
994 2626 1012 2651 «
1039 2611 1161 2667 idque
1186 2612 1223 2652 in
1249 2622 1310 2664 ea,
1334 2612 1399 2653 cui
1423 2609 1620 2666 adscripti
1643 2615 1763 2653 eruut

130 2679 331 2735 Ecclesia,
365 2683 440 2723 nisi
476 2682 579 2725 sorte
612 2695 663 2725 ex
697 2694 821 2726 causa
854 2683 1086 2725 studiorum
1121 2680 1255 2724 absint
1282 2696 1331 2733 »ς
1367 2692 1414 2724 ac
1439 2680 1543 2724 aliae
1568 2679 1764 2724 utilitates

132 2752 444 2794 interstitiorum
482 2751 535 2796 ibi
569 2758 823 2810 sequuntur:
864 2769 882 2792 «
902 2757 1025 2809 atque
1051 2754 1104 2794 ita
1128 2751 1180 2794 de
1203 2751 1335 2807 gradu
1361 2753 1399 2794 in
1424 2752 1599 2807 gradum
1625 2764 1766 2794 ascen-

250 2856 366 2891 1-Tit.
400 2857 552 2899 XXIX,
589 2858 674 2893 Lib.
713 2859 759 2897 V,
792 2858 842 2892 X.
881 2879 924 2882 -
956 2858 970 2879 '2
998 2858 1098 2891 Sess.
1136 2856 1290 2902 XXIII,
1326 2869 1409 2903 cap.
1446 2858 1489 2891 14
1521 2858 1562 2891 in
1598 2857 1686 2892 fine.
1719 2881 1763 2885 —

129 2904 143 2926 ³
169 2903 292 2949 Capp.
324 2906 381 2948 ll,
411 2905 468 2946 13,
499 2907 541 2940 14
567 2917 662 2940 sess.
691 2905 828 2940 XXIII
858 2905 903 2938 de
931 2904 1015 2940 Ref.
