1971 3261
142 142 236 178 Can.
263 141 418 177 836-837
526 141 609 175 TlT.
638 141 710 176 III.
733 161 744 166 -
765 142 822 177 De
847 145 1099 177 sanctissima
1127 144 1381 178 Eucharistia
1708 146 1775 179 165

141 261 351 304 ordinario
388 260 450 304 vel
486 260 832 315 extraordinarie,
868 266 910 304 at
943 275 1082 304 omnes
1115 260 1273 305 Missae
1307 262 1400 306 illae
1433 263 1649 306 allluentes
1674 263 1774 306 eete-

140 331 260 374 brari
293 330 443 374 ibidem
470 330 607 375 debito
647 336 830 390 tempore
862 332 911 375 ad
954 346 1139 376 normam
1176 334 1399 389 can?834‚
1437 333 1525 377 loco
1559 334 1771 378 clausulae

143 419 165 444 «
188 405 262 446 nisi
301 407 390 458 post
432 402 602 459 longum
636 406 862 459 tempus»,
898 408 939 446 ut
986 403 1122 447 aiebat
1156 403 1251 449 Dee.
1301 407 1383 457 cit„
1434 411 1656 462 nequeant,
1692 419 1771 448 mo-

140 479 320 516 neantur
362 472 504 530 fideles
539 473 716 530 publice,
755 486 803 517 ac
836 474 1140 518 determinatur
1185 475 1332 519 modus
1360 489 1439 533 per
1483 475 1682 519 tabellam
1727 477 1770 519 in

138 544 226 588 loeo
246 544 424 602 patenti,
461 549 503 588 ut
538 544 589 587 ab
623 544 816 588 omnibus
851 545 930 601 legi
968 548 1107 601 possit,
1131 552 1168 588 et
1188 546 1316 596 obvie,
1352 552 1393 590 ut
1427 547 1593 591 obtutus
1617 548 1769 591 adeun-

139 619 238 659 tium
272 615 500 659 Ecclesiam
535 615 684 659 tabella
721 629 798 659 non
833 617 1016 672 etl'ngiat‚
1047 617 1243 674 positam,v
1280 616 1436 660 Missas
1470 617 1633 661 oblatas
1667 618 1771 661 cele-

136 687 300 730 bratam
334 686 392 729 tri
424 686 487 730 vel
523 685 690 739 ibidem,
730 701 820 729 cam
860 686 1070 730 commode
1104 688 1275 745 poterit,
1313 688 1374 731 vet
1405 688 1522 731 alibi.
1556 691 1622 732 stc
1656 692 1765 732 enim

137 758 279 802 tideles
310 758 597 815 eleemosynas
631 759 850 801 offerentes
884 761 1146 802 consentiunt
1181 761 1302 803 tacite
1338 762 1375 802 in
1426 760 1665 803 dilationem
1705 760 1766 804 vel

135 832 172 872 in
207 829 530 873 celebrationem
565 834 681 872 extra
717 829 953 882 ecclesiam,
977 830 1074 873 dum
1100 832 1355 874 eontrarium
1382 833 1490 887 ipsos
1517 831 1622 874 velle
1650 843 1766 888 prae-

133 901 380 944 sumendum
417 905 536 945 esset.
572 900 706 958 Atque
737 900 814 948 boc
850 905 968 957 paeto
1002 901 1181 957 amplius
1215 914 1293 944 non
1319 906 1380 944 est
1404 916 1506 958 opus
1532 907 1573 945 ut
1600 904 1610 924 ¹
1656 918 1676 943 ((
1700 915 1768 945 ca-

135 971 272 1028 psulas
289 972 477 1015 auferant
501 970 552 1014 ab
576 970 760 1015 Ecclesia
786 985 880 1015 cum
909 973 1176 1028 inscriptione
1196 971 1475 1029 Eleemosyna
1510 986 1588 1030 pro
1614 973 1765 1028 missis,

131 1047 199 1085 aut
234 1055 339 1100 quae
362 1045 510 1098 apponi
530 1042 662 1086 solent
687 1045 724 1085 in
749 1043 816 1086 die
839 1041 1070 1087 Commem.
1097 1046 1281 1086 omnium
1307 1044 1551 1087 Sanctorum
1577 1049 1613 1087 et
1643 1044 1765 1101 vulgo

132 1112 328 1156 dicuntur
365 1112 491 1155 fasse
512 1111 578 1155 de'
602 1112 727 1155 morti
760 1128 800 1153 ›>.

251 1184 346 1226 151.
373 1185 444 1230 De
467 1186 812 1230 distributione
835 1199 1036 1230 onerum
1057 1186 1335 1230 Missarum.
1359 1210 1416 1216 —
1439 1184 1539 1228 Cum
1566 1198 1654 1228 can.
1676 1186 1758 1229 837

130 1256 272 1311 incipit
304 1257 432 1298 series
463 1257 646 1312 quinque
694 1268 914 1307 canonum,
949 1255 1000 1297 de
1038 1255 1101 1297 liis
1134 1257 1203 1312 qui
1240 1258 1385 1298 missas
1419 1269 1491 1312 per
1523 1256 1624 1299 alios
1656 1256 1763 1300 cele-

127 1324 305 1368 brandas
340 1324 503 1377 liabent,
556 1324 618 1368 vel
653 1327 748 1382 quia
782 1331 876 1368 sunt
909 1326 1155 1380 Superiores
1191 1316 1478 1381 religiosorum
1531 1326 1592 1369 liis
1628 1330 1760 1383 prori-

123 1394 268 1437 dentes
301 1395 351 1438 de
385 1395 678 1449 celebratione,
731 1394 792 1438 vel
830 1397 984 1451 pariter
1017 1393 1234 1439 Ordinarii
1281 1395 1464 1439 locorum
1503 1410 1574 1452 pro
1618 1411 1759 1441 eorum

122 1464 312 1522 subditis,
350 1466 411 1508 vel
448 1479 495 1507 eo
529 1465 639 1523 quod
688 1470 784 1508 sunt
832 1465 1197 1509 administratores
1248 1466 1432 1510 locorum
1486 1471 1660 1524 piorum,
1698 1469 1758 1511 vel

126 1540 308 1579 rectores
340 1536 509 1594 quidem
544 1535 831 1590 eeclesiarum,
868 1536 931 1579 vel
967 1536 1117 1593 singuli
1153 1538 1394 1581 sacerdotes
1417 1541 1485 1595 qui
1528 1541 1671 1582 missas
1706 1539 1761 1582 le-

123 1608 266 1662 gitime
292 1611 479 1663 receptas
513 1612 724 1664 nequeunt
747 1611 889 1650 eontra
917 1610 1224 1663 praevisionem
1252 1610 1356 1651 intra
1381 1608 1564 1652 debitum
1593 1614 1761 1666 tempus

124 1678 172 1720 ad
209 1690 396 1721 normam
432 1691 522 1721 can.
556 1677 653 1731 834,
689 1678 772 1721 835
807 1677 1035 1732 celebrare,
1055 1683 1178 1736 atque
1203 1679 1242 1722 lii
1269 1693 1448 1723 canones
1473 1694 1544 1737 per
1567 1680 1754 1724 ordinem

127 1747 437 1805 praescribunt:
472 1749 523 1792 de
557 1749 743 1792 facienda
779 1749 1084 1798 distributione,
1125 1750 1276 1806 quibus
1324 1750 1624 1795 sacerdotibus.
1658 1764 1756 1808 quo-

123 1832 255 1876 usque
288 1833 367 1862 non
402 1824 582 1863 transeat
616 1819 826 1876 obligatio,
862 1821 912 1863 de
936 1823 1167 1878 quantitate
1200 1822 1395 1878 stipendii
1436 1822 1756 1876 transmittendi,

123 1902 170 1934 ac
205 1890 255 1934 de
289 1904 461 1934 onerum
497 1890 711 1934 Missarum
747 1893 1003 1948 depositione
1037 1892 1144 1948 apud
1180 1890 1449 1936 Ordinarium
1486 1892 1536 1936 ab
1578 1893 1752 1936 admini-

120 1961 367 2005 stratoribus
403 1961 586 2005 locorum
625 1965 801 2019 piorum.
838 1989 890 1993 —
924 1961 1277 2007 Commentandus
1327 1965 1451 2020 igitur
1487 1966 1618 2019 primo
1663 1977 1753 2006 can.

119 2033 226 2075 837.
264 2031 347 2086 Qui
380 2031 537 2075 Missas
558 2046 636 2090 per
669 2033 778 2076 altos
813 2033 1085 2076 celebrandas
1120 2033 1241 2076 habet
1274 2047 1538 2091 quocumque
1583 2037 1755 2089 motivo,

122 2108 163 2146 ut
195 2103 352 2146 dictum
388 2108 450 2147 est
481 2117 620 2160 supra,
671 2118 742 2147 eas
774 2105 1082 2162 qaamprz'manz
1132 2103 1378 2159 distribuat,
1425 2106 1614 2149 socordia
1653 2118 1752 2163 qua-

117 2187 297 2232 cumque
348 2175 573 2231 prudenter
607 2175 790 2229 exclusa‚
846 2176 964 2232 firme
1015 2176 1284 2233 praescripto
1318 2190 1407 2219 ean.
1453 2179 1540 2219 &41
1585 2177 1751 2234 quando

118 2246 231 2287 iuxta
267 2246 394 2302 ipsius
444 2251 628 2289 tenorem
680 2246 746 2289 ille
796 2260 925 2290 canon
960 2247 1194 2289 servandus
1228 2252 1301 2290 est.
1349 2249 1544 2304 Sequitur
1588 2260 1748 2290 comma

121 2314 240 2358 valde
275 2316 525 2360 notandum:
560 2316 633 2360 sed
659 2323 818 2373 tempus
842 2316 1076 2373 leqitimmn
1101 2317 1227 2360 idest:
1262 2317 1311 2360 ad
1340 2330 1524 2360 normam
1551 2330 1641 2361 can.
1668 2317 1747 2359 834

114 2398 192 2442 pro
226 2386 467 2430 earumdem
501 2386 782 2431 celebratione
812 2388 961 2445 insipit
985 2402 1009 2429 a
1034 2387 1102 2430 die
1125 2402 1203 2445 qao
1227 2388 1424 2431 sacerdos
1445 2387 1747 2432 celebraturus.

116 2468 209 2499 nam
244 2456 516 2501 celebraturis
548 2464 643 2502 sunt
674 2459 819 2502 saltem
848 2458 1025 2501 mediate
1057 2457 1358 2509 distribuemla,
1392 2458 1555 2501 easdem
1585 2472 1655 2514 per
1694 2459 1750 2501 di-

115 2525 404 2570 stributionem
437 2528 643 2586 receperit
668 2528 766 2585 (non
788 2542 808 2571 a
839 2529 905 2571 die
935 2529 1198 2585 praecedenti
1225 2531 1364 2586 inquo
1389 2529 1523 2572 eidem
1553 2531 1748 2571 remissae

116 2595 246 2652 sunt),
282 2597 366 2640 nisi
399 2597 521 2641 aliud
553 2605 726 2641 constet.

214 2688 255 2725 Ut
284 2701 441 2726 normam
472 2692 586 2738 praxis
614 2693 724 2727 solum
764 2692 966 2727 directivam
997 2693 1090 2727 iuvat
1128 2693 1254 2728 reterre
1293 2694 1462 2739 quaedam
1506 2694 1746 2739 praecedentia

116 2747 270 2790 Decreta,
300 2761 444 2796 nempe:
476 2750 510 2785 S.
539 2750 665 2795 Congr.
693 2750 798 2786 (lonc.
828 2752 841 2773 ‘2
868 2751 1030 2797 Archiep.
1064 2751 1258 2797 Leopolien.
1283 2752 1532 2788 Rutlienornm.

230 2892 241 2914 ¹
269 2891 360 2926 Dec.
390 2892 484 2927 Urb.
515 2892 623 2931 VIII,
652 2892 685 2932 6,
707 2897 747 2926 et:
769 2892 810 2926 13
833 2892 1018 2927 Dubium.
1047 2912 1088 2918 -
1116 2893 1129 2914 ‘2
1159 2894 1203 2928 27
1230 2893 1339 2927 Febr.
1370 2894 1469 2926 teos».
