1971 3261
140 130 210 164 248
535 128 622 162 Lm.
650 127 724 161 III.
753 147 765 152 —
793 127 903 161 PARS
927 126 959 160 Ι.
988 125 1085 161 --De
1109 126 1376 162 Sam-amentis
1581 127 1675 164 Gan.
1701 128 1773 163 889

141 248 249 306 quod
284 261 362 291 non
397 247 509 291 cadit
529 246 606 291 sub
638 245 931 290 sacramentali
953 246 1226 301 confessione,
1249 247 1374 290 etiam
1397 246 1448 290 ad
1472 246 1653 303 sigillum
1678 261 1770 291 con-

140 319 328 362 fessionis
362 319 555 374 pertinet,
589 319 696 360 sicut
720 315 787 359 illa
823 329 896 372 per
927 328 1034 374 quae
1067 320 1201 372 posset
1234 320 1427 373 peccator
1460 317 1525 360 vel
1552 322 1766 374 peccatum

138 388 393 445 deprehendi
427 402 466 442 »,
503 392 545 430 ut
578 388 711 444 inquit
738 386 781 431 D.
816 385 887 430 Th.
914 386 940 428 ¹.

260 459 316 503 De
350 458 417 502 tali
451 457 586 514 sigillo
624 457 686 500 vel
721 462 880 501 secreto
913 460 969 501 ait
1002 470 1155 501 canon:
1181 457 1281 501 illud
1316 457 1561 502 inviolabile
1592 464 1667 513 est,
1690 460 1767 502 sci-

141 530 257 574 licet:
291 542 468 585 semper,
504 529 626 571 etiam
664 532 825 571 mortuo
860 530 1108 584 poenitente,
1127 541 1175 572 ac
1209 530 1248 571 in
1282 541 1548 587 quocumque
1582 528 1763 585 possibili

141 601 367 656 supposito,
400 601 495 655 quia
534 597 678 641 «illud
713 597 822 654 quod
855 597 932 641 sub
964 600 1219 642 contessione
1252 601 1394 654 scitur,
1444 603 1505 642 est
1537 600 1654 656 quasi
1699 612 1766 642 ne-

139 673 303 721 scitum,
337 683 431 712 cum
467 668 565 712 illud
602 681 681 711 non
714 670 818 712 sciat
849 668 999 726 aliquis
1023 673 1067 712 ut
1089 669 1226 722 bomo,
1260 669 1331 713 sed
1367 674 1411 713 ut
1444 669 1565 713 Deus.
1591 669 1638 713 Et
1662 672 1770 713 sicut

142 745 407 799 praeceptum
442 740 494 784 de
526 740 784 783 confessione
816 739 1105 784 sacramentali
1134 740 1322 783 facienda
1346 745 1407 783 est
1428 741 1480 784 de
1504 743 1592 784 iure
1610 741 1768 796 divino,

142 817 181 855 et
214 825 293 855 non
329 815 460 868 potest
481 809 620 868 aliqua
644 810 951 867 dispensatione
978 810 1040 854 vel
1060 810 1442 863 iussionehumana
1460 811 1584 855 homo
1606 811 1765 855 absolvi

142 882 194 927 ab
226 895 287 933 eo,
322 884 373 925 ita
409 881 546 925 nullus
579 881 628 924 ad
679 881 976 924 revelationem
1027 882 1297 925 confessionis
1346 885 1477 937 potest
1509 881 1561 926 ab
1604 882 1770 926 bomine

142 956 232 1010 cogi
271 952 333 995 vel
368 952 583 996 licentiari.
617 951 733 996 Unde
779 954 813 994 si
848 954 1127 1007 praecipiatur
1158 951 1234 996 sub
1269 964 1398 1008 poena
1437 955 1772 997 excommunica-

142 1027 265 1068 tionis
299 1026 377 1067 iam
414 1023 535 1077 latae,
568 1023 675 1076 quod
726 1023 837 1066 dicat
869 1025 900 1066 si
949 1022 1105 1080 aliquid
1139 1025 1216 1066 scit
1263 1023 1315 1066 de
1348 1023 1418 1066 tali
1466 1028 1648 1080 peccato,
1694 1037 1772 1067 non

143 1095 266 1139 debet
299 1095 456 1145 dicere,
488 1096 585 1151 quia
618 1093 741 1137 debet
773 1095 1013 1137 existimare
1046 1094 1154 1151 quod
1181 1095 1351 1137 intentio
1387 1096 1677 1150 praecipientis
1699 1099 1774 1149 est,

142 1168 174 1209 si
208 1168 310 1209 sciat
344 1170 385 1208 ut
419 1164 570 1216 liomo;
608 1164 682 1207 lloc
717 1169 854 1207 autem
890 1177 969 1207 nou
993 1166 1070 1207 scit
1094 1169 1136 1207 ut
1170 1164 1307 1208 homo.
1342 1164 1391 1208 Et
1422 1166 1454 1208 si
1489 1167 1612 1208 etiam
1637 1167 1771 1221 expri-

144 1241 274 1280 meret
307 1236 357 1279 de
390 1236 649 1279 confessione
683 1237 974 1291 interrogatus,
1010 1248 1088 1278 non
1109 1234 1280 1279 deberet
1312 1235 1475 1291 dicei-e,
1509 1249 1586 1280 nec
1609 1249 1772 1280 excom-

145 1309 465 1350 municationem
503 1308 746 1359 incurreret,
781 1308 876 1363 quia
912 1319 990 1349 nou
1026 1311 1087 1349 est
1114 1305 1325 1350 subiectus
1347 1309 1550 1363 superiori
1585 1320 1672 1361 suo,
1696 1309 1771 1350 nisi

146 1382 189 1420 ut
222 1377 366 1427 homo3
403 1377 480 1420 hoc
511 1381 648 1420 autem
700 1390 778 1419 non
812 1379 888 1420 scit
922 1382 963 1420 ut
998 1376 1134 1433 homo,
1177 1377 1249 1421 sed
1286 1382 1329 1420 ut
1377 1376 1485 1420 [leus
1508 1393 1528 1418 ))
1558 1377 1572 1399 '2
1608 1404 1660 1408 —
1694 1378 1773 1422 Sed

147 1447 314 1491 violatio
347 1446 470 1503 sigilli
504 1446 816 1490 sacramentalis
850 1460 927 1489 non
962 1447 1137 1501 adesset,
1171 1461 1244 1490 seu
1293 1463 1313 1488 <‹
1337 1460 1415 1490 non
1456 1450 1640 1491 irritatur
1674 1447 1771 1491 illud

145 1518 255 1575 quod
289 1522 350 1561 est
383 1520 613 1561 institutum
664 1522 830 1574 propter
862 1517 1015 1561 bonum
1064 1531 1300 1572 commuue,
1333 1531 1428 1562 cum
1477 1519 1629 1562 (ilcitur
1662 1519 1768 1576 quod

146 1588 226 1632 alio
261 1589 383 1632 modo
415 1590 557 1633 scitur.
606 1588 695 1632 Duo
729 1591 840 1631 enim
890 1594 984 1632 suut
1018 1593 1185 1645 propter
1232 1602 1338 1646 quae
1373 1594 1535 1632 tenetur
1581 1590 1775 1633 sacerdos

148 1664 363 1716 peccatum
397 1659 607 1703 occultare
654 1662 708 1713 (in
743 1661 1002 1703 confessione
1049 1660 1273 1717 auditumJ:
1325 1662 1458 1716 primo
1491 1664 1530 1703 et
1571 1662 1774 1717 principa-

150 1730 308 1787 paliter‚
343 1733 438 1788 quia
473 1733 556 1787 ipsa
592 1731 813 1774 occultatio
861 1736 921 1774 est
954 1731 1005 1774 de
1037 1733 1212 1775 essentia
1261 1734 1509 1775 sacramenti
1546 1731 1774 1789 (poeniten-

146 1804 239 1856 tiae,
274 1815 423 1858 nempe
458 1801 513 1844 illi
548 1803 782 1845 necessario
815 1815 1075 1860 consequens
1099 1804 1187 1845 iure
1220 1801 1398 1859 divino),
1433 1805 1675 1860 inquantum
1700 1805 1776 1846 scit

146 1872 245 1915 illud
281 1876 323 1916 ut
359 1872 479 1927 Deus,
514 1875 632 1916 cuius
669 1875 801 1916 vicem
835 1875 943 1929 gerit
966 1875 1003 1915 in
1029 1873 1309 1926 consessione;
1342 1873 1423 1916 alio
1448 1873 1568 1916 modo
1608 1878 1775 1930 propter

145 1942 386 1986 scandalum
426 1943 654 1986 vitandum.
682 1943 816 1986 Potest
848 1948 986 1986 autem
1011 1944 1211 1987 contitens
1231 1944 1366 1987 facere
1391 1948 1433 1987 ut
1455 1944 1649 1987 sacerdos
1674 1944 1771 1987 illud

147 2014 257 2071 quod
290 2013 446 2057 sciebat
479 2018 636 2056 tautum
674 2018 716 2057 ut
750 2013 871 2069 Deus,
894 2016 997 2058 sciat
1019 2017 1141 2057 etiam
1179 2019 1221 2057 ut
1254 2015 1390 2066 homo,
1424 2015 1532 2072 quod
1558 2016 1653 2058 tacit
1675 2015 1773 2058 dum

147 2084 330 2127 licentiat
362 2098 455 2127 eum
491 2084 541 2127 ad
567 2084 804 2139 dicendum,
831 2084 955 2142 (sicut
980 2090 1111 2141 potest
1137 2090 1351 2141 peccatum
1376 2098 1496 2128 suum
1532 2085 1639 2143 quod
1665 2087 1777 2141 fecit,

150 2168 222 2212 per
254 2168 297 2198 se
329 2154 448 2198 alteri
483 2153 713 2212 revelare);
738 2160 778 2198 et
811 2156 903 2199 ideo
926 2156 1086 2199 sidicat
1112 2155 1222 2213 (cum
1249 2158 1337 2199 eius
1361 2156 1522 2199 licentia
1547 2155 1772 2213 sacerdos),

148 2239 227 2268 non
264 2226 415 2282 frangit
446 2225 628 2282 sigillum
662 2227 952 2280 contessiouis3
1003 2232 1138 2269 tamen
1174 2225 1299 2270 debet
1341 2239 1492 2270 cavere
1534 2227 1774 2270 scandalum

148 2296 338 2350 dicendo,
374 2310 424 2339 ne
459 2297 611 2340 fractor
643 2296 766 2353 sigilli
803 2298 1002 2353 praedicti
1038 2302 1294 2353 reputetur»
1324 2297 1379 2340 113
1414 2297 1458 2340 D.
1495 2297 1566 2341 Tb.
1593 2298 1620 2338 ³.

170 2361 173 2363 ’
269 2366 402 2410 Posito
437 2369 536 2410 iuris
560 2367 691 2410 divini
717 2369 918 2424 principio
942 2381 991 2411 ex
1017 2369 1287 2411 confessionis
1311 2373 1482 2411 naturae
1508 2370 1775 2426 institutione,

147 2438 335 2494 sequitur
360 2439 397 2479 in
422 2449 579 2480 canone
603 2438 893 2482 determinatio
919 2438 1207 2495 prohibitionis
1231 2443 1274 2482 ut
1308 2441 1546 2482 enuntiatur
1579 2441 1618 2482 in
1652 2439 1774 2483 Couc.

148 2506 334 2552 Lateran.
360 2507 407 2550 IV
436 2508 473 2550 ⁴:
509 2522 640 2565 qzcare
673 2514 816 2552 caveat
849 2508 1090 2566 diliyenler,
1127 2509 1343 2553 videlicet:
1368 2510 1552 2553 studium
1576 2509 1777 2553 adhibens

148 2582 427 2634 opportunum
461 2578 747 2636 confessarius
779 2581 838 2623 sic
865 2585 1034 2623 vocatus
1062 2585 1229 2636 propter
1252 2581 1435 2623 auditam
1461 2581 1776 2635 confessionem,

147 2648 477 2704 praescindendo
510 2661 559 2692 au
595 2662 688 2693 cum
730 2650 1015 2694 iurisdictione
1048 2653 1107 2694 sic
1140 2644 1333 2706 operatus
1368 2652 1489 2694 suerit
1530 2650 1594 2694 vel
1628 2650 1773 2694 eadem

268 2778 280 2799 1
307 2777 395 2811 Loc.
423 2778 490 2812 eit.
520 2782 593 2812 arb.
622 2779 644 2810 52
670 2790 772 2823 corp.
800 2799 843 2804 —
869 2779 883 2801 2
909 2779 997 2813 Loci.
1026 2780 1093 2814 cit.
1122 2790 1155 2813 a.
1179 2781 1212 2817 1,
1232 2778 1279 2812 ad
1301 2782 1347 2813 1¹1¹
1365 2782 1406 2812 et
1420 2779 1469 2811 2¹1¹
1504 2798 1549 2803 --
1567 2778 1580 2800 3
1598 2778 1687 2812 Loc.
1711 2779 1776 2812 cit:-

152 2828 225 2859 art.
255 2824 277 2858 4
302 2824 349 2858 ad
375 2825 424 2857 *2¹1¹
452 2829 492 2858 et
519 2825 559 2858 in
587 2836 689 2869 corp.
720 2845 762 2851 —
790 2828 803 2848 4
822 2826 913 2871 Cap.
945 2825 1083 2860 Omnis
1108 2826 1318 2870 utriusque
1344 2837 1462 2860 sexus
1491 2826 1546 2865 12,
1576 2824 1622 2859 de
1648 2826 1778 2870 poeni-

154 2871 294 2906 tentiis
313 2877 353 2905 et:
372 2872 668 2906 remissionibus
687 2872 745 2916 (V.
773 2873 846 2917 38).

1906 2970 1909 2974 ,

1892 3013 1967 3261 ἐς
