1971 3261
167 189 236 223 744
615 194 736 219 mna-x
769 192 962 219 CANONUM
987 193 1039 217 Εἰ·
1064 191 1347 218 COMMENTARII

505 337 603 372 ΛΒΤ.
631 337 681 371 ΙΙ.
706 336 765 371 De
790 337 936 371 Missae
961 336 1104 371 ritibus
1128 338 1163 370 et
1188 337 1457 371 caeremoniis.

1593 426 1671 450 CAN.

1709 429 1792 452 PAG-

1715 2629 1838 2663 162·

164 478 340 513 Canones
365 478 534 513 814-819.
1724 479 1794 514 123

162 537 317 583 Duplex
342 537 507 571 materia
539 535 724 570 sacrificii
761 535 917 576 missae,
945 539 1173 581 remotaque
1212 536 1448 570 sacramenti
1474 547 1537 571 eu-

255 595 384 630 charis
387 596 465 629 tiae
524 620 532 629 .
635 622 642 628 .
746 621 753 628 .
857 622 863 627 .
967 621 974 628 .
1187 621 1194 628 .
1298 606 1305 613 ·
1409 622 1416 628 .
1520 623 1526 629 .
1602 596 1672 630 814
1726 597 1797 631 124

162 654 342 698 Qualitas
367 654 480 699 panis
507 655 547 688 et
574 653 660 688 vini
685 664 754 698 pro
780 652 923 687 Missae
949 652 1140 687 sacrificio
1188 680 1196 687 .
1299 681 1307 688 .
1411 681 1417 688 .
1521 681 1528 688 .
1603 654 1674 689 815
1724 655 1795 690 125

161 714 218 748 De
243 724 342 758 pane
367 724 503 758 azymo
529 711 593 747 vel
618 711 855 746 fermentato
882 711 1103 746 adhibendo
1129 711 1171 746 in
1198 713 1495 748 consecratione
1522 739 1529 747 .
1604 713 1676 748 816
1725 715 1796 751 127

160 772 218 806 De
245 772 328 817 ipsa
352 771 647 806 consecratione
747 797 755 804 .
858 797 864 804 .
968 798 975 804 .
1053 777 1056 781 ’
1079 798 1085 804 .
1189 799 1195 804 .
1299 799 1306 806 ,
1411 800 1416 805 .
1519 800 1525 806 .
1603 772 1672 808 817
1726 773 1796 808 128

161 830 218 865 De
243 830 366 864 torma
391 829 698 865 consecrationis
747 856 755 863 .
1723 832 1796 866 129

160 889 217 924 De
243 889 485 923 rubricarum
510 889 683 923 missalis
709 887 975 923 observantia.
1079 917 1086 924 .
1189 916 1197 923 .
1300 916 1307 923 .
1410 917 1417 923 .
1520 916 1528 924 .
1603 890 1675 925 818
1727 890 1797 925 130

160 948 387 982 Facultates
412 947 660 982 Vicariorum
686 951 726 981 et
751 946 1046 981 Praefectorum
1072 947 1285 993 Aplcorum
1722 949 1793 983 132

159 1006 216 1041 De
242 1006 382 1052 lingua
406 1006 595 1051 liturgica
621 1006 662 1040 in
687 1005 826 1040 altaris
853 1005 1044 1040 sacrificio
1077 1007 1092 1041 .’
1188 1033 1195 1040 .
1299 1034 1307 1041 .
1410 1034 1417 1041 .
1522 1036 1527 1042 ,
1603 1007 1674 1042 819
1727 1008 1795 1043 133

425 1135 524 1169 Am.
550 1134 621 1169 III.
647 1135 706 1170 De
730 1137 899 1179 tempore
924 1137 959 1169 et
985 1135 1067 1169 loco
1094 1136 1241 1170 Missae
1267 1129 1529 1171 celebrandae.

159 1229 338 1264 Oanones
361 1229 528 1264 820-823.
1721 1232 1793 1267 134

157 1288 370 1333 Inscriptio
395 1288 556 1322 articuli
582 1292 622 1322 et
647 1288 741 1322 ordo
767 1299 975 1324 canonum.

157 1347 215 1381 De
241 1347 378 1381 diebus
405 1347 446 1381 in
472 1347 615 1392 quibus
641 1347 800 1381 missam
826 1347 1021 1382 colebrare
1047 1346 1143 1382 licet
1184 1377 1190 1383 .
1295 1375 1302 1382 .
1407 1360 1415 1367 ·
1520 1376 1526 1382 .
1603 1349 1674 1384 820
1746 1365 1760 1381 »

158 1405 383 1440 Facultates
409 1406 653 1440 Vicariorum
678 1409 718 1440 et
744 1406 1038 1441 Praefectorum
1063 1406 1277 1452 Aplcorum
1295 1434 1302 1441 .
1723 1409 1794 1444 136

157 1464 214 1499 De
240 1464 335 1498 hora
360 1464 437 1498 diei
463 1476 532 1509 pro
558 1464 670 1499 licita
697 1465 839 1499 Missae
865 1464 1130 1500 celebratione
1182 1493 1189 1500 .
1292 1493 1300 1500 .
1402 1492 1409 1500 .
1513 1494 1519 1500 .
1595 1467 1665 1501 821
1719 1467 1787 1503 137

156 1523 214 1557 De
239 1522 323 1557 loco
349 1534 465 1567 super
489 1534 604 1568 quem
631 1523 694 1558 vel
721 1523 762 1557 in
789 1534 866 1568 quo
891 1523 1012 1558 missa
1037 1524 1270 1559 celeb-anda
1295 1529 1356 1559 est
1405 1553 1411 1558 .
1720 1526 1787 1561 141

157 1581 224 1616 Ius
249 1581 482 1626 praecedens
519 1609 526 1616 .
740 1609 747 1616 .
851 1609 857 1616 .
961 1610 967 1617 .
1072 1612 1078 1618 .
1182 1610 1189 1617 .
1293 1611 1299 1617 .
1404 1613 1409 1618 .
1515 1611 1521 1618 .
1719 1585 1791 1620 142

156 1640 224 1674 Ius
249 1651 297 1674 ex
323 1639 463 1675 Codice
517 1668 524 1674 .
627 1668 633 1675 .
737 1667 744 1674 .
959 1668 967 1676 .
1071 1669 1078 1676 .
1181 1669 1188 1676 .
1291 1669 1298 1676 .
1402 1670 1409 1677 .
1513 1672 1518 1676 .
1595 1643 1666 1678 822
1716 1644 1785 1680 143

158 1698 354 1744 Speciales
379 1698 669 1744 prohibitiones
700 1711 817 1734 causa
842 1700 918 1734 loci
943 1700 1222 1736 celebrationis
1296 1729 1303 1735 .
1407 1728 1414 1735 .
1517 1730 1523 1735 .
1580 1694 1671 1736 v823
1721 1703 1791 1738 146

413 1827 510 1863 AR'r.
536 1827 600 1862 IV.
627 1828 684 1863 De
708 1831 926 1864 missarum
951 1830 1204 1876 eleemosynis
1229 1840 1297 1865 seu
1322 1831 1541 1875 stipendiis.

156 1921 336 1956 Canones
361 1922 526 1956 824-844.
1718 1925 1790 1960 148

156 1980 335 2016 Schema:
364 1982 447 2016 Art.
474 1981 540 2015 IV.
571 1982 628 2016 De
654 1982 863 2017 missarum
889 1982 1153 2029 eleemosynis
1180 1994 1250 2018 seu
1276 1983 1488 2028 stipendiis
1512 2010 1520 2018 .
1718 1985 1790 2019 149

154 2038 365 2084 Inscriptio
391 2040 551 2074 articuli
1718 2044 1783 2078 151

155 2097 258 2132 Ordo
283 2109 478 2132 canonum
517 2126 524 2133 .

154 2154 212 2191 De
237 2157 348 2191 licito
373 2158 572 2203 stipendio
598 2159 806 2193 missarum
849 2186 856 2193 .
959 2186 966 2193 .
1072 2189 1078 2194 .
1182 2187 1190 2194 .
1293 2187 1300 2194 .
1404 2188 1410 2194 .
1514 2190 1519 2195 .
1598 2161 1669 2195 824
1742 2176 1756 2191 ι

153 2215 211 2249 De
237 2215 382 2250 illicita
407 2216 594 2260 stipendii
619 2218 855 2262 receptione.
958 2245 964 2252 .
1068 2245 1076 2252 .
1181 2246 1188 2252 .
1292 2246 1299 2253 .
1403 2247 1409 2253 .
1515 2246 1521 2252 .
1598 2219 1668 2254 825
1720 2219 1788 2254 156

152 2273 375 2308 Diversitas
400 2275 687 2320 stipendiorum
733 2303 739 2310 .
844 2304 850 2310 .
957 2304 964 2311 .
1068 2303 1076 2311 .
1180 2304 1187 2311 .
1292 2304 1298 2311 .
1402 2304 1409 2311 .
1513 2307 1518 2311 .
1595 2278 1666 2312 826
1715 2277 1783 2313 157

151 2331 287 2367 Vetita
312 2334 595 2376 negotiationis
621 2335 768 2379 species
794 2335 840 2370 de
866 2336 1075 2370 missarum
1101 2335 1313 2381 stipendiis
1402 2363 1409 2369 .
1513 2363 1520 2370 .
1595 2337 1665 2372 827
1716 2328 1788 2372 158

153 2390 259 2433 Quot
284 2392 423 2426 missae
449 2392 703 2437 applicandae
728 2405 797 2439 pro
823 2394 1113 2440 stipendiorum
1139 2406 1303 2430 numero
1402 2422 1410 2429 .
1513 2422 1520 2428 .
1595 2395 1666 2430 828
1717 2396 1787 2430 159

152 2449 419 2495 Obligationis
444 2451 501 2485 ad.
517 2452 791 2497 applicandam
817 2454 978 2488 missam
1004 2453 1254 2499 perpetuitas
1292 2481 1299 2488 .
1403 2481 1410 2487 .
1513 2481 1519 2487 .
1596 2453 1667 2488 829
1717 2454 1788 2488 160

152 2506 420 2553 Obligationis
445 2510 570 2554 quoad
594 2511 734 2545 missas
759 2511 1014 2557 applicandas
1040 2512 1321 2557 interpretatio
1402 2539 1409 2546 .
1513 2539 1519 2545 .
1595 2512 1666 2547 830
1738 2527 1753 2543 ο

151 2566 257 2600 Taxa
282 2567 482 2612 synodalis
509 2569 572 2603 vel
598 2569 826 2605 dioecesana
848 2597 861 2605 .-
959 2598 965 2605 .
1070 2599 1077 2605 .
1182 2598 1189 2604 .
1291 2597 1298 2604 .
1401 2598 1408 2605 .
1512 2598 1519 2605 .
1594 2571 1661 2606 831

150 2624 252 2667 Quid
278 2625 396 2660 liceat
422 2627 613 2661 sacerdoti
640 2633 818 2673 respectu
844 2633 960 2663 taxae
987 2629 1239 2664 dioecesanae
1291 2655 1299 2664 .
1402 2656 1410 2664 .
1511 2653 1521 2664 .
1595 2629 1665 2664 832

149 2683 206 2718 De
231 2683 527 2719 conditionibus
553 2687 745 2730 appositis
771 2687 819 2721 ab
845 2685 1037 2722 offerente
1064 2684 1308 2733 stipendium
1401 2714 1408 2722 .
1511 2715 1517 2721 .
1595 2687 1665 2722 833
1740 2703 1753 2718 »

147 2742 204 2776 De
230 2746 403 2787 tempore
429 2743 700 2788 adimplendae
727 2745 986 2791 obligationis
1012 2758 1060 2781 ex
1085 2745 1264 2780 manuali
1290 2746 1517 2792 stipendio.
1593 2745 1663 2781 834
1716 2745 1784 2780 163

148 2799 279 2835 Limes
304 2812 467 2836 onerum
493 2802 703 2838 Missarum
729 2805 839 2839 licite
866 2805 1184 2850 recipiendorum
1287 2832 1294 2839 .
1508 2832 1516 2839 .
1592 2805 1663 2840 835
1713 2805 1783 2840 164

148 2859 316 2894 Monitio
341 2860 518 2895 facienda
543 2861 584 2895 in
611 2862 846 2907 quibusdam
868 2864 1045 2899 ecclesiis
1063 2864 1189 2909 quoad
1207 2831 1434 2909 recipienda
1455 2864 1523 2898 sti-

242 2919 384 2963 pendia
409 2920 736 2956 missarum..
841 2949 848 2956 .
953 2952 958 2958 .
1062 2949 1070 2958 .
1173 2950 1180 2958 .
1285 2949 1291 2957 .
1395 2950 1401 2957 .
1505 2950 1513 2957 .
1588 2923 1658 2958 836

1691 3026 1709 3045 0
