1971 3261
122 129 214 166 (Em.
244 131 336 166 1050
647 131 731 165 TiT.
765 132 848 166 VII.
879 153 891 158 -
920 134 974 169 D:
1009 136 1269 171 Mart-immeto
1690 141 1757 175 547

127 254 318 306 nequeat,
363 251 664 305 praescriptum
711 256 794 294 est:
838 265 916 308 pro
961 253 1148 295 oiimi'tms
1193 254 1318 297 Sedes·
1359 256 1599 313 Apostoli'ca
1644 258 1760 302 adiri

122 318 253 372 debet,
280 324 321 362 ut
349 319 525 374 videtur,
551 320 600 363 ad
628 320 703 364 boc
738 323 846 378 quod
883 326 1056 379 aequius
1089 324 1410 380 dispensationis
1444 331 1657 371 concessio
1695 330 1757 373 rel

123 389 341 446 denegatio
367 390 572 434 iudicetur
598 393 634 433 in
661 405 772 444 casu,
792 398 972 436 attamen
998 398 1251 438 contrarium
1281 397 1546 453 dispensandi
1577 414 1594 437 «
1619 405 1757 442 actum

121 473 210 503 esse
245 460 401 504 nullum
437 474 633 517 expresse
671 463 732 505 rel
768 465 1083 518 aequixalenter
1117 479 1194 508 non
1230 469 1426 510 statuitur
1452 484 1487 508 ».
1509 494 1560 499 ——
1585 468 1756 513 Videtur

121 531 320 587 implicite
351 532 590 575 coutirinari
623 534 771 577 (Iuriac
807 534 1015 578 Roiminac
1059 536 1210 593 stylum
1258 541 1496 594 ceteroquin
1547 542 1752 596 xigentem

121 607 207 657 post
242 603 435 646 Codicem
471 604 519 646 ad
558 617 743 647 normam
780 618 870 648 can.
892 607 986 659 2423,
1012 613 1036 659 ᾗ
1063 607 1098 659 2,
1126 621 1295 664 nempe:
1334 614 1372 651 ut
1407 611 1754 654 concurrentibus

119 673 440 729 impedimentis,
474 687 650 730 quorum
697 675 948 731 dispensatio
994 689 1071 719 una
1105 682 1162 719 est
1200 690 1271 733 per
1305 679 1342 720 S.
1378 676 1750 735 Congregationem

117 748 241 801 atque
272 744 351 787 alia
387 758 459 797 per
491 746 529 788 S.
573 745 933 789 l’oenitentiariam
970 747 1224 802 elargienda,
1261 750 1394 803 primo
1448 748 1512 791 illa
1562 754 1752 805 expostu-

122 813 229 857 letur
262 828 335 870 pro
370 815 455 857 soro
499 820 686 869 externo,
722 818 881 859 reticito
925 817 1086 860 occuito
1131 818 1204 859 t'ori
1250 820 1396 860 interni
1443 819 1752 874 impedimento,

115 885 223 941 quod
261 890 398 941 postea
443 899 535 929 cum
581 886 774 930 omnibus
815 900 936 930 casus
973 890 1314 941 circumstantiis,
1347 889 1416 931 sed
1455 889 1576 931 modo
1612 892 1648 931 in
1685 889 1753 932 illo

115 955 327 999 Tribunali
354 959 514 1010 usitato,
539 963 598 1000 est
623 958 662 1001 S.
690 958 1032 1001 l'oenitentiariae
1057 959 1387 1014 proponendum,
1411 960 1604 1003 addendo
1628 962 1753 1004 tuisse

114 1026 283 1070 alterius
318 1028 602 1084 impedimenti
638 1029 987 1085 dispensationem
1025 1043 1096 1085 pro
1132 1031 1217 1071 t'oro
1252 1035 1425 1072 externo
1459 1029 1682 1073 obtentam.

235 1098 502 1142 l'roliibitioni
540 1112 636 1141 usus
669 1099 875 1143 facultatis
907 1100 1173 1155 dispensandi
1212 1113 1284 1155 per
1320 1097 1589 1143 [patinarium
1626 1101 1750 1144 subii-

113 1171 220 1212 citur
252 1171 466 1226 exceptio:
502 1170 540 1212 si
574 1176 709 1213 tamen
745 1170 785 1227 a)
822 1169 1161 1228 impedimentum
1199 1170 1237 1225 bj.
1265 1184 1337 1212 seu
1374 1170 1748 1227 inmedimenta,ut

111 1252 235 1295 supra
260 1240 468 1284 declarata
494 1243 672 1295 luerunt,
695 1254 822 1298 saper
854 1239 1002 1298 quibus
1035 1240 1283 1298 dispensare
1311 1257 1332 1281 «
1357 1243 1450 1298 quis
1472 1256 1512 1295 ³),
1539 1246 1580 1284 ut
1613 1247 1745 1298 antea,

108 1315 259 1366 potest,
293 1311 609 1368 eomperiantm·
642 1324 720 1354 non
758 1315 884 1367 prius,
918 1314 1013 1369 quia
1050 1316 1146 1354 tunc
1180 1311 1386 1354 servanda
1428 1316 1534 1354 esset
1579 1324 1743 1368 praece-

109 1381 211 1424 dens
244 1394 401 1434 norma,
435 1385 510 1426 etsi
545 1384 623 1425 iam
660 1387 874 1439 porrectae
910 1384 1061 1425 suerint
1093 1395 1237 1438 preces
1260 1381 1522 1438 Apostolicao
1545 1382 1742 1436 Sedi,sed

106 1457 201 1510 post
235 1452 518 1510 impetratam,
553 1454 747 1510 expedito
790 1452 851 1495 vel
893 1458 1049 1496 tantum
1094 1455 1257 1508 signato
1301 1454 1516 1509 rescripto,
1551 1455 1745 1509 qiiamxis

108 1523 290 1566 nondum
327 1529 492 1581 recepto
527 1538 601 1568 nec
635 1529 860 1582 exequuto,
885 1538 909 1566 a
943 1524 1099 1568 Sancta
1135 1522 1239 1567 Sede
1273 1525 1385 1566 iuxta
1410 1522 1742 1580 can.71l1'spen-

107 1594 327 1652 sationem,
371 1596 460 1638 sais
501 1595 780 1654 sacaltatilms
821 1595 1001 1639 obtentis
1043 1609 1136 1639 «ex
1185 1594 1388 1637 indulto»
1429 1599 1471 1637 ut
1513 1606 1636 1650 supra
1683 1595 1744 1637 ati

103 1667 260 1724 poterit
297 1666 432 1710 valide
466 1680 513 1711 ac
547 1670 714 1710 omnino
750 1666 873 1722 licite,
899 1667 1127 1710 dummodo
1168 1665 1476 1721 «dispensetur
1509 1678 1602 1707 cum
1638 1667 1740 1708 iusta

106 1743 143 1781 et
180 1738 411 1783 rationabili
445 1751 584 1792 causa,
620 1738 756 1781 babita
804 1740 961 1781 ratione
1003 1738 1223 1794 gravitatis
1267 1736 1369 1792 legis
1401 1748 1422 1779 a
1457 1748 1535 1792 qua
1576 1736 1739 1791 dispen-

104 1815 218 1853 satur
240 1825 262 1850 >³
301 1811 340 1852 in
375 1822 471 1853 casu
507 1822 604 1866 erga
639 1823 761 1867 quem
799 1810 1023 1852 intervenit
1056 1808 1135 1851 alia
1173 1808 1211 1852 S.
1246 1807 1364 1851 Sedis
1397 1806 1664 1862 dispensatio,
1690 1807 1739 1849 ad

105 1893 292 1925 normam
328 1894 417 1925 can.
455 1881 524 1936 84,
559 1880 627 1924 ubi
662 1886 756 1923 sunt
789 1881 894 1923 aliae
927 1879 1138 1923 clausulae
1174 1877 1470 1934 ponderandae
1505 1879 1542 1919 in
1579 1880 1710 1933 praxi.

223 1952 320 1995 445.
357 1954 638 2009 Amplitudo
681 1954 924 2009 implicita
962 1952 1134 1996 indulti
1169 1949 1438 2006 generalis.
1475 1973 1527 1977 —
1562 1948 1601 1991 S.
1635 1947 1739 1991 Con-

103 2025 335 2079 gregationi
359 2024 410 2066 de
434 2023 651 2079 disciplina
671 2024 1035 2066 sacramentorum
1071 2033 1250 2077 sequens
1283 2018 1454 2062 dubium
1483 2021 1737 2074 propositum

103 2095 177 2137 t'uit
202 2093 238 2137 ²:
268 2110 289 2134 «
313 2107 377 2149 an,
404 2096 516 2137 iuxta
551 2099 736 2137 tenorem
771 2092 1042 2136 formularum
1078 2104 1221 2134 sacrae
1254 2088 1418 2146 Congr⁵.
1444 2088 1495 2131 de
1520 2088 1737 2144 disciplina

101 2167 481 2220 sacramentorum,
526 2167 564 2207 in
608 2167 876 2208 concessione
924 2164 1280 2219 dispensationum
1333 2159 1385 2203 ab
1429 2159 1738 2215 impedimentis

104 2235 479 2279 matrimonialibus
502 2249 551 2278 ex
577 2237 713 2278 causis
746 2233 974 2277 inhonestis
1009 2232 1180 2288 intelligi
1214 2230 1363 2274 debeat
1395 2231 1517 2273 tacite
1541 2242 1737 2272 concessa

100 2303 324 2350 Ordinario
358 2308 481 2350 etiam
528 2305 701 2349 facultas
745 2304 985 2348 declarandi
1030 2303 1257 2359 legitimam
1305 2300 1461 2357 prolem
1502 2304 1735 2356 susceptam

99 2383 193 2421 ante
240 2379 528 2421 executionem
579 2376 900 2433 dispensationis
933 2380 971 2418 et
1004 2374 1327 2419 celebrationem
1379 2373 1647 2414 matrimonii.
1682 2396 1734 2401 —

99 2447 254 2492 Eadem
289 2448 327 2492 S.
362 2447 528 2504 Congu,
564 2461 606 2491 re
640 2452 801 2491 mature
846 2459 1061 2504 perpensa,
1097 2444 1350 2501 respondere
1383 2443 1566 2486 censuit:
1602 2440 1733 2497 Nega-

99 2521 195 2574 ure,
228 2519 298 2563 sed
333 2521 488 2577 requiri
524 2524 567 2562 ut
601 2518 727 2575 prolis
761 2518 1004 2574 legitimatio
1036 2516 1088 2560 ab
1121 2513 1356 2559 oratoribus
1397 2518 1559 2570 petatur
1602 2524 1734 2569 eaque

99 2592 136 2632 in
174 2592 373 2646 rescripto
407 2590 661 2634 concedatur
684 2605 722 2631 ».

216 2664 330 2705 Hanc
354 2662 664 2717 responsionem
690 2660 850 2703 salvam
878 2658 1022 2713 volun,
1041 2662 1340 2713 extensamque
1361 2660 1402 2698 ut
1422 2657 1459 2697 in
1481 2657 1568 2698 iure
1593 2666 1730 2710 praec.

95 2733 145 2776 ad
170 2732 248 2776 alia
273 2732 423 2776 Curiae
448 2731 657 2775 Romanae
690 2731 910 2774 dicasteria
939 2731 976 2771 vi
1001 2729 1221 2772 adiunctae
1256 2732 1297 2770 ut
1333 2728 1434 2769 intra
1460 2726 1729 2781 exceptionis,

212 2890 224 2912 1
251 2888 296 2923 29
322 2887 406 2922 Ian.
436 2887 539 2928 1909,
565 2885 641 2921 CO.
668 2885 698 2926 I,
724 2885 806 2918 214.
