1971 3261
658 152 743 187 ΤΙΤ.
773 153 838 187 IV.
862 174 873 179 -
895 155 951 189 De
978 156 1222 191 Poenitentia
1688 160 1758 194 269

827 344 971 379 meti·
1000 345 1052 379 lll.

526 427 580 462 De
606 426 783 462 subiecto
810 429 1043 463 sacramenti
1072 430 1349 472 poenitentiae.

168 539 252 576 Cis.
282 538 363 573 901.
407 559 423 564 —
465 538 532 582 Qui
573 543 647 584 post
686 537 899 584 baptismum

118 588 281 623 mortalia
308 587 531 633 perpetravit,
552 597 641 632 quae
661 585 817 620 nondum
842 597 900 631 per

117 635 233 671 claves
273 634 443 669 Ecclesiae
472 633 601 668 directe
629 633 772 668 remissa
803 639 897 674 sunt,

118 682 220 718 (lebet
253 681 371 716 omnia
407 692 555 726 quorum
595 684 667 726 post
695 680 899 724 diligentem

116 732 169 765 sui
197 729 449 764 discussionem
477 727 726 763 conscientiam
759 727 897 768 habeat,

117 777 273 813 confiteri
290 781 321 811 et
337 775 620 811 circumstantias
635 775 669 809 in
683 775 900 810 confessione

115 824 301 870 explicare,
323 834 411 869 quac
428 823 578 869 speciem
600 823 727 868 peccati
750 827 897 858 mutent.

165 871 249 907 CAN.
280 870 359 908 9⁰2).
388 891 404 896 -
435 871 576 906 Peccata
593 874 665 916 post
686 870 898 915 baptismum

115 919 319 961 commissa,
348 918 419 953 sive
455 917 612 954 mortalia
648 917 776 952 directe
805 922 898 963 pote-

112 972 203 1002 state
228 966 379 1002 clavium
412 965 481 1001 iam
512 965 670 1006 remissa,
691 965 763 999 sire
783 965 898 1000 venia-

118 1014 174 1054 lia,
201 1018 283 1049 sunt
317 1013 461 1048 materia
499 1012 688 1053 sufficiens,
730 1012 787 1047 sed
825 1024 895 1047 non

117 1061 309 1097 necessaria
337 1060 545 1096 sacramenti
575 1059 818 1106 poenitentiae.

163 1108 248 1145 Cis.
271 1107 351 1143 903.
383 1129 398 1133 -
429 1108 495 1152 Qui
522 1108 623 1143 aliter
648 1107 804 1142 confiteri
825 1118 894 1142 non

117 1161 273 1203 possunt,
297 1167 367 1191 non
388 1155 629 1201 prohibentur,
651 1156 677 1189 si
699 1155 818 1195 velint,
839 1166 897 1200 per

116 1205 341 1251 interpretem
368 1203 540 1243 confiteri,
575 1202 810 1248 praecavendo
835 1202 893 1237 ab·

113 1263 198 1287 usus
236 1256 269 1286 et
310 1251 489 1288 scandala.
536 1249 635 1284 firmo
683 1249 896 1296 praescripto

114 1310 194 1334 can.
225 1296 306 1333 889.
336 1302 354 1344 ,ξ
384 1297 417 1333 ⁵2.

161 1347 245 1382 Cis.
276 1344 356 1380 904.
389 1366 405 1371 —
434 1345 486 1380 Ad
526 1355 686 1380 normam
727 1343 894 1380 constitu-

977 546 1042 574 tum
1081 541 1314 586 poenitentiae,
1351 543 1359 576 1
1395 542 1470 577 Ιυη.
1514 541 1616 583 1741,
1653 544 1752 579 debet

978 587 1159 631 poenitens
1185 590 1410 631 sacerdotem,
1439 601 1534 625 reum
1562 591 1676 625 delicti
1693 592 1756 625 sol-

976 634 1177 669 licitationis
1205 637 1238 669 in
1267 638 1494 678 confessione,
1531 638 1622 673 intra
1657 649 1753 673 men-

974 693 1044 715 sem
1073 682 1281 717 denuntiare
1311 685 1370 719 loci
1397 686 1596 720 (irtiinario.
1621 685 1672 720 vel
1693 686 1751 720 Sa-

973 740 1049 763 crae
1078 729 1344 773 (Iongrcgationi
1375 732 1409 766 S.
1441 732 1578 769 Ollicii:
1608 738 1639 767 et
1671 745 1752 767 con-

975 776 1138 811 fessarius
1176 778 1286 817 debet,
1322 779 1473 823 graviter
1511 785 1652 814 onerata
1678 780 1753 815 eius

973 824 1201 860 conscientia.
1230 826 1271 859 dc
1300 826 1362 860 lioc
1379 837 1482 862 onere
1519 828 1750 872 poenitentem

975 881 1127 905 monere.

1021 918 1105 953 (jis.
1136 918 1215 953 9⁰5.
1244 940 1260 944 -
1289 918 1407 954 Cuivis
1446 920 1536 956 fideli
1577 921 1749 965 integrum

971 970 1021 1000 est
1048 966 1259 1001 confessario
1275 967 1426 1011 legitime
1441 968 1631 1013 approbato
1646 968 1748 1003 etiam

971 1012 1060 1047 alius
1089 1014 1188 1056 ritus,
1217 1014 1269 1048 cni
1300 1015 1475 1055 maluerit,
1518 1020 1654 1061 peccata
1688 1028 1749 1050 sua

971 1060 1142 1095 confiteri.

1020 1106 1105 1143 Cn.
1136 1108 1214 1142 tion.
1248 1129 1264 1133 -
1294 1109 1420 1142 tlmnis
1448 1110 1627 1155 utriusque
1650 1120 1749 1144 sexus

973 1154 1094 1191 fidelis.
1116 1160 1298 1201 postquam
1318 1156 1360 1190 ad
1388 1167 1500 1191 annos
1518 1157 1748 1192 discretionis.

971 1202 1057 1238 idest
1083 1204 1125 1237 ad
1155 1214 1255 1237 usum
1283 1203 1440 1242 rationis,
1472 1204 1676 1250 pervenerit,
1702 1209 1747 1239 te-

970 1255 1072 1285 netur
1098 1250 1215 1285 omnia
1239 1256 1377 1296 peccata
1407 1263 1468 1285 sua
1495 1252 1616 1287 saltem
1643 1252 1746 1287 semel

970 1298 1005 1331 in
1032 1309 1128 1332 anno
1157 1297 1303 1333 fideliter
1329 1298 1499 1333 confiteri,

1017 1345 1099 1380 cic.
1116 1344 1196 1379 907.
1226 1365 1247 1371 -
1275 1345 1458 1391 Praecepto
1472 1346 1658 1381 confitendi
1677 1357 1749 1391 pec—

967 1397 1043 1427 cata
1074 1404 1145 1426 non
1186 1393 1364 1433 satisfacit,
1401 1393 1459 1438 qui
1494 1394 1746 1428 confessionem

111 1393 248 1429 tionum
295 1392 564 1439 apostolicarum
609 1396 641 1427 et
683 1392 893 1427 nominatim

968 1440 1048 1475 facit
1074 1440 1277 1485 sacrilegam
1299 1441 1349 1475 vel
1372 1441 1565 1476 voluntarie
1598 1441 1743 1475 nullam.

109 1441 373 1476 constitutionis
399 1439 573 1475 Benedicti
595 1438 662 1474 xli
699 1438 893 1490 Sacramen-

230 1555 326 1598 229.
363 1556 618 1611 Inscriptio
653 1556 829 1611 capitis
863 1558 911 1600 et
935 1557 1059 1600 ordo
1083 1569 1338 1601 canonum.
1365 1581 1417 1585 -—
1442 1555 1638 1611 Sequitur
1665 1554 1739 1597 Ca-

107 1631 186 1684 pul
221 1624 285 1669 ΙΙΙ
304 1628 572 1682 inscriptum:
611 1624 669 1667 He
702 1623 884 1667 subiecto
907 1624 1063 1668 scilicet
1086 1642 1092 1668 :
1129 1625 1179 1668 de
1204 1625 1313 1669 fideli
1336 1625 1552 1681 baptizato,
1575 1627 1643 1682 qui
1671 1628 1744 1668 rite

108 1697 334 1754 dispositus
370 1701 497 1754 potest
533 1695 721 1740 obtinere
754 1695 946 1739 eflectum
980 1688 1239 1739 sacramenti
1268 1696 1555 1753 poenitenliae
1587 1697 1743 1739 deliniti

108 1781 158 1812 ac
191 1768 385 1825 explicati
420 1770 457 1810 in
491 1779 581 1811 can.
617 1767 716 1821 870,
749 1780 820 1810 seu
855 1769 1031 1823 gratiam
1074 1772 1339 1823 peccatorum
1375 1769 1648 1810 remissivam.
1689 1793 1739 1798 —-

110 1839 200 1883 Duo
225 1841 384 1896 priores
416 1846 604 1882 canones
631 1838 729 1884 901,
766 1838 849 1880 902
884 1838 1161 1881 determinant
1197 1837 1297 1881 illud
1331 1838 1563 1881 subiectum
1606 1851 1740 1894 respe-

107 1982 298 2025 fessionis
332 1980 593 2037 peragendae
628 1980 749 2022 modo
783 1979 859 2023 sul)
884 1983 1008 2023 certis
1031 1982 1370 2033 circumstantiis,
1392 1992 1438 2023 ac
1459 1980 1540 2023 904
1567 1980 1617 2023 de
1641 1980 1740 2024 obit-

109 2054 275 2108 gatione
309 2055 347 2094 in
382 2051 473 2094 aliis
506 2055 736 2107 exurgente
769 2050 846 2094 sub
880 2052 1150 2094 confessionis
1183 2053 1413 2094 occasione.
1449 2050 1514 2093 lus
1552 2051 1601 2093 ad
1646 2065 1742 2094 con-

108 2124 326 2166 fessarium
362 2122 600 2179 eligendum
637 2122 875 2165 vindicatur
909 2121 1101 2165 fidelibus
1136 2124 1173 2163 in
1209 2134 1298 2164 can.
1324 2122 1421 2170 9035,
1457 2134 1503 2165 ac
1538 2122 1589 2165 de
1615 2122 1741 2166 eccle·

107 2196 272 2238 siastico
306 2193 530 2237 confitendi
557 2198 777 2250 praecepto
810 2198 903 2239 sunt
938 2193 1020 2235 duo
1061 2195 1256 2249 postremi
1301 2206 1480 2236 canones
1510 2193 1608 2246 906,
1642 2194 1739 2236 907.

228 2265 325 2310 230.
360 2266 643 2311 Subiectum
677 2279 740 2310 ex
772 2267 877 2310 iure
910 2266 1076 2309 divino
1110 2267 1173 2309 ad
1208 2266 1542 2321 poenitentiae
1575 2279 1740 2310 sacra-

107 2338 256 2383 menti
289 2338 652 2393 susceptionem
687 2337 977 2392 obligatum.
1010 2361 1066 2364 —
1099 2334 1221 2378 Cone.
1247 2334 1357 2378 Trid.
1393 2336 1511 2378 (locet
1537 2337 1574 2377 in
1601 2348 1688 2391 cap.
1716 2338 1730 2377 1

105 2421 204 2451 sess.
241 2405 358 2450 XIV:
399 2409 482 2451 «Si
516 2419 562 2450 ea
598 2409 637 2449 in
671 2408 928 2463 regeneratis
973 2405 1166 2448 omnibus
1208 2405 1418 2462 gratitudo
1461 2418 1560 2461 erga
1607 2405 1735 2449 Deum

100 2483 225 2532 esset,
261 2482 304 2521 ut
338 2480 533 2521 iustitiam
570 2480 609 2520 in
644 2477 862 2534 baptismo,
899 2478 1025 2533 ipsius
1049 2475 1251 2519 beneficio
1276 2481 1312 2519 et
1333 2478 1480 2533 gratia,
1502 2481 1735 2533 susceptam

107 2553 343 2592 constanter
376 2553 606 2603 tuerentur,
640 2562 720 2591 non
755 2549 895 2591 suisset
930 2560 1046 2603 opus,
1081 2546 1191 2590 aliud
1225 2546 1277 2590 ab
1312 2550 1397 2604 ipso
1433 2546 1635 2604 baptismo
1673 2561 1735 2590 sa-

104 2624 364 2664 cramentum
398 2619 449 2663 ad
486 2625 751 2676 peccatorum
802 2620 1086 2662 remissionem
1127 2631 1215 2661 esse
1250 2620 1495 2662 institutum.
1531 2618 1733 2672 Quoniam

105 2695 242 2733 autem
278 2688 400 2745 Deus,
435 2690 554 2734 dives
587 2693 625 2732 in
662 2689 961 2735 misericordia,
1006 2691 1201 2745 cognorit
1248 2690 1489 2746 figmentum
1536 2694 1734 2731 nostrum.

101 2760 184 2803 illis
215 2763 337 2804 etiam
376 2763 484 2804 vitae
517 2761 748 2804 remedium
784 2759 969 2814 contulit,
1005 2761 1073 2816 qui
1108 2773 1151 2802 se
1188 2766 1326 2816 postea
1363 2762 1400 2802 in
1428 2761 1733 2816 peccatiservi-

101 2835 247 2883 tutem,
282 2836 322 2875 et
354 2831 569 2875 daemonis
604 2835 847 2887 potestatem
884 2829 1164 2884 tradidissent,
1197 2835 1505 2874 sacramentum
1542 2830 1733 2873 videlicet

99 2905 394 2959 poenitentiae,
427 2916 509 2961 quo
542 2903 666 2959 lapsis
701 2906 787 2958 post
824 2901 1088 2957 baptismum,
1125 2900 1373 2946 beneficium
1410 2903 1552 2944 mortis
1584 2899 1732 2945 Christi
