1971 3261
624 190 707 225 Trr.
738 191 821 224 VH.
850 211 860 216 -
889 191 945 225 De
973 192 1233 225 Matr-monio
1682 192 1751 226 485

238 312 336 354 395.
371 313 628 368 inscriptio
660 312 825 356 Tituli.
861 335 912 340 —-—
953 310 1032 353 lam
1069 311 1318 353 devenimus
1350 310 1399 352 ad
1454 309 1632 352 'l'itnlnm
1681 309 1754 353 Vll

121 385 288 426 maioris
323 384 517 425 momenti
552 394 624 437 pro
658 381 770 424 civili
806 395 854 423 ac
880 383 1070 437 religiosa
1094 383 1291 423 societate
1317 383 1558 437 inscriptum
1590 380 1646 424 De
1671 396 1752 423 nm-

120 452 331 505 trimonio,
357 465 435 495 non
461 452 610 501 solum,
634 454 829 508 utramvis
853 454 1076 507 praecipue
1102 456 1317 502 tractetur,
1341 452 1391 494 ‹le
1418 454 1502 507 ipso
1529 456 1568 494 ut
1593 456 1652 494 est
1685 464 1750 494 sa-

115 529 389 571 cramentum,
427 536 570 566 verum
605 525 728 565 etiam
764 527 969 578 (prutenus
1003 536 1050 565 ex
1089 524 1176 565 iure
1212 522 1386 565 naturali
1423 527 1481 565 est
1518 525 1747 565 institutum

118 597 155 636 iu
190 594 371 637 officium
409 597 594 636 naturae.

237 675 304 710 «ln
334 674 559 710 matrimonio
583 680 633 709 est
661 675 725 710 tria
752 675 995 710 considerare:
1027 676 1169 721 primo»
1202 676 1466 711 matrimonium
1507 676 1539 709 in
1580 675 1650 711 lieri
1692 687 1750 710 seu

114 739 312 770 contractus
339 733 411 779 ipse
439 733 709 768 matrimonialis
735 745 803 779 quo
832 733 882 768 v‘r
907 738 939 768 et
968 734 1092 768 mulier
1111 744 1146 769 se
1167 734 1314 769 invicem
1335 734 1509 779 recipiunt
1530 733 1563 768 in
1586 734 1750 769 maritum

114 799 147 829 et
173 804 336 835 uxorem;
364 797 396 828 et
426 806 440 824 «
457 792 651 827 secundum
681 793 743 827 boe
770 798 912 828 vocatur
939 794 1095 838 nuptiae,
1124 804 1144 828 a
1171 792 1265 834 nubo,
1293 793 1375 838 quia
1403 793 1437 826 in
1474 793 1550 838 ipsa
1584 793 1752 828 solemni·

115 858 183 888 tate
208 852 503 898 desponsationis,
532 862 601 897 qua
629 851 894 887 matrimonium
924 851 1115 898 perficitur,
1144 852 1260 897 capita
1288 852 1497 887 nubentium
1529 852 1635 887 velari
1671 851 1755 887 sole-

117 912 256 951 bant»;
284 911 438 946 secundo
465 911 727 945 matrimonium
758 911 792 945 in
820 921 894 946 esse
921 922 980 946 seu
1009 910 1187 945 vinculum
1218 914 1290 954 (aut
1317 911 1534 953 coniunctio)
1561 910 1654 945 dicto
1672 921 1752 945 con-

115 975 226 1006 tractu
253 975 447 1011 causatum,
473 980 541 1015 quo
568 969 715 1005 maritus
741 974 774 1005 et
801 981 886 1005 uxor
911 970 1162 1005 devinciuntur
1190 970 1320 1005 mutuis
1348 969 1484 1005 iuribus
1511 974 1543 1004 et
1575 969 1753 1014 obligatio-

118 1030 232 1069 nibus.
251 1034 314 1065 «et
331 1029 524 1065 secuudum
546 1029 609 1064 hoc
628 1030 832 1064 nominatur
845 1029 1043 1073 coniugium
1062 1043 1076 1061 »
1093 1041 1100 1069 ;
1115 1033 1147 1064 et
1163 1029 1303 1064 demum
1320 1033 1419 1064 actus
1434 1028 1751 1064 consummationis

118 1088 346 1129 matrimonii,
375 1099 434 1124 seu
460 1088 602 1124 effectus
627 1088 685 1133 qui
713 1093 764 1124 est
792 1088 917 1134 proles,
945 1093 977 1123 et
1005 1088 1088 1123 hinc
1113 1088 1256 1123 sortitus
1282 1092 1333 1123 est
1367 1092 1568 1123 contractus
1601 1098 1640 1122 ac
1677 1087 1751 1121 vin-

114 1148 231 1183 culum
261 1147 474 1182 matrimonii
504 1157 646 1187 nomen,
681 1161 695 1178 α
711 1157 750 1182 ex
779 1147 842 1182 hoc>
868 1146 973 1192 quod,
1003 1151 1040 1181 ut
1067 1146 1285 1191 Augustinus
1309 1146 1394 1181 dicit
1414 1148 1442 1180 ¹:
1465 1146 1590 1181 mulier
1609 1157 1679 1181 non
1699 1146 1753 1181 de—

116 1207 193 1242 beat
219 1206 261 1241 ob
287 1205 381 1241 aliud
409 1205 554 1246 nubere,
584 1206 649 1240 nisi
679 1210 715 1241 ut
741 1206 786 1240 sit
814 1211 971 1241 mater».
1002 1205 1040 1240 D.
1070 1205 1222 1240 Thomas
1249 1205 1390 1240 subdit:
1418 1205 1431 1226 2
1462 1204 1609 1240 «Potest
1646 1205 1750 1240 etiam

116 1263 380 1300 matrimonium
407 1263 506 1309 quasi
533 1263 652 1298 matris
678 1263 844 1304 munium,
874 1263 905 1298 id
933 1268 998 1306 est,
1027 1263 1178 1298 officium
1204 1263 1288 1305 dici,
1309 1263 1391 1309 quia
1420 1263 1560 1298 feminis
1581 1263 1752 1298 incumbit

117 1323 266 1358 maxime
291 1322 496 1358 educandae
523 1322 630 1368 prolis
655 1322 828 1363 officium;
859 1322 910 1358 vel
937 1322 1066 1357 dieitur
1093 1322 1372 1365 matrimonium,
1399 1322 1498 1368 quasi
1519 1328 1656 1356 matrem
1677 1333 1747 1356 mu-

115 1381 220 1423 niens,
246 1381 328 1427 quia
356 1381 424 1417 iam
452 1381 555 1417 babet
581 1392 649 1427 quo
674 1381 884 1417 defendatur
908 1386 942 1416 et,
970 1381 1159 1421 muniatur,
1187 1381 1320 1417 scilicet
1355 1381 1490 1417 virum:
1534 1381 1584 1416 xci
1624 1381 1753 1416 dicitur

116 1441 394 1485 matrimonium,
423 1440 521 1487 quasi
549 1446 689 1475 matrem
717 1451 864 1485 monens,
895 1451 940 1476 ue
967 1440 1080 1475 virum
1107 1440 1270 1486 reliquat,
1310 1440 1409 1475 alteri
1450 1441 1670 1481 adbaerens;
1698 1440 1749 1475 vel

114 1500 242 1536 dicitur
269 1500 548 1541 matrimonium,
576 1499 676 1546 quasi
706 1499 848 1535 materia.
874 1500 989 1541 unius,
1017 1499 1099 1545 quia
1127 1499 1163 1534 in
1189 1510 1228 1535 eo
1257 1500 1291 1534 fit
1319 1499 1520 1534 coniunctio
1558 1500 1601 1534 ad
1641 1510 1748 1534 unam

116 1558 247 1605 prolem
274 1558 501 1594 materialiter
526 1559 777 1602 inducendam,
808 1564 844 1594 ut
870 1558 1006 1594 dicatur
1034 1559 1299 1594 matrimonium
1327 1570 1348 1593 a
1382 1570 1494 1593 monos
1527 1564 1559 1593 et
1597 1558 1750 1600 maceria,

116 1619 166 1654 vel
193 1617 321 1653 dicitur
348 1618 628 1662 matrimonium,
658 1622 695 1653 ut
734 1617 884 1653 lsidorus
922 1618 1019 1653 dicit.
1040 1619 1054 1640 ³
1079 1629 1097 1653 a
1127 1625 1232 1652 matre
1258 1622 1291 1653 et.
1316 1625 1408 1654 nato.
1437 1617 1519 1663 quia
1548 1629 1607 1663 per
1635 1618 1752 1652 matri-

118 1677 274 1713 monium
302 1677 450 1712 efficitur
474 1677 594 1723 aliqua
621 1682 732 1713 mater
759 1677 883 1712 nati».

238 1750 253 1768 «
272 1734 370 1771 Sicut
395 1747 501 1783 supra
526 1736 660 1772 dictum
685 1741 750 1776 est,
779 1737 815 1771 in
845 1737 1070 1772 matrimonio
1095 1737 1162 1771 tria
1187 1736 1468 1775 considerantur,
1496 1741 1529 1772 et
1555 1737 1748 1771 secundum

116 1796 178 1831 hoc
204 1800 274 1831 tres
299 1795 523 1831 definitiones
551 1795 785 1831 inveniuntur
810 1796 852 1830 de
880 1795 1106 1831 matrimonio
1131 1795 1253 1831 datae:
1284 1806 1365 1830 nam
1401 1796 1560 1831 definitio
1595 1794 1755 1840 Hugonis

114 1855 210 1899 (cum
234 1865 304 1900 qua
329 1853 553 1890 definitiones
580 1855 771 1890 Auctorum
797 1854 1078 1890 substantialiter
1103 1854 1335 1898 conveniunt)
1362 1855 1475 1900 tangit
1501 1865 1657 1895 causam,
1688 1854 1753 1889 sci·

114 1913 194 1949 licet
218 1923 430 1948 eonsensum
448 1927 478 1953 »‚
508 1913 567 1959 qui
595 1918 647 1949 est
674 1913 841 1959 precipua
870 1924 948 1959 pars
973 1918 1175 1948 contractus
1203 1913 1475 1949 matrimonialis
1501 1913 1550 1948 sic
1575 1913 1619 1948 ab
1638 1924 1677 1948 eo
1695 1913 1752 1948 de—

115 1971 226 2006 finiti:
256 1972 437 2007 «duarum
466 1971 674 2007 idonearum
705 1983 934 2018 personarum
962 1971 1139 2017 legitimus
1165 1973 1207 2008 de
1233 1972 1483 2008 coniunctione
1517 1983 1754 2007 consensus».

115 2030 322 2066 Contractus
348 2031 444 2066 enim
473 2031 507 2065 in
537 2042 666 2076 genere
693 2036 744 2067 est.
775 2032 954 2067 «duorum
984 2031 1034 2067 vel
1073 2031 1223 2077 plurium
1267 2032 1302 2067 in
1343 2032 1432 2067 idem
1478 2031 1642 2078 placitum
1678 2042 1754 2067 conv

115 2101 288 2125 sensus».
317 2088 416 2134 Quae
441 2091 606 2135 generica
631 2090 790 2126 delinitio
815 2091 858 2126 ad
888 2091 1150 2137 praecedentem
1174 2091 1388 2126 matrimonii
1409 2090 1664 2126 determinatur
1682 2095 1754 2125 tum

115 2149 333 2195 designando
362 2149 480 2195 placiti
508 2150 709 2185 communis
734 2161 794 2185 seu
821 2160 1014 2185 consensus
1054 2150 1242 2185 obiectum.
1284 2150 1416 2185 scilicet
1454 2150 1492 2185 (Ie
1529 2148 1757 2184 coniunctione

115 2208 323 2255 simpliciter
361 2209 452 2244 dicta
492 2213 611 2255 utpote
651 2209 816 2248 naturali,
853 2213 926 2244 tum
965 2220 1024 2256 per
1048 2209 1327 2254 designationem
1354 2220 1585 2256 personarum,
1611 2208 1753 2243 duarum

118 2278 243 2313 nempe
270 2267 305 2302 in
336 2268 575 2309 matrimonio,
605 2273 676 2303 tum
704 2268 933 2314 exprimendo
957 2268 1045 2304 alias
1071 2268 1289 2304 conditiones
1316 2269 1533 2304 necessarias
1563 2268 1598 2302 in
1635 2267 1753 2302 matri-

118 2326 264 2362 moniali
291 2331 472 2362 contractu
500 2338 539 2363 ex
569 2332 665 2373 parte
693 2338 936 2374 personarum,
965 2327 1048 2362 dum
1087 2327 1216 2362 dicitur
1253 2327 1462 2368 idonearum,
1503 2327 1567 2362 viri
1607 2338 1646 2362 ac
1682 2336 1753 2360 mu·

117 2385 224 2426 lieris,
252 2390 332 2428 ete,
358 2391 391 2421 et
415 2396 455 2421 ex
484 2391 580 2432 parte
605 2391 705 2422 actus
731 2386 962 2422 contrahendi
990 2386 1131 2432 quando
1157 2386 1363 2431 adiungitur
1389 2386 1571 2433 leqicimus.
1609 2407 1650 2412 -—
1689 2386 1756 2421 Ma-

116 2445 321 2480 trimonium
351 2456 430 2481 vero
459 2445 662 2487 formaliter,
694 2456 754 2481 seu
796 2445 907 2492 prouti
948 2451 1076 2481 statum
1116 2446 1299 2481 constituit
1338 2446 1648 2487 matrimonialem,
1685 2451 1754 2482 est:

119 2516 134 2535 α
154 2503 246 2539 inter
271 2503 445 2549 legitimas
472 2515 640 2551 personas
667 2505 795 2549 (virum
823 2516 863 2540 ac
888 2505 1083 2545 mulierem.
1109 2506 1192 2549 etc.)
1221 2505 1392 2540 maritalis
1418 2505 1633 2540 coniunctio.
1670 2505 1756 2539 indi-

116 2561 257 2598 viduam
285 2563 376 2599 vitae
402 2563 694 2600 consuetudinem
722 2564 932 2599 retinens».
962 2562 1060 2607 Quae
1091 2563 1281 2599 «definitio
1308 2564 1420 2609 tangit
1458 2565 1645 2600 essentiam
1683 2575 1754 2599 ma-

114 2621 284 2663 trimonii,
310 2622 464 2658 scilicet:
493 2622 770 2665 coniunctionem,
798 2628 831 2658 et
856 2623 953 2658 addit
980 2623 1253 2658 determinatum
1282 2623 1489 2664 subiectum,
1518 2634 1553 2658 ln
1584 2623 1644 2658 boc
1664 2624 1752 2669 quod

114 2680 199 2715 dicit
224 2680 312 2716 inter
337 2681 506 2726 leqicimas
529 2693 700 2728 personas,
730 2682 827 2728 ponit
861 2682 965 2717 etiam
1005 2682 1239 2717 differentiam
1279 2683 1562 2718 contrabentium
1602 2682 1645 2717 ad
1684 2693 1756 2728 spe·

114 2738 216 2782 ciem,
255 2739 288 2773 in
331 2739 393 2775 boc
434 2741 523 2786 quod
564 2740 646 2776 dioit
674 2741 859 2784 maritalis,
889 2741 972 2787 quia
998 2752 1076 2776 curn
1106 2741 1371 2776 matrimonium
1400 2742 1445 2776 sit
1471 2741 1675 2776 coniunctio
1710 2741 1752 2776 ad

114 2797 247 2843 aliquid
276 2809 399 2840 unum,
427 2799 507 2834 talis
533 2800 734 2835 coniunctio
762 2800 797 2834 in
825 2800 975 2846 speciem
1006 2799 1156 2834 trahitur
1184 2811 1243 2846 per
1270 2800 1352 2835 illud
1382 2801 1423 2835 ad
1444 2801 1537 2846 qnod
1556 2801 1752 2842 ordinatur,

236 2894 247 2915 ¹
274 2891 421 2927 Contra
447 2893 653 2934 Faustum,
682 2894 752 2929 lib.
782 2895 890 2937 XIX,
919 2906 1003 2939 cap.
1032 2895 1092 2935 26,
1120 2906 1142 2928 a
1168 2896 1268 2931 med.
1301 2917 1340 2922 «-
1371 2897 1383 2917 2'
1412 2896 1547 2940 Suppl.
1566 2907 1601 2940 q.
1626 2895 1752 2928 XLIV

116 2944 189 2974 art.
211 2940 233 2973 3
251 2951 354 2984 corp.
387 2961 426 2965 —
455 2942 469 2963 3
486 2941 657 2987 Etymol.
678 2941 746 2976 lib.
766 2942 833 2983 IX,
853 2954 934 2986 cap.
958 2942 1031 2976 ult.
1051 2942 1140 2976 circ.
1156 2943 1254 2977 med.
