1971 3261
164 115 238 148 304
566 112 651 146 L113.
679 111 752 144 III.
783 130 796 136 -
822 110 931 144 PARS
957 109 988 143 I.
1017 129 1028 134 -
1056 109 1114 143 De
1138 108 1404 143 Sam-amentis
1610 105 1703 141 Can.
1728 105 1801 139 916

165 232 310 268 affixum
336 230 506 276 singulari
533 229 648 269 altari,
677 228 820 263 nonnisi
847 226 1068 262 determinati
1097 225 1292 261 sacerdotes
1320 225 1354 259 in
1381 235 1420 260 eo
1446 224 1661 259 celebrantes
1696 222 1800 268 privi-

169 291 257 336 legio
282 290 433 336 gaudere
461 292 625 334 possunt;
648 308 689 312 —
711 285 749 321 2⁰
767 285 972 332 simpliciter
992 285 1263 331 privilegiatum,
1282 283 1333 319 vel
1352 282 1608 329 privilegiatum
1627 282 1670 317 ad
1690 282 1800 316 instar

166 350 292 386 altaris
310 348 344 384 S.
364 348 519 392 Gregorii
539 348 575 381 in
596 346 713 382 Monte
732 345 837 382 Celio.
866 344 1053 380 Diversitas
1081 344 1171 379 inter
1198 348 1386 388 utrumque
1412 352 1481 377 non
1498 346 1550 376 est
1570 342 1661 376 circa
1688 340 1800 376 indul-

171 407 324 453 gentiam
347 407 555 453 plenariam‚
572 405 629 440 sed
650 409 807 450 respectu
826 404 968 439 divinae
992 403 1260 449 acceptationis;
1287 403 1323 436 in
1350 401 1451 437 altari
1477 400 1572 435 enim
1587 399 1802 444 Gregoriano

168 467 213 502 ad
241 467 352 501 instar
378 465 467 500 ratio
494 464 654 511 specialis
680 463 827 511 habetur
853 462 1063 509 proveniens
1088 467 1161 496 tum
1181 461 1224 497 ob
1243 460 1428 507 specialem
1452 460 1546 494 illius
1571 458 1672 494 altari
1698 457 1802 493 desti-

172 525 350 561 nationem
376 525 419 560 ab
447 523 597 559 Ecclesia
625 523 761 564 factam,
789 527 863 557 tum
891 521 932 558 ob
961 521 1168 567 peculiarem
1197 519 1230 555 S.
1258 519 1413 564 Gregorii
1442 517 1740 554 intercessionem.

291 582 413 627 Quoad
452 582 672 618 conditiones
709 581 899 617 servandas
932 581 976 616 ad
1011 580 1196 615 fruendum
1235 579 1336 614 altari
1377 577 1605 624 privilegiato,
1636 576 1721 611 haec
1755 580 1802 610 te—

174 647 336 678 neantur.
360 642 474 677 Antea
500 652 586 688 opus
611 646 697 684 erat,
727 645 763 675 ut
789 640 949 676 sacerdos
975 639 1165 674 celebraret
1200 639 1343 673 missam
1370 637 1408 671 de
1433 636 1588 683 requiem,
1616 635 1805 670 dummodo

173 702 207 737 id
235 701 492 748 permitteretur
516 711 537 736 a
564 700 724 736 Rubricis
744 702 767 742 1,
794 704 911 745 atque,
941 699 967 733 si
998 710 1066 734 non
1094 698 1273 733 dedeceret
1298 696 1434 731 ratione
1462 695 1687 741 expositionis
1713 692 1803 728 Ssrhi

174 760 405 802 Sacramenti,
425 761 497 795 sive
523 759 684 795 stationis
704 759 739 793 in
770 758 935 800 Ecclesia,
968 759 1039 793 sive
1064 757 1208 792 alterius
1233 755 1477 795 solemnitatis,
1495 742 1590 789 illam
1617 753 1805 788 celebraret

172 830 253 854 curn
282 819 495 865 paramentis
524 819 633 863 nigris
651 819 676 853 2.
697 818 815 853 Postea
835 818 871 852 in
891 817 1052 853 Rubricis
1067 818 1110 852 ad
1130 827 1291 852 normam
1316 820 1428 850 const.
1458 828 1472 846 «
1497 813 1622 849 Divino
1647 812 1765 848 afflatu
1786 826 1801 843 ι)

178 878 224 912 Pii
255 878 280 913 X
310 878 435 923 legitur
463 877 543 923 (Tit.
571 877 613 918 X,
644 889 680 912 n.
710 876 767 922 5):
801 891 816 910 «
838 877 925 912 Cum
962 881 1077 911 autem
1114 881 1151 910 ut
1184 875 1353 921 applicari
1395 873 1528 920 possint
1565 870 1806 916 Indulgentiae

177 937 304 972 Altaris
333 936 554 983 privilegiati,
584 936 709 972 Missae
747 937 990 972 defunctorum
1018 935 1202 970 debuerint
1220 935 1400 979 hucusque
1427 933 1461 967 in
1489 932 1599 976 nigris
1624 930 1804 971 celebrari,

174 995 211 1032 S.
244 996 399 1031 Pontifex
423 997 563 1031 easdem
593 996 831 1040 indulgentias
858 996 893 1029 in
924 1000 1097 1041 posterum
1135 994 1285 1038 benigue
1317 991 1488 1032 concedit,
1517 991 1599 1026 licet
1624 990 1731 1025 missa
1756 989 1808 1023 di-

174 1060 274 1090 catur
293 1055 333 1090 de
356 1055 451 1096 seria,
470 1066 547 1090 cum
576 1055 734 1090 oratione
761 1065 821 1101 pro
847 1054 1072 1090 defunctis».
1103 1052 1253 1097 Quando
1279 1063 1405 1097 nempe
1432 1050 1660 1097 prohibentur
1682 1048 1808 1083 missae

176 1114 422 1149 defunctorum
450 1125 488 1149 ex
516 1114 680 1160 praefatis
708 1114 879 1149 Rubi-icis.
898 1134 942 1138 —-
961 1112 1027 1148 Sed
1057 1123 1150 1147 nunc
1180 1111 1268 1157 viget
1294 1111 1405 1146 solum
1435 1109 1542 1145 Dec.¹¹¹
1575 1123 1588 1141 (ι
1611 1108 1808 1153 Augescen-

179 1174 307 1208 tibus»
338 1173 373 1207 S.
403 1173 531 1218 Congr.
562 1172 596 1208 S.
627 1171 670 1208 Ο.
692 1174 706 1195 3
809 1173 895 1207 «Ad
924 1172 1053 1207 Altaris
1089 1171 1309 1217 privilegiati,
1338 1169 1429 1215 quod
1460 1172 1596 1208 vocant,
1624 1166 1809 1211 indulgen-

180 1233 263 1267 tiam
293 1233 510 1267 lucrandam.
536 1244 604 1267 nou
631 1232 786 1278 amplius
814 1232 847 1266 in
879 1235 1052 1277 posterum
1081 1230 1144 1265 sub
1174 1240 1282 1275 poena
1310 1228 1482 1263 nullitatis
1508 1226 1649 1272 requiri,
1668 1225 1808 1260 Missam

180 1292 222 1327 de
248 1292 377 1337 requie,
404 1296 463 1326 aut
491 1292 532 1326 dc
560 1292 644 1327 feria
672 1291 722 1326 vel
753 1291 871 1336 vigilia
897 1302 974 1325 cum
1002 1290 1159 1325 oratione
1196 1288 1350 1324 defuncti
1392 1287 1527 1333 propria
1563 1285 1750 1326 celebrari;
1776 1283 1810 1318 id

180 1355 296 1385 tamen
326 1350 548 1386 laudabiliter
576 1350 661 1391 fieri,
690 1361 770 1385 cum
798 1350 877 1385 licet
902 1361 941 1384 ac
968 1349 1080 1393 decet,
1112 1348 1249 1394 pietatis
1287 1346 1395 1392 gratia
1431 1356 1516 1388 erga
1549 1344 1806 1380 defunctum».

184 1410 228 1444 De
256 1410 318 1445 hac
345 1411 503 1445 clausula
531 1410 627 1445 valde
654 1414 849 1456 opportuna
875 1414 957 1444 sunt
985 1408 1088 1443 verba
1109 1407 1147 1442 l).
1169 1406 1232 1441 Th.
1250 1407 1285 1440 4:
1319 1405 1556 1448 «dicendum,
1584 1404 1674 1449 quod
1702 1402 1738 1437 in
1765 1404 1812 1437 of-

184 1469 260 1504 flcio
286 1469 410 1504 Missae
446 1480 515 1504 non
551 1470 661 1504 solum
698 1474 749 1504 est
783 1468 1007 1509 sacrificium,
1033 1467 1090 1502 sed
1119 1468 1224 1501 etiam
1251 1470 1331 1500 sunt
1367 1465 1412 1500 ibi
1447 1465 1632 1499 orationes.
1664 1462 1701 1497 Et
1737 1461 1811 1496 ideo

182 1528 308 1563 Missae
347 1529 551 1573 suffragium
591 1528 747 1563 continet
781 1529 849 1563 duo
885 1528 1007 1562 horum
1037 1537 1125 1572 quae
1153 1525 1369 1570 Augustinus
1403 1527 1586 1559 enumerat
1603 1524 1628 1563 5,
1658 1521 1809 1556 scilicet:

183 1588 374 1622 orationem
402 1594 434 1623 et
460 1588 683 1622 sacrificium.
708 1587 752 1622 Ex
781 1591 876 1633 parte
902 1598 982 1631 crgo
1008 1585 1166 1621 sacrificii
1194 1584 1298 1619 oblati
1327 1584 1433 1618 missa
1459 1582 1651 1628 acqualiter
1677 1580 1813 1626 prodest

183 1646 359 1687 defuncto,
389 1647 430 1682 de
457 1657 676 1692 quocumque
702 1647 859 1686 dicatur;
888 1650 921 1681 et
947 1645 1009 1680 hoc
1036 1649 1087 1680 est
1115 1643 1339 1690 praecipuum
1358 1642 1450 1688 quod
1480 1641 1516 1675 fit
1542 1641 1578 1675 in
1606 1640 1724 1674 missa.
1746 1638 1812 1674 Sed

181 1716 223 1740 ex
253 1710 347 1750 parte
384 1706 580 1740 orationum
621 1706 731 1750 magis
773 1705 908 1751 prodest
935 1704 994 1739 illa
1022 1704 1056 1738 in
1083 1714 1152 1749 qua
1177 1707 1259 1737 sunt
1285 1692 1459 1737 orationes
1484 1700 1527 1735 ad
1555 1700 1618 1734 hoc
1651 1698 1813 1734 determi-

185 1769 287 1799 natae
307 1779 336 1798 ».
356 1764 393 1799 Et
412 1765 503 1799 banc
523 1776 706 1811 possumus
732 1765 912 1809 assignare
942 1777 956 1795 α
977 1774 1118 1798 causam
1146 1763 1282 1808 pietatis
1308 1771 1388 1806 erga
1413 1760 1617 1795 defunctum
1639 1772 1653 1790 υ
1671 1757 1813 1793 allatam

187 1823 221 1857 in
250 1822 344 1859 Dec.⁰
371 1822 406 1858 S.
437 1823 579 1868 Congr.S
606 1822 673 1858 Sed
699 1834 770 1858 non
799 1827 940 1867 urgetur
967 1823 1002 1856 in
1029 1832 1068 1857 eo
1094 1826 1273 1866 tamquam
1312 1818 1530 1864 obligatoria‚
1557 1817 1640 1863 quia
1665 1816 1811 1851 dicitur:

189 1895 203 1914 «
221 1882 254 1916 id
270 1886 387 1917 tamen
412 1882 632 1918 laudabiliter
648 1882 719 1918 fieri
737 1896 769 1917 ».
788 1881 887 1925 Quod
915 1881 1077 1927 explicari
1100 1884 1209 1926 potest
1226 1879 1340 1914 verbis
1353 1877 1393 1913 D.
1407 1877 1471 1912 Th.
1490 1887 1578 1922 quae
1597 1880 1813 1922 sequuntur:

190 1954 203 1972 α
225 1940 291 1976 Sed
320 1946 436 1976 tamen
464 1942 527 1977 iste
553 1942 707 1977 defectus
733 1941 989 1987 recompensari
1019 1945 1128 1986 potest
1156 1950 1215 1985 per
1241 1938 1407 1973 maiorem
1434 1937 1650 1972 devotionem
1671 1935 1722 1971 vel
1741 1935 1815 1970 eius

187 1999 245 2044 qui
272 1999 356 2034 dicit
383 2000 540 2041 missam,
567 2000 619 2035 vel
645 2000 720 2035 eius
747 2000 804 2046 qui
834 1999 929 2034 iubet
954 1999 1036 2042 dici,
1060 1998 1110 2033 vel
1140 1998 1262 2032 iterum
1291 2007 1351 2042 per
1376 1995 1661 2030 intercessionem
1687 1994 1812 2034 sancti,

184 2057 285 2092 cuius
310 2058 515 2103 suffragium
543 2059 579 2093 in
608 2059 712 2093 missa
741 2059 946 2104 imploratur
966 2072 997 2091 n.

305 2116 493 2162 Hucusque
519 2118 561 2153 de
587 2118 701 2164 prima
734 2118 935 2153 conditione
970 2128 1052 2152 usus
1087 2116 1268 2162 privilegii.
1296 2114 1456 2150 Secunda
1489 2112 1629 2158 respicit
1664 2111 1837 2160 applica-¹

188 2176 293 2210 tionis
319 2177 557 2212 extensionem
585 2181 742 2223 respectu
769 2176 984 2212 animarum.
1013 2175 1058 2211 De
1081 2175 1144 2210 hac
1171 2174 1207 2210 S.
1237 2174 1275 2211 C.
1301 2174 1358 2209 cit.
1377 2174 1391 2195 ⁶
1417 2172 1596 2219 respondit
1625 2170 1667 2206 ad
1694 2180 1813 2216 quaeS.

190 2249 205 2266 «
230 2234 265 2268 10
294 2234 414 2270 Utrum
456 2236 675 2281 privilegium
714 2235 834 2271 altaris
872 2235 944 2270 sive
983 2235 1120 2281 proprie
1158 2234 1303 2274 dictum,
1328 2233 1400 2267 sive
1431 2230 1610 2278 personale
1647 2229 1815 2276 applicari

189 2294 297 2339 possit
324 2294 483 2340 pluribus
512 2294 761 2330 Defunctorum
787 2293 975 2329 animabus
1002 2294 1037 2328 in
1064 2293 1316 2338 cuiuscumque
1342 2291 1410 2326 diei
1438 2291 1545 2325 missa
1562 2289 1722 2334 (servatis
1748 2299 1817 2323 ser-

190 2352 374 2389 vandis‘i...
404 2353 456 2388 Ad
486 2354 532 2388 1¹¹³
559 2354 771 2398 negative».
801 2352 841 2388 Et
866 2353 894 2387 si
926 2352 1155 2388 «celebratur
1181 2363 1242 2398 pro
1269 2350 1427 2397 pluribus
1453 2350 1496 2385 ad
1525 2359 1633 2384 unum
1660 2359 1700 2383 ex
1719 2347 1760 2382 iis
1779 2347 1818 2381 li-

190 2411 395 2456 mitatur...,
424 2423 488 2448 nec
527 2412 748 2459 privilegium
790 2412 912 2447 inutile
950 2411 1058 2447 evasit
1083 2422 1122 2447 ex
1149 2421 1188 2446 eo
1214 2409 1305 2456 quod
1340 2409 1399 2444 uni
1427 2419 1466 2444 ex
1494 2407 1535 2442 iis
1569 2406 1819 2442 determinatae

187 2470 330 2507 animae
357 2482 425 2507 non
454 2472 674 2507 consueverit
699 2471 866 2518 applicari
889 2471 947 2504 1›7.
1413 2469 1419 2474 ’

308 2528 435 2572 Tertio,
459 2530 572 2575 quoad
592 2530 847 2576 separationem
875 2527 1120 2575 applicationis
1139 2527 1264 2562 missae
1281 2537 1321 2561 ac
1340 2525 1581 2570 indulgentiae
1605 2522 1725 2559 altaris
1753 2522 1820 2568 pri-

308 2671 319 2692 ¹
347 2670 438 2705 Dec.
470 2670 581 2704 auth.
611 2683 650 2704 n.
679 2671 747 2705 ‘281
775 2671 824 2705 ad
841 2672 891 2704 2¹²³
918 2674 958 2704 et
983 2669 1046 2704 3¹1¹.
1077 2690 1118 2693 —
1147 2669 1160 2690 2
1186 2669 1277 2703 Dec.
1305 2666 1416 2701 auth.
1445 2678 1484 2701 n.
1514 2666 1582 2700 357
1609 2665 1656 2699 ad
1684 2667 1745 2699 1¹¹¹.
1774 2685 1818 2689 -

187 2719 203 2738 ³
228 2716 275 2750 20
306 2717 418 2752 Febr.
450 2718 554 2752 1913.
584 2718 659 2754 CO.
685 2718 731 2752 V.
764 2720 842 2752 122.
872 2738 915 2742 —
942 2717 956 2739 4
983 2717 1119 2761 Suppl.
1136 2728 1171 2761 q.
1189 2715 1318 2749 LXXI
1344 2726 1376 2751 a.
1395 2715 1416 2748 9
1433 2713 1481 2747 ad
1499 2715 1532 2746 5.
1555 2734 1597 2738 —
1624 2713 1638 2735 5
1659 2712 1743 2747 Lib.
1762 2712 1820 2746 De

191 2775 283 2798 cura
309 2776 377 2809 pro
403 2769 517 2800 mort.
544 2765 727 2810 gerenda,
756 2777 787 2800 c,
815 2766 871 2800 18.
914 2785 957 2789 -
995 2764 1009 2785 6
1034 2764 1080 2798 29
1107 2763 1216 2797 Febr.
1253 2762 1356 2803 1864,
1389 2761 1481 2796 Dec.
1519 2760 1629 2794 auth.
1664 2771 1703 2794 n.
1736 2759 1816 2793 402.

193 2832 235 2837 —
262 2811 275 2832 7
302 2813 340 2846 ὃ.
371 2812 411 2846 O.
441 2813 510 2847 cit.
541 2812 584 2846 19
611 2813 700 2847 Iun.
731 2813 823 2846 1880
847 2813 895 2846 a‘l
921 2813 971 2844 2¹1¹
998 2815 1037 2845 et
1063 2811 1112 2844 3¹¹¹
1140 2822 1178 2845 n.
1207 2810 1288 2846 451.
