1971 3261
211 128 279 163 376
612 127 696 160 Lm.
723 126 793 160 ΠΙ.
820 147 831 151 -
860 126 970 160 PARS
996 126 1026 161 Ι.
1055 145 1067 151 -
1093 126 1150 160 De
1175 126 1439 161 Sacramenta
1644 127 1735 163 Gan.
1763 127 1836 162 9154

211 247 502 289 rememoratio
536 246 573 286 in
608 256 721 295 casu,
744 243 783 299 c)
812 249 851 285 e!
883 242 1209 286 benedictionem
1242 243 1493 287 abbatialem
1526 245 1722 302 leqieime,
1757 246 1834 291 hoc

211 321 292 359 est:
347 318 496 357 «intra
548 320 629 357 tres
675 327 838 357 menses
871 313 922 357 ab
970 313 1170 357 electione
1217 315 1501 370 accipiendam
1535 315 1586 359 ab
1633 316 1834 373 Episcopo

209 387 409 430 dioecesis
458 388 494 428 in
546 398 622 442 qua
676 387 970 428 monasterium
1022 387 1144 427 situm
1179 390 1282 428 est»
1331 385 1437 442 (can.
1475 386 1590 443 6⁶35),
1625 391 1664 430 et
1696 386 1836 431 Abbas

210 457 368 500 millius
401 456 449 500 ad
487 468 673 499 normam
708 468 797 499 can.
835 455 933 505 322,
967 455 985 509 ξ
1021 455 1056 509 Q,
1092 455 1264 498 eandem
1300 456 1507 513 acceperit
1556 460 1719 513 proprie
1760 472 1832 502 seu

207 529 257 571 de
292 529 396 570 facto
430 532 469 570 et
505 526 654 569 valide.
687 552 735 557 —
773 526 813 568 ln
851 526 912 568 liis
945 538 1052 583 quae
1083 531 1318 583 sequuntur
1351 527 1395 569 tit
1427 527 1679 584 amplissima
1715 543 1833 572 revo-

206 601 312 642 catio
336 597 578 654 disciplinae
614 597 913 653 praecedentis.
938 595 1077 639 Ertra
1112 595 1184 639 lios
1217 596 1318 653 fines
1341 597 1577 654 designatos
1611 613 1682 655 pro
1711 599 1834 643 «Ab-

209 670 299 713 bate
335 669 512 725 regulari
548 669 597 711 de
643 670 887 724 regimine»
925 672 1084 711 tantum
1118 681 1191 711 seu
1234 681 1313 725 qua
1356 668 1426 711 tali
1459 668 1675 713 ordinatio
1708 673 1830 714 etiam

207 739 427 783 cuiuslibet
460 739 613 795 gradus
651 754 670 778 ((
694 742 734 781 et
782 740 866 794 ipsa
917 740 1047 794 prima
1082 743 1292 781 tonsura»
1331 740 1438 789 (can.
1475 739 1577 797 950)
1611 740 1660 783 ab
1692 741 1832 785 eodem

208 808 363 851 collata
397 811 518 851 etiam
567 807 732 851 subdito
765 807 902 851 adbuc
950 809 1123 860 novitio,
1160 807 1221 850 vet
1271 814 1365 851 ante
1397 812 1699 865 susceptionem
1745 816 1829 854 tum

209 879 519 937 presbyteratus
543 884 626 922 tum
652 878 869 922 abbatialis
893 879 1206 935 benedictionis,
1230 882 1484 937 quicumque
1507 881 1672 924 tandem
1694 882 1833 926 Abbas

207 956 410 1008 quatenus
442 950 493 994 de
542 952 743 1006 regimine
775 952 838 1003 sit,
875 962 968 993 nam
1002 949 1215 993 subditur:
1260 956 1452 994 revocato
1485 951 1666 1009 quolibet
1705 954 1835 1011 priri-

207 1021 315 1079 leyio
350 1021 556 1078 personali
593 1021 655 1064 vel
679 1018 828 1065 Ordini
863 1021 1022 1064 directe
1055 1034 1266 1077 concesso,
1290 1024 1407 1065 cuius
1442 1025 1627 1066 meminit
1650 1028 1689 1066 et
1721 1028 1829 1081 quod

207 1095 450 1136 inconcusse
478 1091 730 1135 «observari
767 1093 1017 1148 praecepit»
1058 1090 1205 1135 Bened.
1240 1090 1331 1134 Xlll
1366 1094 1404 1134 in
1429 1095 1496 1135 cit.
1521 1098 1648 1136 const.
1680 1093 1834 1139 «Com-

207 1166 376 1211 missi»,
411 1168 472 1205 es!
514 1162 656 1218 irrita,
693 1165 789 1219 quia
837 1167 934 1205 tunc
977 1175 1056 1205 non
1090 1166 1151 1205 est
1198 1162 1307 1205 illius
1345 1175 1530 1206 «sacrae
1563 1164 1835 1209 ordinationis

206 1236 393 1277 minister
416 1251 434 1272 >³
478 1234 585 1291 (can.
621 1234 732 1286 951),
769 1233 1048 1290 proindeque:
1082 1233 1168 1276 nisi
1211 1232 1416 1276 ordinans
1459 1233 1704 1278 charactere
1745 1237 1830 1293 epi-

204 1304 365 1363 scopali
395 1304 567 1362 polleat,
602 1306 821 1361 episcopus
870 1303 1048 1346 titularis
1080 1306 1261 1347 existens
1308 1307 1364 1348 uti
1417 1318 1488 1361 per
1520 1309 1832 1362 exceptionem:

321 1375 370 1419 2⁰
404 1375 610 1433 Reliqiosi
657 1375 850 1432 eoeempti,
900 1374 1080 1418 scilicet:
1130 1375 1450 1432 «regulares»,
1486 1379 1651 1420 novitiis
1694 1382 1830 1422 tamen

203 1447 395 1501 exclusis,
429 1449 498 1504 qui
542 1445 618 1490 sub
666 1448 831 1489 nomine
881 1459 958 1488 non
1007 1448 1177 1489 veniunt
1220 1445 1504 1502 religiosorum
1548 1448 1597 1491 ad
1642 1461 1830 1492 normam

203 1531 293 1562 can.
327 1518 425 1571 448,
449 1518 508 1571 70,
543 1531 564 1560 e
597 1521 738 1561 contra
772 1519 895 1560 etiam
934 1519 1047 1572 «qui
1084 1521 1175 1560 vota
1210 1523 1502 1573 nuncuparunt
1525 1521 1563 1561 in
1596 1518 1829 1576 Congrega-

203 1591 313 1632 tione
348 1588 539 1644 religiosa
572 1587 680 1645 (can.
715 1592 753 1630 et
786 1601 899 1632 num.
933 1587 1033 1644 cit),
1064 1590 1129 1630 cui
1163 1587 1399 1643 specialiter
1432 1589 1554 1632 fuerit
1587 1603 1829 1633 concessum

203 1661 478 1716 exemptionis
512 1658 823 1715 privilegium»
862 1662 965 1712 (can.
992 1658 1088 1708 618,
1122 1657 1149 1715 ἓ
1185 1658 1240 1715 1),
1275 1658 1330 1700 illi
1364 1659 1514 1715 singuli
1539 1673 1565 1701 a
1587 1659 1704 1703 nullo
1728 1659 1830 1718 Epi-

202 1743 323 1787 scopo
357 1732 479 1772 etiam
514 1728 684 1781 titulari,
718 1728 806 1781 (sed
842 1742 889 1771 eo
927 1730 1138 1771 «nomine
1185 1729 1305 1786 (non)
1342 1731 1451 1772 venit
1495 1742 1660 1787 quoque
1693 1729 1834 1774 Abbas

204 1800 267 1844 vel
305 1800 514 1843 Praelatus
547 1799 700 1843 nullius
733 1799 831 1857 (qua
855 1798 965 1856 talis)
999 1812 1048 1842 ex
1073 1802 1276 1842 sermonis
1308 1805 1561 1854 contextu»,
1594 1802 1700 1856 (can.
1734 1801 1831 1856 215,

200 1872 228 1929 ξ
265 1871 303 1927 l)
351 1871 564 1914 videlicet:
609 1871 659 1914 ad
705 1883 893 1913 normam
927 1883 1016 1913 can.
1047 1870 1144 1917 957,
1179 1873 1204 1924 ἓ
1228 1871 1266 1921 ⁶2,
1299 1874 1423 1927 atque
1457 1873 1626 1914 rationis
1659 1874 1833 1928 paritate

200 1956 276 1986 nec
314 1941 499 1985 Vicai·ius
522 1947 561 1985 et
586 1941 821 1985 Praefectus
854 1941 1150 1998 Apostolicus),
1186 1940 1383 1984 ordinari
1417 1941 1533 1984 licite
1560 1947 1751 2000 possunt,
1776 1945 1827 1985 ita

202 2019 245 2056 ut
275 2013 494 2056 ordinandi
519 2026 566 2056 ac
589 2012 786 2055 ordinans
821 2016 1052 2068 peccarent,
1076 2012 1168 2055 sine
1200 2012 1357 2055 litteris
1389 2012 1646 2056 dimissoriis
1668 2013 1709 2068 a)
1728 2027 1827 2071 pro—

197 2084 287 2142 prii
320 2083 361 2141 b)
398 2084 639 2141 Superioris
672 2083 863 2137 maioris,
887 2086 951 2127 cui
989 2085 1167 2127 mediate
1204 2083 1265 2127 vel
1303 2084 1541 2127 immediate
1569 2083 1826 2136 subiiciatur,

201 2155 310 2199 unde
334 2155 532 2211 implicite
556 2159 729 2197 cavetur
752 2153 825 2197 hos
847 2154 1090 2210 Superiores
1114 2156 1292 2198 maiores
1315 2154 1364 2197 ad
1402 2167 1586 2197 normam
1612 2167 1702 2198 can.
1726 2155 1825 2210 488,

202 2225 260 2277 8⁰,
294 2225 497 2268 Abbatem
549 2238 714 2282 quoque
747 2225 798 2268 de
847 2227 1048 2280 regimine
1081 2238 1175 2268 cum
1209 2225 1427 2268 ordinandi
1469 2225 1676 2279 facultate,
1710 2239 1826 2282 posse

200 2297 455 2339 dimissorias
503 2296 658 2338 litteras
692 2295 953 2339 solummodo
1001 2296 1206 2352 religiosis
1249 2297 1425 2355 propriis
1468 2296 1580 2350 dare,
1617 2309 1693 2339 non
1737 2296 1829 2339 aliis

199 2367 383 2409 eiusdem
420 2365 643 2422 religionis,

317 2438 510 2494 Sequitur
544 2436 733 2480 limitatio
768 2436 889 2480 buius
923 2439 1134 2493 potestatis
1157 2437 1234 2480 sub
1255 2438 1314 2479 n0.
1337 2436 1399 2481 3⁰.
1426 2436 1673 2494 Superiores
1708 2450 1824 2493 prae-

197 2511 265 2551 lati
300 2522 347 2551 ex
383 2513 578 2551 contextu
629 2509 667 2563 a)
698 2507 905 2567 professis
953 2514 1141 2551 votorum
1173 2507 1428 2565 simplicium
1460 2512 1823 2561 temporaneorum

199 2584 287 2635 post
309 2578 518 2631 Codicem,
539 2582 576 2621 in
612 2592 756 2622 eorum
783 2576 942 2623 Ordine
971 2579 1033 2622 vel
1058 2577 1388 2635 Congregatione
1417 2578 1607 2634 religiosa
1631 2583 1822 2634 exempta

196 2649 481 2703 existentibus,
502 2663 594 2692 nam
620 2650 772 2693 dicitur
804 2649 855 2692 de
887 2649 1033 2707 quibas
1068 2649 1111 2692 in
1134 2663 1225 2692 can.
1249 2650 1343 2692 574
1375 2653 1572 2692 statutum
1597 2653 1670 2702 est,
1696 2648 1735 2702 b)
1758 2648 1822 2692 lit-

199 2726 309 2763 teras
342 2719 610 2763 dimissorias
648 2723 683 2762 vi
719 2720 841 2763 buius
874 2722 1043 2763 canonis
1076 2719 1298 2763 concedere
1328 2724 1504 2777 possunt
1537 2718 1577 2776 c)
1600 2719 1823 2762 dumtaoeat

196 2790 250 2833 ad
279 2791 463 2848 primam
497 2796 713 2834 tonsuram
749 2797 787 2833 e!
820 2790 989 2834 ordines
1037 2790 1218 2833 minores
1265 2790 1563 2847 suscipiendos,
1603 2792 1823 2833 «servatis

195 2867 332 2905 tamen
366 2862 416 2905 de
450 2864 538 2905 iure
570 2862 787 2905 servandis
815 2879 830 2899 »
870 2867 913 2905 ut
959 2862 1073 2906 addit
1103 2861 1180 2905 sub
1213 2874 1252 2904 n.
1290 2858 1357 2904 Vll
1388 2862 1426 2904 S.
1461 2860 1609 2917 Congr.
1654 2861 1705 2904 de
1745 2859 1811 2902 Di-
