1971 3261
148 119 242 156 Can.
270 118 363 154 1099
663 118 746 153 Tl‘r.
773 118 857 153 VII.
885 138 896 144 —
923 119 980 153 De
1006 119 1266 154 Matrimonio
1713 122 1782 153 <345

150 239 440 284 acatholicam.
466 235 513 280 Vl
549 239 654 281 inter
689 251 884 294 personas
907 238 1178 281 acatholicam
1215 252 1262 281 ex
1290 238 1526 282 desectione
1557 251 1603 282 ac
1627 252 1790 295 semper

151 309 437 355 acatholicam.

269 379 590 436 Coniugationes
623 379 650 434 l,
686 379 716 422 ll
750 385 789 423 et
824 378 874 422 lV
911 381 1150 424 moderatur
1179 381 1223 439 ξ’·
1250 381 1306 423 1““
1327 380 1404 424 sub
1435 380 1494 424 n.⁰
1522 381 1577 430 10,
1607 380 1664 423 Vm
1692 395 1788 424 vere

152 452 260 496 idem
292 451 335 510 ξ’
367 450 444 494 sub
484 451 542 493 n.⁰
579 450 635 505 2⁰,
676 464 723 495 ac
772 451 951 509 denique
1000 454 1314 508 coniugationes
1362 451 1410 494 lll
1453 457 1492 495 et
1530 450 1575 494 Vl
1621 454 1787 509 respicit

147 523 247 582 ἓξ.
283 522 547 566 Remittimus
595 522 643 566 ad
697 528 950 579 postremum
997 523 1131 567 locum
1176 523 1550 567 considerationem
1601 523 1638 577 ,ξι
1674 524 1711 566 1¹
1750 526 1786 566 in

151 593 210 637 n.⁰
246 593 304 637 30.

271 663 344 708 His
375 666 714 721 praesuppositis,
750 678 970 721 processus
1003 672 1111 708 can}
1135 666 1255 709 1099
1287 680 1465 723 sequens
1502 672 1587 710 est:
1612 667 1639 724 ξ
1665 667 1699 708 ’1.
1725 666 1788 709 Ad

149 741 355 779 statutam
387 736 584 794 superius
619 749 791 792 nempe:
828 738 867 779 in
893 736 969 780 hoc
992 736 1132 793 Capite
1160 736 1207 779 Vl
1240 736 1422 795 formam
1451 753 1472 778 «
1496 736 1786 781 celebrationis

150 809 452 851 matrimonii»
489 806 741 850 servandam
773 819 821 851 ac
854 808 1028 864 proinde
1065 810 1101 850 vi
1138 810 1239 850 iuris
1262 809 1464 863 canonici,
1490 811 1556 851 cui
1589 823 1607 848 «
1634 808 1786 864 baptis-

151 883 259 922 mate
294 879 416 921 homo
439 894 459 919 »
498 877 771 935 adstringitur
805 878 915 935 (can.
950 878 1037 936 87),
1074 884 1269 921 tenentur
1300 878 1563 922 solummodo
1590 892 1638 922 ex
1666 879 1784 935 legis-

150 949 291 993 latoris
328 949 560 993 voluntate:
596 948 738 1006 (atque
774 951 915 1006 incipit
951 962 1082 993 canon
1125 961 1249 1006 supra
1294 949 1527 993 declaratos
1561 950 1787 993 catholicos

149 1020 431 1076 complectens
464 1033 514 1063 ex
548 1019 703 1076 duplici
741 1020 862 1064 modo
896 1033 976 1077 quo
1010 1020 1112 1063 tales
1146 1021 1248 1063 liunt
1279 1019 1464 1077 dicens):
1500 1019 1537 1063 Ι0
1567 1020 1717 1063 Omnes
1740 1020 1783 1063 in

149 1090 359 1134 catholica
392 1089 584 1134 Ecclesia
603 1090 824 1148 baptizati,
858 1104 1028 1147 nempe:
1053 1091 1174 1134 simul
1203 1093 1240 1133 vi
1267 1090 1525 1147 baptismatis
1553 1091 1785 1135 obtinentes

150 1163 301 1206 factum
347 1162 603 1205 declaratum
653 1162 730 1205 sub
775 1162 908 1205 littera
942 1162 992 1218 b)7
1028 1167 1067 1205 et
1100 1165 1131 1205 si
1166 1166 1282 1205 extra
1317 1174 1408 1205 eam
1445 1162 1635 1219 baptizati
1680 1162 1777 1205 illud

150 1237 452 1290 consequentes
475 1232 531 1275 (td
553 1247 644 1275 eam
667 1232 913 1276 catholicam
941 1232 1166 1276 Ecclesiam
1192 1247 1243 1275 θῶ
1266 1232 1433 1276 haeresi
1453 1239 1527 1276 aut
1560 1232 1786 1276 schismate

149 1303 338 1347 conversi
373 1317 444 1359 per
476 1302 781 1347 abiurationem
824 1303 1008 1347 haeresis
1051 1309 1120 1347 aut
1162 1303 1396 1347 schismatis
1438 1307 1696 1348 canonicam.
1735 1304 1783 1349 [1

149 1379 285 1418 autem
328 1376 629 1431 praescriptum
673 1376 884 1418 contineat
925 1377 1050 1418 etiam
1084 1374 1116 1417 11
1149 1378 1189 1418 et
1222 1373 1272 1417 lV
1306 1377 1633 1432 coniugationes‚
1671 1375 1785 1418 addit

148 1457 279 1489 canon
318 1444 429 1488 velut
463 1445 746 1501 parenthesim
784 1445 903 1488 valde
937 1445 1161 1489 notandam
1185 1445 1430 1491 clausulam,
1454 1459 1560 1503 quae
1586 1458 1783 1502 personas

150 1529 229 1559 non
266 1520 408 1570 mutat,
433 1516 504 1560 sed
529 1516 772 1560 earumdem
799 1518 931 1559 innuit
953 1529 1094 1560 casum
1120 1516 1322 1560 moralem
1346 1519 1386 1559 in
1414 1516 1564 1560 visibili
1599 1516 1779 1560 Ecclesia

150 1587 378 1633 catholica:
414 1587 510 1631 licet
554 1587 641 1630 sive
679 1586 723 1630 hi
756 1601 905 1644 nempe
944 1589 1225 1631 «conversi»
1262 1588 1349 1630 sive
1380 1587 1449 1630 illi
1480 1587 1660 1632 scilicet:
1701 1604 1719 1628 «
1747 1590 1782 1630 in

148 1659 335 1704 Ecclesia
367 1658 571 1703 catholica
597 1658 787 1716 baptizati
807 1674 829 1699 ))
858 1658 907 1701 ab
930 1658 1072 1702 eadem
1094 1664 1242 1717 postea
1265 1658 1509 1717 defecerint,
1533 1665 1785 1716 quapropter

149 1733 230 1774 sint
264 1732 429 1787 proprie
462 1729 680 1774 acatholici
715 1743 764 1773 ex
800 1729 1042 1774 desectione.
1082 1745 1102 1771 «
1126 1727 1327 1774 Omnes»
1357 1732 1482 1786 igitur
1504 1732 1562 1773 sic
1587 1730 1783 1773 declarati

150 1800 312 1859 quoties
346 1801 458 1843 inter
489 1814 533 1844 se
566 1814 638 1857 per
671 1803 986 1858 coniugationes
1020 1803 1145 1858 igitur
1180 1800 1208 1855 l,
1233 1800 1263 1843 ll
1297 1806 1367 1844 aut
1391 1799 1440 1843 lV
1466 1801 1780 1844 matrimonium

149 1872 309 1917 ineunt.
497 1877 500 1880 ’

268 1943 324 1986 lta
359 1943 717 2000 interpretandum
752 1948 812 1987 est
845 1946 1146 2001 praescriptum
1182 1943 1259 1987 sub
1283 1943 1341 1986 n.⁰
1363 1944 1426 1989 2⁰.
1452 1942 1595 1997 Iidem,
1619 1943 1670 1987 de
1693 1944 1782 2001 qm'-

149 2014 222 2058 bus
255 2028 400 2072 supra,
433 2027 540 2072 quae
584 2014 769 2058 clausula
820 2017 981 2058 etiamsi
1030 2014 1192 2058 duobus
1240 2015 1374 2058 modis
1421 2014 1593 2071 intelligi
1643 2022 1783 2072 queat,

151 2098 321 2142 nempe:
356 2098 377 2129 a
405 2085 532 2130 verbo
560 2083 806 2130 «Omnes»
836 2099 966 2144 usque
998 2086 1047 2130 ad
1078 2086 1350 2130 «defecerint
1375 2101 1395 2127 ))
1422 2085 1783 2143 comprehendens

149 2156 375 2201 catholicos
399 2161 438 2200 et
460 2156 714 2200 acatholicos
737 2170 788 2200 ex
812 2157 1060 2211 defectione,
1079 2161 1152 2200 aut
1173 2169 1194 2200 a
1221 2156 1349 2201 verbo
1378 2173 1397 2197 «
1422 2154 1579 2201 Omnes
1603 2173 1622 2198 »
1652 2170 1782 2215 usque

149 2228 198 2272 ad
239 2243 258 2268 (ι
282 2230 476 2272 conversi
499 2243 522 2269 ›>
558 2227 787 2272 excludens
830 2227 1082 2271 acatholicos
1115 2241 1165 2271 ex
1200 2228 1445 2283 defectione,
1479 2227 1546 2271 hic
1582 2231 1782 2285 posterior

149 2312 296 2343 sensus
328 2303 390 2342 est
424 2299 733 2356 praeferendus,
769 2312 817 2342 eo
860 2298 969 2356 quod
1015 2300 1053 2341 In
1088 2298 1205 2342 Dec.⁰
1244 2298 1346 2342 «Ne
1380 2303 1537 2342 temere
1562 2315 1580 2339 »
1620 2302 1678 2342 sic
1712 2313 1781 2342 ex-

151 2382 316 2427 pressus
348 2375 463 2414 erat:
504 2385 526 2411 <‹
549 2369 693 2425 lidem,
725 2370 777 2413 de
827 2368 978 2427 quibus
1009 2382 1149 2426 supra,
1192 2369 1428 2413 catholici»
1468 2374 1507 2413 et
1541 2372 1578 2412 in
1613 2383 1701 2414 can.
1738 2369 1781 2412 (5⁰

151 2453 263 2484 num.
298 2440 342 2483 40
378 2443 680 2498 praescriptum
716 2445 799 2484 est:
839 2456 859 2481 «
884 2439 926 2483 ln
960 2439 1087 2484 dubio
1111 2454 1208 2484 num
1233 2439 1398 2498 aliquod
1427 2453 1632 2484 canonum
1669 2453 1782 2497 prae-

149 2513 346 2568 scriptum
392 2525 487 2555 cum
534 2513 662 2555 veteri
707 2513 795 2555 iure
836 2511 1058 2567 discrepet,
1093 2523 1115 2555 a
1152 2513 1280 2555 veteri
1327 2513 1415 2555 iure
1458 2525 1537 2554 non
1572 2516 1631 2556 est
1667 2525 1776 2556 rece-

150 2580 334 2625 dendum
357 2597 397 2622 )).
430 2579 756 2638 Completurque
790 2582 1026 2637 coniugatio
1069 2580 1169 2624 dum
1212 2583 1478 2639 prosequitur
1511 2595 1621 2624 num.
1660 2581 1708 2624 22:
1744 2582 1782 2623 si

151 2665 241 2694 cum
274 2651 538 2707 acatholici3‚
572 2652 680 2709 quod
721 2652 894 2696 verbum
919 2657 1136 2708 acceptum
1175 2667 1195 2692 <i
1218 2652 1447 2696 secundum
1485 2655 1691 2709 propriam
1727 2655 1778 2694 si-

151 2723 458 2779 gnificationem
484 2739 504 2764 ))
543 2723 649 2779 (can.
688 2723 758 2780 18)
792 2722 1107 2779 intelligendum
1152 2728 1260 2767 esset
1304 2736 1469 2781 quoque
1511 2724 1562 2767 (le
1601 2726 1698 2779 ipsis
1730 2737 1777 2766 ex

151 2795 393 2849 desectione,
428 2794 498 2838 sed
533 2807 628 2838 cum
663 2794 756 2838 talis
787 2796 1024 2851 coniugatio
1059 2796 1137 2837 iam
1177 2794 1254 2838 sub
1286 2795 1346 2837 n.⁰
1383 2794 1426 2837 1⁰
1460 2797 1709 2845 inveniatur,
1741 2800 1779 2838 et

157 2865 312 2922 «leges
345 2865 650 2909 ecclesiasticae
684 2865 977 2922 intelligendae
1008 2867 1132 2908 sint»
1167 2866 1396 2909 secundum
1432 2865 1541 2908 illam
1577 2866 1779 2921 signitica-
