1971 3261
601 178 814 212 Formulae
838 177 1081 220 facultatum
1108 178 1146 211 S.
1180 178 1220 212 C.
1249 178 1293 212 de
1321 178 1364 211 P.
1398 178 1441 212 F.
1767 179 1834 213 73t

206 296 364 340 medios
399 295 606 339 Praelatos
639 296 852 352 elargitur,
878 299 946 353 qui
982 295 1248 339 obtinuerimt
1285 296 1521 339 facultatem
1562 295 1660 339 illud
1702 312 1720 336 «
1747 310 1837 350 per·

206 367 394 411 mittendi
428 369 513 410 suis
546 367 740 424 (tantum,
772 372 978 424 quatenus
1012 369 1220 410 territorio
1263 367 1416 410 addicti
1461 366 1590 423 sunt),
1626 369 1839 411 missiona-

205 441 275 482 riis
297 454 338 492 n,
371 439 441 481 sed
478 437 580 482 11300
618 440 837 494 permissio
871 443 930 481 est
964 437 1236 495 sequentibus
1278 440 1592 494 circumscripta
1639 438 1838 482 limitibus

203 514 318 553 extra
354 522 457 565 quos
489 521 718 552 excurrens
753 511 1038 551 missionarius
1073 511 1110 551 10
1145 522 1345 552 0311011001
1373 514 1561 565 peccaret
1596 509 1647 552 ob
1680 514 1838 565 aposto-

203 579 268 624 lici
305 578 451 622 indulti
485 579 707 622 delectum.
744 578 785 622 ld
822 581 951 621 innuit
999 579 1198 635 particula
1238 595 1260 620 «
1283 579 1510 623 dummodo
1534 595 1573 632 2),
1610 585 1748 636 utpote
1781 582 1835 623 el-

202 652 347 694 ticiens
384 650 688 693 «conditiones
722 650 963 693 essentiales
1009 664 1080 706 pro
1124 651 1367 693 eorumdem
1403 650 1697 708 (indultorum)
1737 650 1836 694 vali-

202 722 376 765 ditate»
415 721 522 779 (can.
550 720 637 778 39).
664 720 753 764 Hae
786 726 903 764 sunt:
939 720 982 778 a)
1009 724 1046 763 in
1084 721 1163 764 illis
1197 720 1380 778 (artibus
1412 721 1646 764 medicinae
1678 727 1717 764 et
1750 721 1834 765 chi-

200 793 378 850 rurqv'ae
420 792 664 836 alterutrius
707 792 988 849 exercendae)
1034 795 1151 849 periti
1196 795 1289 846 sint,
1330 791 1369 849 b)
1413 797 1637 849 operentur
1680 793 1836 850 absque

202 866 416 918 incisione,
442 863 629 920 (propter
663 875 786 920 quam
822 864 969 906 tierent
997 877 1017 904 <‹
1042 863 1293 919 irregulares
1315 876 1364 906 ex
1389 862 1598 915 delicto‚...
1622 866 1654 906 si
1684 864 1835 907 exinde

205 948 316 978 mors
348 938 592 991 sequatur»
620 946 710 977 030.
736 934 834 988 985,
861 934 923 991 6⁰)
960 939 1249 991 praeterquam
1286 934 1334 977 ad
1370 936 1614 991 sanguinem
1650 936 1837 978 emitten-

201 1007 314 1059 dum,
349 1004 386 1063 e)
421 1010 459 1049 et
496 1004 595 1047 nihil
632 1007 799 1061 exigant
836 1019 909 1062 pro
944 1005 1180 1048 huiusmodi
1216 1008 1415 1048 exercitio
1449 1005 1661 1062 (quamvis
1692 1010 1836 1062 sponte

203 1077 385 1121 oblatum
413 1089 462 1119 ex
489 1077 746 1132 gratitudine
781 1076 891 1119 licite
927 1076 1159 1133 recipiant).
1196 1075 1280 1120 Sub
1303 1076 1366 1119 his
1388 1078 1496 1119 enim
1531 1076 1838 1120 conditionibus

207 1164 229 1190 α
251 1160 273 1191 3
307 1146 489 1191 clericali
524 1151 631 1190 statu
666 1146 827 1190 alienae
861 1160 939 1189 000
975 1153 1069 1190 30οῑ
1094 1163 1114 1188 »
1154 1147 1248 1190 11130
1281 1152 1392 1190 artes
1424 1146 1476 1190 ob
1503 1149 1837 1191 circumstantias

203 1221 462 1272 missionum,
486 1218 557 1261 sed
594 1223 636 1261 ut
663 1220 687 1238 “
712 1231 792 1261 1100
829 1218 1022 1261 indecora
1048 1243 1072 1273 ς,
1092 1220 1170 1261 sint
1195 1234 1216 1259 ))
1241 1218 1349 1275 (can.
1385 1218 1482 1270 139,
1504 1218 1532 1276 ξ
1566 1217 1608 1274 1)
1642 1219 1836 1262 adiuncta

202 1295 261 1334 est
295 1290 492 1343 conditio,
526 1294 567 1332 ut
607 1302 733 1345 supra
778 1288 1031 1332 essentialis:
1071 1304 1093 1330 c<
1117 1293 1154 1332 et
1194 1291 1231 1331 in
1272 1289 1468 1332 curandis
1512 1289 1756 1333 mulieribus
1789 1303 1835 1334 ea

203 1363 347 1415 vitent,
379 1373 486 1418 quae
519 1362 780 1403 sanctitatem
816 1359 1084 1413 characteris,
1119 1373 1201 1417 quo
1241 1362 1422 1416 insigniti
1466 1365 1575 1414 sunt,
1610 1360 1681 1417 (ob
1713 1375 1838 1404 sexus

200 1430 507 1488 diversitatem)
540 1431 715 1474 dedecet
738 1447 778 1476 n.

317 1537 373 1573 45.
400 1537 610 1583 Assiynandi
629 1537 806 1584 pensiones
833 1537 1110 1583 quasi-parochis
1129 1537 1180 1572 vel
1200 1538 1434 1573 missionariis
1460 1549 1499 1573 ex
1528 1538 1734 1574 infirmitate
1754 1539 1836 1574 resi-

198 1597 391 1644 gnantibus
416 1597 712 1643 quasi-paroecias
741 1597 791 1632 vel
820 1597 1016 1638 1013310003,
1036 1597 1071 1631 10
1099 1608 1186 1643 quas
1215 1608 1272 1643 per
1299 1597 1416 1633 decem
1444 1608 1556 1633 annos
1584 1598 1833 1639 incubuerunt,

198 1657 400 1693 solvendam
439 1656 626 1692 annuatim
653 1667 674 1691 a
699 1667 910 1697 successore,
939 1667 1010 1692 non
1046 1657 1269 1692 excedentem
1308 1657 1447 1692 tertiam
1488 1662 1620 1703 partem
1661 1658 1835 1693 fructuum

198 1715 458 1763 quomodolibet
479 1715 761 1761 provenientium
788 1726 827 1751 ex
855 1716 1141 1762 quasi-paroeciis
1161 1716 1212 1751 vel
1232 1716 1470 1757 missionibus
1484 1716 1641 1752 deductis
1660 1718 1833 1764 expensis.

198 1774 421 1820 (Communis
447 1774 608 1810 omnium
635 1773 907 1818 Formularum).

316 1858 379 1902 Ad
415 1872 453 1901 n.
478 1858 546 1901 45.
574 1883 626 1889 —
651 1855 771 1911 Quod
808 1860 871 1901 ius
904 1872 1126 1902 commune
1161 1861 1199 1901 in
1233 1871 1322 1902 can.
1361 1859 1487 1914 1499,
1514 1859 1542 1917 ξ
1576 1860 1599 1902 ⁶2
1634 1862 1837 1904 concessit

199 1929 382 1973 locorum
408 1926 646 1974 Ordinariis
679 1929 815 1986 quoad
853 1928 1054 1973 beneticia
1089 1929 1340 1986 paroecialia
1364 1931 1603 1974 extenditur
1626 1931 1674 1974 ad
1702 1936 1838 1987 partes

198 2002 395 2044 territorii
431 2011 538 2057 quae
567 2015 589 2040 c<
612 1999 875 2056 appellantur
913 2002 1030 2057 quasi
1070 2002 1289 2056 paroeciae
1313 2016 1335 2040 n
1364 1999 1474 2057 (can.
1500 2001 1596 2055 216,
1620 2001 1648 2059 ἓ
1672 2000 1730 2058 3),
1755 2004 1836 2044 imo

198 2073 320 2114 etiam
363 2072 438 2113 «si
475 2069 698 2127 peculiaris
742 2075 880 2113 rector
921 2070 1078 2114 eisdem
1124 2083 1203 2113 non
1249 2071 1371 2114 fuerit
1414 2073 1648 2127 assignatus
1671 2071 1728 2128 »)‚
1766 2085 1837 2128 per

198 2141 436 2185 facultatem
477 2156 497 2182 c(
523 2140 776 2197 assiqnandt'
809 2143 922 2197 (cum
958 2141 1106 2184 ellectu
1141 2140 1407 2198 obligatorio)
1438 2142 1661 2199 pensiones
1698 2145 1834 2200 quasi-

199 2212 391 2269 parochis
437 2211 501 2256 vel
547 2213 818 2255 missionariis
852 2212 964 2269 (cum
1001 2211 1264 2269 limitatione)
1298 2211 1342 2269 a)
1376 2226 1424 2256 ex
1463 2214 1702 2257 infirmitate
1736 2213 1834 2271 (non

197 2283 277 2327 3110
311 2297 359 2327 ex
397 2282 568 2340 motivo)
605 2282 913 2339 resignantibus
946 2282 1139 2339 (proinde
1179 2296 1258 2327 000
1297 2286 1464 2327 remotis
1509 2297 1584 2328 000
1630 2283 1836 2341 privatis),

196 2352 233 2409 b)
255 2355 610 2411 quasi-paroecias
646 2352 708 2396 vel
746 2355 963 2396 missiones
987 2356 1024 2396 in
1050 2366 1154 2411 quas
1179 2367 1251 2410 per
1273 2354 1418 2398 decem
1454 2367 1583 2398 30003
1602 2355 1709 2413 (sive
1743 2370 1838 2399 con-

197 2426 334 2468 tinuos
356 2426 446 2467 sive
471 2424 744 2480 interruptos)
769 2423 1047 2468 incubuerunt
1073 2440 1091 2465 ))
1117 2424 1398 2482 (ministerio).
1422 2424 1689 2470 Conditiones
1715 2440 1836 2482 porro

199 2497 443 2551 pensionum
478 2495 843 2538 concedendarum
879 2500 995 2537 sunt:
1033 2495 1138 2539 11300
1162 2511 1182 2536 ((
1206 2495 1250 2552 α)
1285 2495 1528 2540 solvendam
1565 2499 1777 2540 annuatim
1814 2510 1834 2540 3

197 2578 440 2609 successore
472 2564 513 2622 b)
545 2579 625 2609 non
660 2565 932 2608 excedentem
980 2568 1143 2609 tertiam
1190 2572 1349 2623 partem
1396 2568 1606 2610 fructuum
1643 2568 1834 2625 (nempez

198 2635 467 2680 donationum
506 2636 568 2680 vel
606 2637 814 2680 redituum
850 2650 899 2680 ex
933 2637 1198 2694 syngraphis,
1224 2637 1285 2681 vel
1322 2651 1372 2681 ex
1410 2638 1569 2682 iuribus
1591 2639 1734 2693 stolae,
1758 2645 1833 2683 etc.

200 2706 347 2764 idestz)
381 2707 695 2765 quomodolibet
741 2710 1074 2764 provenientium
1110 2722 1158 2752 ex
1195 2711 1541 2766 quasi-paroeciis
1578 2710 1639 2752 vel
1678 2713 1835 2753 missio-

200 2776 321 2821 nibus
353 2777 447 2834 (per
481 2781 738 2835 resignantes
780 2778 1020 2836 deservitis)
1055 2778 1093 2835 e)
1127 2780 1319 2823 deductis
1360 2783 1553 2837 expensis
1591 2783 1717 2837 (quae
1763 2795 1836 2837 pro

199 2847 329 2902 cultu,
362 2853 440 2892 etc.
476 2861 555 2892 non
590 2862 664 2905 pro
698 2848 1026 2893 substentatione
1061 2852 1309 2893 missionarii
1347 2851 1480 2907 fiant).
