1971 3261
628 159 712 193 Ti'r.
751 160 815 194 IV.
842 179 858 186 -
884 161 940 195 De

980 162 1221 195 Poenitentia
1675 163 1746 196 255

105 279 234 316 dinarii
262 282 300 314 ut
317 277 360 313 ad
379 277 598 312 subditorum
628 277 802 321 notitiam,
821 289 888 323 quo

107 327 248 363 meliore
273 325 322 360 eis
350 324 508 360 videatur
543 324 656 363 modo,
686 325 807 360 eadem
835 326 891 360 de-

108 375 293 412 ducantur,
328 382 392 407 nec
431 371 632 406 facultatem
659 382 678 406 a
706 373 889 407 reservatis

108 419 309 457 absolvendi
338 418 449 454 cuivis
467 423 500 453 et
520 418 648 464 passim
669 418 886 464 impertiant

156 472 175 511 ἓ
201 467 235 502 2.
277 466 321 501 At
361 465 560 501 huiusmodi
600 465 801 500 absolvendi
846 467 889 501 fa

108 515 220 551 cultas
239 514 313 567 ipso
333 513 406 548 iure
431 512 597 559 competit
624 513 793 547 canonico
814 524 889 558 poe-

109 561 310 597 nitentiario
336 560 378 595 ad
407 570 568 595 normam
595 569 674 594 can.
705 557 785 600 4⁰1,
807 564 826 602 ξ
858 561 887 601 1

107 614 140 646 et
166 607 391 647 habitualiter
430 607 704 652 impertiatur
690 607 811 642 saltem
842 608 889 641 xi-

108 656 211 692 cariis
238 655 403 698 foraneis,
437 654 568 695 addita,
610 655 813 700 praesertim
854 655 888 688 in

109 703 192 740 locis
218 701 384 738 dioecesis
410 712 428 736 a
456 701 536 737 sede
563 701 750 747 episcopali
781 712 890 737 remo-

108 750 268 793 tioribus
298 749 462 785 facultate
500 748 752 801 subdelegandi
792 749 892 784 toties

108 797 244 844 quoties
277 796 508 832 confessarios
546 796 598 830 sui
639 796 832 832 districtus
862 797 889 830 si

107 850 141 882 et
167 844 308 891 quando
336 854 396 890 pro
423 843 622 888 urgentiore
648 843 766 888 aliquo
784 843 893 879 ‹leter-

110 892 243 928 minato
269 902 351 927 casu
378 891 421 926 ad
452 901 508 926 eos
535 895 728 926 recurrant.

156 944 175 982 ξ
202 938 235 974 3.
265 938 341 985 lpso
369 938 442 974 iure
468 949 488 973 a
517 937 670 979 casibus,
698 947 784 982 quos
811 948 892 982 quo-

108 998 175 1033 quo
203 986 304 1022 modo
330 985 394 1020 sibi
424 983 605 1021 Ordinarii
626 984 890 1025 reserwaxeiint‚

107 1034 286 1070 absolvere
314 1037 458 1079 possunt
487 1037 560 1067 tum
602 1032 754 1085 parochi
788 1032 892 1067 aliive

109 1081 167 1128 qui
189 1080 418 1128 parochorum
438 1079 582 1115 nomine
602 1080 638 1114 in
659 1079 733 1114 iure
751 1090 892 1115 censen-

109 1134 179 1172 tur,
208 1133 277 1164 toto
305 1133 458 1174 tempore
497 1127 540 1162 ad
582 1131 804 1173 praeceptum
834 1138 891 1173 pa-

963 279 1078 313 schale
1103 279 1369 325 adimplendum
1398 279 1487 322 utili,
1510 285 1581 315 tum
1610 281 1738 325 singuli

965 326 1175 361 missionarii
1205 337 1272 372 quo
1298 331 1452 372 tempore
1491 328 1673 363 missiones
1699 329 1740 362 ad

967 373 1129 418 populum
1162 373 1278 409 haberi
1307 374 1498 418 contingat.

988 467 993 472 .
1012 419 1095 455 Cu.
1127 420 1206 456 titttt.
1229 442 1243 446 —
1265 420 1417 464 Quaevis
1444 422 1629 456 reservatio
1647 422 1742 457 omni

965 478 993 500 x‘i
1023 472 1134 503 ciret:

1017 514 1060 548 l.''
1087 513 1173 549 Cum
1201 515 1454 550 confessionem
1477 520 1647 561 peragunt
1671 516 1741 551 site

964 562 1090 605 aegroti
1109 563 1166 606 qui
1187 562 1288 595 domo
1306 562 1420 614 egredi
1440 573 1506 597 non
1526 563 1652 599 ialent
1671 564 1742 598 site

965 609 1081 653 sponsi
1111 609 1323 643 matrimonii
1354 609 1495 644 ineundi
1524 621 1627 645 causa

1013 655 1065 689 ·).‘
1093 656 1236 698 (tuoties
1276 657 1327 691 xel
1369 657 1542 701 legitimus
1578 656 1742 703 Superior

967 703 1109 748 petitam
1151 714 1209 748 pio
1248 703 1364 748 aliquo
1402 704 1632 739 determinato
1658 716 1739 739 casu

964 750 1166 785 absolvendi
1197 750 1393 785 facultatem
1422 751 1655 793 danmatione
1674 752 1739 791 vel,

967 797 1125 842 prudenti
1155 797 1354 832 confessarii
1377 798 1517 841 iudicio,
1539 798 1739 833 absolvendi

967 844 1111 879 facultas
1146 856 1162 879 a
1201 844 1351 888 legitimo
1378 844 1560 890 Superiore
1590 846 1654 890 peti
1685 858 1740 879 ni»-

966 896 1066 936 queat
1087 891 1161 926 sine
1181 892 1274 935 gravi
1298 892 1505 937 poenitentis
1523 893 1744 927 incommodo

966 943 1024 973 aut
1051 938 1126 973 sine
1154 938 1307 984 periculo
1335 939 1530 974 violationis
1557 940 1659 984 sigilli
1689 952 1741 974 sa-

967 986 1212 1025 eramentalis;

1016 1031 1063 1068 32)
1107 1032 1204 1068 Extra
1257 1033 1467 1067 territorium
1520 1034 1740 1073 reservantis,

968 1079 1102 1115 etiamsi
1131 1080 1311 1115 dumtaxat
1337 1080 1377 1114 ad
1405 1081 1658 1116 absolutionem
1687 1081 1745 1115 ob-

970 1127 1151 1162 tinendam
1194 1127 1373 1173 poenitens
1399 1138 1437 1162 ex
1465 1139 1503 1163 eo
1533 1128 1741 1163 discesserit.

413 1291 455 1295 —
482 1281 502 1304 a
528 1269 655 1315 quibus
686 1268 845 1304 facienda
871 1273 905 1303 et
932 1269 1014 1314 quid
1041 1269 1085 1303 sit
1560 1269 1644 1304 Can.
1676 1269 1743 1302 ⁸023

750 1384 788 1388 --
823 1363 895 1398 lul'ss
1608 1379 1621 1395 i)
1676 1362 1740 1398 8914

415 1455 453 1462 ’“
467 1440 600 1471 samue
618 1446 668 1470 ⁵¹¹¹
687 1455 728 1460 -
1074 1479 1122 1508 1-
1137 1469 1194 1504 per
1211 1458 1360 1493 locorum
1378 1458 1583 1493 ordinarios
1613 1473 1626 1489 ι)
1680 1457 1748 1491 895·

747 1525 789 1530 —
801 1505 845 1540 ab
861 1505 1005 1541 homine
1020 1526 1063 1530 —

160 1553 273 1600 Caput
305 1553 342 1588 ll.
1080 1574 1122 1577 —
1144 1553 1234 1588 inter
1253 1551 1453 1598 Superiores
1472 1552 1548 1587 reli-

137 1601 183 1638 De
217 1611 369 1654 reserva·
1103 1600 1216 1644 gionis
1242 1600 1411 1635 clericalis
1613 1614 1626 1631 »
1682 1598 1747 1633 8943

205 1653 299 1684 tione

114 1701 331 1743 peccatorum
349 1717 390 1721 —
642 1717 681 1721 —
707 1695 819 1741 quoad
855 1706 1054 1735 numerum,
1086 1695 1270 1739 qualitates
1305 1706 1343 1729 ac
1370 1699 1507 1740 tempus
1614 1711 1627 1726 »
1683 1693 1747 1729 897

414 1723 632 1809 -οειευε-ι
963 1790 968 1794 .

636 1811 680 1816 —-
707 1800 775 1825 non
811 1791 968 1835 permiSSi
1614 1803 1624 1819 ν
1682 1789 1748 1823 898

413 1906 455 1911 —-
483 1885 699 1921 notificanda
724 1890 758 1920 et
786 1895 844 1931 per
870 1885 1073 1920 absolvendi
1106 1885 1302 1920 facultatem
1332 1884 1479 1919 limitata
1613 1898 1627 1916 »
1683 1883 1748 1917 899

415 2001 459 2006 -—
486 1980 551 2016 suh
578 1980 681 2017 certis
699 1980 976 2016 circumstantiis
1003 1980 1097 2015 omni
1127 1980 1157 2013 xi
1186 1984 1324 2014 carente
1610 1993 1624 2010 »
1680 1977 1745 2011 {too

237 2124 333 2168 217.
370 2127 627 2183 Inscriptio
660 2127 852 2182 capitis.
885 2150 913 2155 —
950 2123 1258 2180 Consequenter
1302 2123 1648 2167 considerandum
1695 2129 1751 2167 est

114 2193 250 2253 Caput
274 2194 327 2252 ΙΙ,
351 2199 470 2240 cuius
495 2198 715 2253 inscriptio
739 2200 943 2254 quatenus
980 2208 1073 2239 cuin
1111 2194 1385 2251 praecedente
1408 2196 1541 2250 capite
1566 2206 1751 2237 connexa

113 2271 154 2310 et
187 2266 282 2310 huic
317 2266 451 2310 Titulo
494 2269 647 2310 inserta
680 2272 754 2323 est,
788 2269 846 2311 sic
894 2266 1058 2310 videtui·
1103 2264 1431 2321 interpretanda:
1468 2264 1518 2307 de
1562 2278 1746 2307 rosere-‹1-

115 2337 227 2380 ti'one
257 2343 538 2395 peccatorum,
572 2338 707 2395 quoad
745 2337 891 2381 horum
928 2335 1228 2381 sacramentale
1267 2335 1466 2379 iudicium
1512 2339 1551 2379 et
1592 2334 1748 2379 absolu-

113 2409 265 2452 tionem
302 2410 341 2452 in
375 2408 452 2453 hoc
487 2411 763 2465 poenitentiae
796 2408 1019 2460 tribunali,
1041 2419 1147 2465 (inae
1170 2409 1228 2450 sic
1259 2420 1331 2463 per
1363 2407 1555 2450 effectum
1589 2406 1749 2449 deliniri

45 2514 50 2518 .
114 2483 269 2536 potest:
309 2479 543 2523 «limitatio
578 2480 874 2523 iurisdictionis
916 2481 1025 2522 circa
1060 2478 1337 2535 quorumdam
1384 2481 1648 2534 peccatorum
1683 2476 1751 2519 al)-

112 2549 359 2594 solutionem
393 2563 415 2594 a
450 2551 615 2594 Pastore
658 2555 918 2607 competente
975 2550 1078 2592 lacta
1103 2564 1141 2589 >).
1178 2547 1359 2592 Dicitur:
1393 2547 1594 2590 limitatio
1629 2547 1754 2589 iaris-

112 2619 328 2678 dictionis,
352 2621 403 2665 ad
427 2622 750 2679 significandum
785 2634 925 2664 reserv
945 2622 1122 2664 ationem
1149 2619 1314 2663 allicere
1337 2619 1575 2662 sacerdotes
1599 2618 1757 2661 iurisdi-

113 2693 250 2739 ctione
291 2692 604 2737 sacramentalis
651 2694 724 2736 fori
771 2691 997 2748 praeditos
1036 2689 1198 2734 hancve
1233 2692 1434 2743 minuere,
1469 2702 1546 2738 non
1586 2688 1751 2745 quidem

115 2761 374 2819 simpliciter,
406 2765 504 2821 quia
537 2763 682 2808 fideles
716 2767 883 2806 manent
929 2761 1116 2816 subiecti,
1151 2760 1221 2804 sed
1257 2760 1392 2818 quoad
1429 2759 1625 2803 iudicium
1661 2771 1756 2815 qua-

119 2833 310 2877 rumdam
345 2846 568 2878 causarum
605 2833 728 2877 liuius
763 2834 862 2881 fori;
901 2831 977 2876 hac
1011 2831 1062 2875 de
1092 2843 1215 2875 causa
1241 2833 1406 2887 ponitur
1430 2832 1467 2873 in
1493 2830 1752 2873 delinitione:

121 2902 259 2960 quoad
292 2903 597 2948 absolutionem
632 2902 908 2961 quorumdam
943 2906 1289 2960 pece‹1!01·um‚et
1321 2903 1352 2944 si
1387 2900 1633 2944 adderetur:
1668 2913 1755 2940 een—
