1971 3261
119 127 212 164 Can.
243 127 397 162 :as-raa
675 128 760 162 ΤΠ.
790 128 820 161 Ι.
849 149 862 153 -
890 129 945 163 De
975 130 1180 173 Baptismo
1713 130 1757 163 *AT

117 261 166 290 ex
201 248 324 292 Conc.
360 247 465 290 Flor.
502 250 539 291 in
575 247 692 292 Dec.⁰
725 262 797 304 pro
833 249 1046 292 Armenis:
1077 247 1307 291 «Minister
1343 248 1463 292 huius
1496 250 1753 292 Sacramenti

116 323 176 362 est
209 319 426 374 Sacerdos,
458 321 524 362 cui
559 333 607 362 ex
642 320 777 363 otlicio
810 322 1007 376 competit
1044 319 1249 376 baptizare
1269 336 1317 369 ›>;
1342 319 1495 377 quihus
1524 319 1661 363 vei-his
1696 322 1757 362 in-

119 397 270 445 nuitur,
304 396 413 453 quod
449 398 486 438 in
512 408 670 440 canone
704 399 942 453 expressius
965 398 1232 440 enunciatur:
1259 396 1332 439 secl
1364 396 1454 439 eius
1484 396 1669 449 collatio,
1700 399 1755 440 uti

119 467 303 522 legitimo
336 466 529 523 equidem
566 469 673 510 inter
704 467 943 510 sacerdotes
979 469 1181 520 ministro,
1206 469 1243 510 in
1281 472 1391 510 recta
1416 467 1628 511 Ecclesiae
1652 468 1757 510 ordi-

118 539 282 580 natione
317 543 559 580 reservatur
590 538 631 593 a)
653 536 838 595 parocho
862 538 1062 582 domicilii
1087 543 1155 581 aut
1192 540 1230 581 in
1267 538 1391 581 huius
1424 539 1588 582 delectu
1619 542 1757 596 quasi-

118 607 316 650 domicilii
354 610 480 664 patris
514 611 712 652 matrisve
745 609 794 652 ad
832 621 1018 652 normam
1055 621 1149 653 can.
1185 608 1238 652 93
1262 609 1290 667 ξ
1314 609 1352 659 4,
1379 609 1430 652 94
1456 611 1484 667 ς’
1512 610 1546 661 l,
1576 615 1646 652 ant
1680 610 1756 654 loci

119 678 293 722 actualis
316 681 656 723 commorationis
690 685 910 736 parentum
941 692 1143 736 vagorum
1170 679 1222 724 ob
1247 682 1301 734 §¹²⁸
1326 681 1379 723 ⁶2¹³
1411 686 1514 724 cair.
1541 681 1609 736 94,
1634 680 1675 731 bjx·
1701 680 1762 723 vel

118 748 198 792 alii
230 749 441 793 sacerdoti
473 753 725 808 cuicumque
768 751 839 794 sed
882 767 901 791 <‹
929 754 1034 794 ritus
1068 757 1331 807 parentum»
1371 751 1479 809 (can.
1517 752 1601 795 756
1645 752 1673 808 ξ
1705 752 1756 805 l),

121 820 198 864 sub
220 819 297 863 hac
332 820 531 864 alterutra
566 823 735 878 insuper
767 823 1028 866 conditione:
1064 822 1114 865 de
1148 822 1333 866 eiusdem
1360 822 1558 866 declarati
1581 822 1760 880 parochi

122 890 184 934 rel
220 890 447 934 Ordinariz'
481 891 575 943 loci,
608 895 674 936 cui
708 892 955 937 subiiciatur
996 895 1206 950 praefatus
1231 893 1452 950 parochus,
1478 893 1650 937 lieentia
1683 897 1756 937 etsi

117 964 239 1006 tacita
275 976 324 1006 ex
361 964 492 1018 factis,
527 965 608 1006 imo
642 978 749 1021 quere
781 964 823 1007 iii
859 978 961 1007 casu
996 964 1276 1018 necessitatis,
1306 979 1342 1007 ν.
1367 980 1428 1021 gr.
1455 971 1569 1009 certo
1592 968 1624 1008 si
1652 965 1756 1009 ultra

119 1038 206 1080 tres,
234 1034 323 1077 dies
355 1034 640 1090 expectandus
673 1040 779 1078 esset
815 1035 1033 1091 parochus,
1071 1048 1163 1078 nam
1204 1038 1346 1079 statuit
1379 1048 1469 1079 cau.
1506 1037 1614 1080 770:
1656 1039 1755 1079 «in-

121 1106 252 1148 fantes
284 1107 597 1162 quamprimum
637 1105 958 1162 baptizentur»,
983 1106 1172 1163 leqitime
1196 1108 1504 1164 praesmnitur,
1528 1121 1598 1151 seu
1620 1120 1640 1149 a
1668 1108 1757 1164 lege

119 1176 255 1225 datur,
289 1178 384 1232 quia
418 1181 562 1219 contra
600 1176 710 1220 illam
749 1179 1130 1233 praesumptionem
1165 1191 1244 1220 non
1294 1177 1387 1222 licet
1422 1178 1602 1234 parocho
1639 1179 1759 1222 velle.

238 1245 351 1289 Hanc
385 1247 525 1289 datam
551 1249 933 1304 interpretationem
970 1249 1191 1291 contirmat
1223 1248 1251 1306 ἓ
1276 1249 1313 1291 2.
1340 1247 1485 1291 Etiam
1505 1253 1759 1307 pereqrimzs

118 1319 282 1373 proprie
304 1317 374 1359 sed
402 1317 536 1360 infans
561 1322 749 1374 respectu
775 1320 1124 1374 peregrinationis
1148 1325 1383 1375 parentum,
1405 1334 1431 1362 α
1462 1319 1648 1377 parocho
1666 1334 1760 1378 pro-

114 1386 211 1444 prio
244 1386 454 1430 declarato
489 1390 527 1430 in
562 1400 698 1444 praec.
731 1388 777 1446 ἕο
811 1388 855 1431 in
888 1402 965 1431 seca
996 1389 1213 1446 paroecia,
1249 1390 1299 1433 ad
1336 1403 1458 1447 quam
1497 1391 1669 1446 proinde
1690 1392 1758 1434 ha-

119 1457 331 1514 ptizandus
365 1458 677 1502 transferendus
699 1464 806 1502 esset
835 1459 1027 1516 baptismi
1051 1461 1308 1517 suscipiendi
1334 1474 1473 1515 causa,
1498 1461 1761 1504 sollemniter

116 1528 365 1586 baptizetur,
390 1541 483 1572 nam
520 1529 571 1573 de
594 1529 783 1573 sollemni
821 1531 1024 1587 baptismo
1048 1535 1208 1574 tantum
1248 1534 1386 1588 agitur
1421 1534 1458 1575 in
1485 1532 1562 1576 hoc
1586 1546 1759 1586 canone,

117 1600 345 1643 dummodo
379 1601 486 1644 duae
521 1614 599 1644 non
635 1601 775 1645 faciles
808 1602 1068 1645 conditiones
1105 1604 1399 1646 veriticentur:
1425 1607 1462 1656 a)
1494 1604 1532 1646 si
1555 1603 1599 1647 id
1630 1602 1761 1662 facile

114 1670 167 1714 ob
207 1674 514 1727 proximitatem
561 1672 636 1716 loci
676 1685 723 1716 ac
770 1674 935 1716 infantis
986 1673 1267 1718 valetudinem
1320 1674 1362 1731 b)
1394 1681 1433 1717 el
1482 1675 1574 1718 sine
1623 1689 1757 1729 mora,

120 1748 237 1798 prout
272 1755 362 1786 can.
397 1743 481 1786 770
515 1745 583 1788 cit.
614 1744 861 1800 praescrihit
894 1744 1224 1799 observandum,
1257 1746 1531 1804 sieripotest3
1581 1759 1757 1803 quarum

117 1815 149 1856 si
183 1812 381 1856 alterutra
417 1813 584 1857 deiiciat
608 1868 610 1870 Ι
633 1815 761 1858 idest:
795 1828 912 1857 sei-ax
943 1815 1216 1872 pereqrz'mcm
1254 1819 1369 1859 initio
1402 1816 1438 1872 ξ*
1473 1817 1595 1861 huius
1627 1817 1761 1861 decla-

118 1889 252 1928 ratum
288 1884 462 1942 quilibet
493 1885 705 1943 paroc-lius
744 1879 809 1929 cui
847 1891 943 1930 tuuc
982 1903 1001 1926 α
1029 1892 1316 1931 reservatur»
1357 1888 1399 1930 in
1431 1902 1505 1932 seco
1540 1884 1759 1932 territorio

118 1961 255 2013 potes!
288 1955 551 1999 sollenmiter
573 1956 814 2015 baptizare:
847 1971 893 2001 ac
938 1963 1245 2016 consequenter
1281 1960 1433 2015 praec.i
1465 1960 1512 2018 {1⁰
1551 1960 1662 2004 «alii
1696 1974 1758 2004 sa-

118 2026 276 2070 cerdoti
329 2026 583 2071 licentiam»
633 2027 724 2071 talis
774 2028 981 2084 parochus
1024 2031 1196 2086 eiusque
1247 2033 1465 2086 paroeciae
1509 2030 1760 2076 Ordinarius

118 2096 217 2140 dare
269 2103 444 2153 possent.
482 2098 536 2140 lta
585 2111 680 2141 cum
728 2102 938 2156 aequitate
986 2099 1220 2144 admittitur
1270 2104 1544 2158 principium:
1585 2102 1761 2146 «Locus

121 2170 225 2223 regit
260 2173 399 2211 actum
423 2186 465 2212 )).

240 2239 305 2281 22.
342 2242 721 2288 Administratio
754 2245 992 2300 baptismi
1025 2245 1277 2289 sollemnis
1323 2246 1370 2289 in
1410 2246 1574 2290 alieno
1617 2248 1757 2291 terri-

118 2313 261 2356 torio.
292 2337 343 2341 —
378 2311 526 2355 Ultima
562 2314 834 2357 contii-matur
867 2316 1039 2357 assertio
1075 2316 1112 2357 in
1149 2328 1240 2358 caiz.
1276 2317 1384 2358 739.
1420 2314 1464 2358 ln
1500 2315 1640 2358 alieno
1676 2322 1758 2358 {er-

120 2381 272 2424 ritorio
307 2382 479 2437 nemini,
513 2385 637 2427 etiam
682 2381 919 2428 Ordinariis
962 2398 1009 2427 ac
1044 2385 1236 2441 parochis
1272 2386 1335 2429 vel
1381 2388 1419 2430 S.
1456 2386 1501 2431 R.
1535 2386 1577 2430 E.
1613 2386 1756 2431 Cardi-

120 2451 294 2501 nalibus,
330 2452 444 2507 lieet,
467 2453 559 2497 sine
591 2453 731 2498 debita
765 2455 938 2498 licentia
973 2456 1202 2500 secuudum
1238 2457 1561 2514 explicationem
1587 2460 1757 2501 canonis

120 2523 300 2579 p1·aec.³⁸‚
323 2523 576 2581 baptismum
609 2525 851 2569 sollemnem
886 2526 1089 2585 conferre,
1114 2534 1395 2585 congruenter
1424 2531 1755 2585 interpretationi

118 2594 238 2638 datae
273 2597 322 2638 de
359 2595 538 2651 parocho
572 2599 637 2640 cui
672 2603 926 2650 reservatur,
962 2612 1012 2641 ne
1055 2599 1122 2641 sui
1156 2598 1320 2657 quidem
1357 2599 1438 2642 loci
1484 2599 1647 2645 ineolis.
1683 2602 1759 2643 sci-

120 2664 234 2708 licet:
268 2666 445 2709 suhditis
471 2669 627 2711 ratione
660 2668 859 2711 domicilii
887 2675 1104 2725 parentum
1143 2670 1391 2726 baptizandi.
1418 2670 1500 2714 Nec
1526 2673 1598 2714 iste
1625 2684 1756 2714 canon

119 2741 177 2778 est
211 2739 401 2793 exceptio
438 2738 500 2781 vel
553 2738 742 2782 limitatio
775 2752 865 2783 can.
903 2739 1001 2790 0201,
1033 2741 1062 2798 ξ
1096 2741 1132 2789 3,
1168 2744 1266 2799 quia
1311 2741 1376 2784 hic
1424 2755 1501 2784 non
1536 2744 1674 2798 agitur
1708 2742 1758 2785 de

121 2808 417 2851 iurisdictionis
443 2809 701 2853 voluntariae
724 2812 937 2860 exercitio,
961 2811 1032 2854 sed
1068 2814 1202 2867 potins
1227 2812 1277 2855 de
1307 2817 1506 2868 potestat(¹
1541 2815 1756 2855 ministerii

119 2881 224 2920 sacri
245 2882 438 2935 quamvis
455 2893 642 2923 connexa
666 2880 952 2935 iurisdictioni,
973 2882 1044 2925 sed
1065 2895 1144 2939 qua
1166 2883 1372 2925 territorio
1397 2885 1756 2939 circumscriptae.
