1971 3261
163 155 208 188 52
554 151 638 184 LIB.
668 150 740 183 III.
771 169 780 174 -
809 149 918 183 PARS
943 149 974 183 Ι.
1003 169 1015 173 -
1042 148 1098 183 De
1124 148 1389 183 Sam-amentis
1510 149 1601 184 Gan.
1633 149 1788 184 758-759

167 280 247 324 bito
281 280 329 323 ad
367 282 646 322 remanentem
681 287 844 332 aquam,
879 288 949 318 seu
998 274 1230 330 applicatur
1278 274 1376 317 illud
1425 277 1615 318 axioma:
1658 277 1789 317 maior

166 363 258 407 pars
292 349 413 392 traliit
450 348 498 391 ad
535 361 577 390 se
622 349 837 389 minorem.

281 420 308 477 ξ
342 419 378 461 3.
415 418 459 461 Si
494 431 585 460 vero
619 430 667 459 ex
713 418 967 472 contingenti
1011 429 1108 460 casu
1154 415 1435 459 involuntario
1478 421 1550 460 aut
1592 416 1786 473 culpabili

166 492 203 544 3)
236 495 433 546 corrupta
465 488 598 545 faerit
631 500 750 544 aqua,
787 486 828 543 b)
864 492 937 529 ciat
972 486 1197 545 efflaverit,
1231 494 1270 542 c)
1305 492 1379 530 aa!
1412 487 1555 544 quovis
1578 487 1697 531 modo
1720 487 1788 531 de-

164 560 312 618 fecerit
345 559 537 611 totaliter,
569 556 780 615 parochus
814 557 952 614 (cuius
983 562 1043 601 est
1066 570 1156 601 eam
1182 557 1430 601 benedicere
1458 559 1494 600 vi
1520 557 1642 601 huius
1664 558 1788 615 can.⁸)

167 632 205 673 ιή
240 630 398 687 fontem
434 629 510 685 (sic
543 630 665 671 etiam
705 633 876 671 vocatur
911 628 1214 684 baptisterium)
1258 635 1297 685 a)
1326 627 1425 671 bene
1462 628 1709 672 iizurzdatum
1742 643 1791 672 ae

166 700 342 744 nitidam
377 699 556 743 scilicet:
592 711 688 741 cum
726 699 906 754 perfecta
943 700 1145 742 munditie
1179 698 1223 756 b)
1255 704 1461 742 recentem
1484 713 1640 757 aquam
1662 699 1788 743 idest:

168 784 308 828 puram
334 784 380 813 ex
416 769 735 812 decurrentibus
759 771 798 812 in
822 773 1028 826 praesenti
1054 769 1241 814 haustam
1267 769 1469 827 infundat
1491 771 1528 825 c)
1547 784 1596 812 ae
1616 771 1791 828 proprio

165 841 251 883 rita
286 854 356 896 pro
392 839 452 881 liis
485 839 649 882 casibus
697 838 740 881 in
787 839 877 882 suis
930 839 1144 897 lituryicis
1187 839 1321 889 libris,
1372 853 1542 897 nempe:
1584 853 1656 897 pro
1692 843 1793 883 ritus

164 912 404 955 dixersitate
438 908 728 965 peculiaribus,
760 911 1026 968 praescripto
1059 910 1288 956 benedicat.
1783 900 1785 903 ¹

285 981 357 1024 Pro
377 979 645 1037 quisbusdam
670 979 911 1036 regionibus
935 980 1045 1024 utilis
1068 980 1270 1025 absdubio
1293 986 1352 1025 est
1375 994 1552 1039 sequens
1574 981 1653 1025 Rit.
1673 981 1790 1025 Rom.

164 1052 389 1095 admonitio
424 1050 526 1102 (sub.
562 1063 600 1093 n.
637 1050 681 1107 7)
720 1051 836 1095 «Sed
872 1053 904 1094 si
938 1064 1045 1109 aqua
1079 1051 1344 1108 conglaciata-
1369 1054 1434 1106 sit,
1468 1057 1650 1106 curetur,
1685 1056 1729 1095 ut
1752 1051 1794 1094 li-

165 1123 339 1177 quetiat3
373 1124 434 1164 sin
469 1126 608 1164 antem
642 1134 692 1164 ex
729 1126 844 1178 parte
877 1121 1092 1178 congelata
1126 1124 1190 1175 sit,
1224 1127 1294 1166 aut
1328 1124 1501 1165 nimium
1536 1122 1698 1178 frigida,
1724 1136 1792 1179 po-

165 1195 258 1236 terit
292 1205 434 1248 parum
469 1204 600 1249 aquae
637 1191 837 1235 naturalis
860 1206 939 1236 non
965 1192 1208 1236 benedictae
1232 1192 1477 1248 calefacere,
1500 1197 1541 1236 et
1562 1193 1794 1237 admiscere

164 1274 296 1319 aquae
331 1261 562 1318 baptismali
598 1264 635 1304 in
676 1261 843 1305 vasculo
876 1262 926 1306 ad
953 1262 1001 1306 vid
1036 1267 1191 1319 parato,
1226 1268 1263 1307 et
1291 1261 1345 1313 rea
1370 1261 1569 1320 tepefacta
1593 1263 1642 1306 ad
1669 1263 1796 1320 bapti-

164 1333 337 1377 zandum
372 1334 442 1382 uti,
476 1345 527 1375 ne
561 1337 706 1375 noceat
739 1332 1002 1376 infantulo».
1037 1332 1103 1376 lsti
1138 1333 1220 1377 duo
1245 1338 1401 1377 tantum
1427 1346 1547 1377 casus
1570 1335 1794 1390 permissae

163 1403 429 1446 admixtionis
463 1403 670 1458 praefatae
707 1403 872 1446 dantur.

282 1473 348 1518 44.
385 1475 459 1520 De
494 1476 648 1520 modo
694 1476 930 1520 abluendi
973 1478 1038 1520 ad
1076 1477 1446 1532 baptizandum.
1481 1501 1505 1505 —
1543 1474 1647 1518 Can.
1682 1477 1791 1517 758.
1827 1454 1839 1461 Γ

166 1542 280 1586 Licet
311 1543 540 1599 baptismus
574 1544 714 1587 valide
751 1543 940 1602 conferri
969 1545 1105 1603 possit
1146 1545 1400 1603 ubicumque
1432 1550 1472 1589 et
1507 1559 1578 1602 pro
1610 1545 1795 1603 quolibet

167 1614 395 1670 baptizandi
433 1617 511 1658 ritu
545 1620 619 1657 aut
652 1614 693 1672 a)
724 1628 802 1673 per
845 1615 1103 1673 t‘as‘asionem
1145 1629 1278 1674 aquae
1320 1629 1444 1673 super
1489 1616 1796 1673 baptizandum,

167 1684 209 1741 b)
242 1690 316 1727 aat
346 1699 423 1743 per
455 1685 765 1729 irnrnersionem
812 1685 1042 1743 baptizandi
1078 1689 1116 1730 in
1151 1700 1316 1745 aquam,
1360 1687 1400 1744 c)
1435 1693 1508 1730 aut
1536 1700 1616 1745 per
1652 1700 1793 1743 asper-

164 1755 334 1811 sionem,
368 1757 408 1812 a)
438 1755 603 1813 primas
642 1761 779 1799 tamen
813 1756 876 1799 vel
913 1756 954 1814 h)
988 1757 1194 1800 secundus
1236 1757 1395 1811 modas,
1443 1763 1518 1801 aut
1560 1757 1604 1814 d)
1638 1757 1795 1800 mioetus

164 1840 215 1868 etr
248 1831 423 1883 atroque
456 1826 618 1883 (relicto
653 1826 783 1870 altero
819 1841 890 1883 per
922 1830 1220 1884 aspersionem)
1261 1828 1334 1886 qui
1370 1828 1505 1886 maqis
1538 1828 1594 1871 sit
1627 1828 1669 1870 in
1703 1841 1794 1880 usu,

164 1896 412 1947 retineatur,
445 1897 739 1941 extendendus
772 1911 938 1956 quoque
982 1902 1123 1942 contra
1167 1899 1208 1956 c)
1242 1901 1422 1954 tertium»,
1457 1901 1489 1942 si
1524 1912 1626 1955 opus
1659 1899 1793 1952 fuerit,

163 1980 211 2010 ac
244 1969 365 2010 etiam
402 1970 438 2010 in
485 1967 690 2024 baptismo
735 1982 813 2012 non
862 1968 1064 2014 sollemni.
1109 1970 1296 2027 Sequens
1338 1969 1523 2013 clausula
1570 1968 1796 2012 secandam

162 2037 358 2094 probatos
391 2037 661 2081 diversarmn
694 2038 983 2083 Eeclesiaram
1017 2041 1329 2096 particularium
1362 2039 1543 2083 rituales
1577 2040 1705 2083 libros
1737 2045 1795 2083 est

164 2109 471 2164 interpretanda
507 2122 578 2165 pro
597 2109 792 2153 sollemni
828 2110 1031 2167 baptismo
1063 2122 1112 2154 ac
1144 2110 1195 2154 de
1226 2112 1369 2154 maiori
1404 2110 1626 2154 ablutionis
1659 2110 1796 2153 deter-

167 2180 401 2222 minatione.
450 2178 491 2222 V.
537 2193 597 2236 gr.
644 2183 683 2223 in
728 2180 807 2224 Rit.
856 2180 972 2224 Rom.
1020 2181 1195 2224 dicitur:
1239 2183 1337 2224 «ita
1372 2185 1415 2224 ut
1448 2183 1552 2224 trina
1586 2180 1797 2224 ablutione

165 2253 286 2304 caput
323 2248 552 2304 baptizandi
589 2251 874 2307 perfundatur,
913 2251 975 2294 vet
1003 2253 1276 2308 immergatur
1299 2253 1337 2294 in
1363 2251 1530 2294 modum
1556 2253 1693 2294 crucis
1718 2264 1796 2294 uno

165 2323 201 2361 et
236 2319 381 2362 eodem
416 2325 614 2376 tempore,
651 2334 732 2378 quo
770 2320 895 2365 verba
931 2322 1195 2378 proferuntur
1238 2324 1314 2374 (uti
1348 2321 1449 2365 alias
1481 2321 1723 2378 explicavi),
1758 2326 1795 2364 et

167 2389 273 2432 idem
307 2392 358 2433 sit
391 2403 540 2447 aquam
575 2391 779 2436 adhibens
812 2398 851 2436 et
888 2391 1014 2437 verba
1059 2394 1385 2449 pronuntians».
1435 2392 1554 2447 Quod
1606 2393 1794 2436 ultimum

167 2462 339 2515 pertinet
372 2461 422 2504 ad
459 2461 650 2518 baptismi
694 2463 962 2516 validitatem,
995 2476 1115 2507 secus
1148 2476 1327 2520 namque
1365 2464 1494 2506 forma
1528 2468 1690 2507 careret
1727 2476 1794 2506 ve-

167 2533 298 2575 ritate.
332 2532 410 2575 Sed
446 2533 579 2589 quoad
619 2536 767 2576 trinam
818 2533 1072 2577 ablutionem
1124 2533 1188 2577 vel
1236 2536 1545 2577 immersionem
1587 2539 1625 2578 et
1660 2534 1794 2591 quoad

168 2600 332 2643 modum
368 2604 503 2645 crucis
537 2602 705 2647 exhibet
742 2603 902 2647 Rituale
926 2606 1213 2647 caeremonias
1234 2603 1444 2647 sollemnis
1469 2604 1679 2661 Baptismi.

283 2671 349 2713 45.
387 2673 458 2718 De
500 2676 758 2730 baptismo
799 2677 995 2731 privato
1028 2676 1175 2720 licito.
1213 2698 1236 2706 -
1285 2674 1581 2718 Praecedentes
1619 2687 1798 2718 canones

164 2748 443 2796 exposuerunt
478 2757 664 2787 normam
704 2746 941 2802 generalem
981 2758 1070 2789 can.
1106 2746 1205 2800 755,
1228 2748 1252 2799 ξ
1278 2746 1292 2788 t
1315 2759 1323 2787 :
1347 2746 1398 2789 de
1423 2745 1531 2789 illius
1553 2748 1798 2802 exceptione

162 2814 244 2867 agit
279 2826 353 2855 ran
392 2816 497 2858 750.
532 2815 559 2872 ξ
598 2816 633 2859 l.
674 2815 720 2859 In
759 2817 904 2860 mortis
935 2816 1124 2874 periculo
1160 2816 1300 2873 regula
1325 2822 1407 2859 est:
1441 2817 1689 2874 baptismam
1713 2816 1797 2874 pri-

166 2882 291 2924 vatim.
329 2898 347 2923 c(
371 2897 442 2926 seu
479 2898 555 2927 non
590 2886 842 2929 sollemnem
870 2903 890 2928 »
931 2887 1040 2943 (can.
1075 2886 1173 2939 737,
1196 2886 1223 2944 ξ
1248 2886 1289 2942 ’2)
1314 2886 1506 2944 conferre
1530 2887 1651 2936 licem
1682 2885 1798 2929 adlit-
