1971 3261
117 140 187 174 318
511 139 595 174 Lm.
622 139 693 172 III.
724 159 735 164 -
763 139 873 172 PARS
910 138 941 171 Ι.
971 158 982 162 -
1008 138 1066 173 De
1092 138 1356 173 Sacramentis
1555 137 1648 174 Can.
1674 137 1746 193 924

120 273 191 315 per
223 261 549 311 concessionem,
585 263 680 300 tunc
714 262 877 300 tantum
912 263 1076 300 cessum
1109 271 1158 300 ex
1198 261 1343 300 natura
1391 256 1565 301 subiecti
1600 269 1741 301 earum

118 330 166 373 ad
201 331 478 373 concessionis
510 332 711 382 tenorem,
745 327 853 371 unde
888 332 1050 383 praeter
1082 340 1202 371 casus
1223 329 1435 385 sequentis
1466 327 1644 384 duplicis
1677 328 1747 384 lly-

121 400 300 456 pothesis
333 404 500 442 manent
535 399 818 454 indulgentiae
852 401 1095 456 inquantum
1131 398 1285 443 reales:
1324 400 1380 441 1“Ε
1403 411 1523 442 casus
1556 403 1630 453 est,
1654 412 1745 441 cum

119 482 296 511 coronae
343 468 506 510 ‹zliaeve
537 481 604 510 res
633 481 810 525 prorsus
843 467 1041 511 desinant
1074 481 1163 511 esse
1209 469 1342 526 quoad
1394 468 1534 511 utilem
1587 470 1748 524 pietatis

118 552 236 582 usum
272 540 337 582 cui
370 540 644 592 destinantur,
682 552 721 582 V.
753 552 815 595 gr.
849 543 991 582 contra
1024 541 1085 582 ius
1112 539 1379 596 praecedens,
1402 542 1434 582 si
1470 541 1671 582 rosarium
1707 541 1745 581 in

119 609 257 664 plures
292 613 428 665 partes
451 610 749 666 disrumpatur,
773 612 846 653 etsi
875 615 1012 666 postea
1040 611 1250 653 reficiatur
1273 610 1430 653 eisdem
1454 612 1608 666 granis.
1642 609 1747 653 Hinc

118 684 237 723 caute
272 682 309 722 in
343 680 460 724 Dec0.
496 682 533 723 S.
568 678 705 724 Officii
726 681 738 702 ²
773 683 883 724 circa
918 681 1198 737 indulgentias
1231 681 1477 736 apostolicas
1510 683 1548 724 in
1585 681 1746 724 Pontifi-

117 756 210 793 catu
244 749 395 794 Bened.
433 751 505 793 l'P.
540 749 626 806 XV,
660 750 737 795 sub
771 764 807 793 n.
849 751 924 794 «3.
962 751 1250 794 Excluduntur
1298 750 1350 794 ab
1392 751 1642 807 apostolicae
1677 750 1743 794 be‘-

118 821 363 864 nedictionis
396 824 662 865 concessione
697 823 899 878 imagines
946 825 1054 879 typis
1087 827 1294 875 exaratae,
1329 822 1530 878 depictae,
1564 823 1746 879 itemque

117 904 276 944 cruces,
310 893 513 942 crucitixi,
541 904 695 948 parvae
727 897 903 947 statuae,
936 897 976 936 et
1010 895 1257 935 numismata
1292 906 1341 935 ex
1375 897 1534 947 stanno,
1562 891 1744 947 plumbo,

117 962 253 1004 aliave
286 975 333 1005 ex
372 965 541 1006 materia
581 963 714 1019 fragili
764 976 835 1006 seu
885 962 1193 1019 consumptibili
1244 964 1427 1006 confecta
1452 979 1491 1007 ›).
1528 962 1594 1005 {1¹²s
1626 975 1747 1006 casus

116 1034 355 1075 cessationis
389 1033 740 1089 indulgentiarum
775 1038 848 1087 est,
881 1034 1048 1090 quando
1083 1047 1146 1076 res
1186 1033 1452 1090 indulgentiis
1499 1034 1652 1077 ditatae
1686 1033 1747 1076 vel

120 1101 353 1145 vemlzzutm·
390 1119 411 1143 ‹<
443 1104 671 1147 secundum
710 1106 918 1160 propriam
957 1103 1071 1147 verbi
1104 1104 1450 1160 significationem
1487 1106 1525 1146 in
1560 1108 1674 1146 textu
1709 1108 1748 1146 et

117 1177 313 1216 contextu
346 1174 690 1217 consideratam»
730 1175 835 1227 (can.
876 1173 960 1231 18),
996 1175 1105 1218 unde
1139 1177 1298 1217 etiamsi
1331 1178 1619 1231 permutentur
1652 1187 1745 1217 cum

117 1243 194 1286 alia
231 1257 273 1287 re
307 1245 624 1301 aequipollentis
660 1245 823 1298 valoris,
859 1249 899 1288 et
931 1247 1124 1302 quamvis
1163 1247 1378 1302 «pretium
1405 1257 1546 1288 earum
1574 1258 1651 1287 non
1677 1258 1746 1288 au-

117 1318 301 1370 geatur»
338 1315 528 1373 absitque
561 1321 865 1373 consequenter
899 1318 1073 1359 simonia
1108 1316 1157 1359 ad
1194 1328 1381 1359 normam
1418 1328 1507 1358 can.
1544 1315 1642 1359 730.

237 1426 323 1462 Cum
350 1432 466 1463 autem
494 1428 528 1462 id
556 1428 620 1463 iuri
650 1428 752 1463 veteri
781 1433 963 1472 congruat,
990 1429 1119 1474 optime
1146 1429 1296 1463 deservit
1324 1432 1359 1463 ut
1377 1428 1668 1463 commentarium
1697 1438 1747 1462 se-

118 1496 228 1530 quens
256 1485 362 1521 Decm.
389 1485 425 1521 S.
455 1485 599 1532 Congrs.
630 1487 796 1531 lndutgm.
818 1487 849 1521 2:
880 1487 936 1522 «Ι.
963 1488 1017 1522 An
1045 1487 1210 1522 amittant
1238 1487 1476 1531 Indulgentias
1502 1497 1633 1527 cruceS,
1654 1496 1746 1521 coro-

118 1554 196 1585 nae,
224 1549 276 1579 etc
318 1545 344 1579 si
373 1546 452 1590 quis
477 1556 534 1580 eas
565 1556 697 1587 emenS,
728 1546 793 1591 ipsi
833 1546 1004 1581 venditori
1039 1557 1158 1581 earum
1200 1546 1478 1581 benedictionem
1517 1545 1660 1580 nomine
1687 1555 1748 1579 suo

117 1603 309 1637 curandam
336 1604 545 1647 committat,
565 1604 741 1639 soluturus
770 1605 916 1650 pretium
936 1615 1175 1650 expensasque
1193 1604 1484 1644 transmissionis,
1506 1604 1541 1638 in
1562 1604 1636 1649 ipso
1652 1608 1746 1647 actu,

118 1672 185 1705 qno
211 1672 265 1697 res
291 1662 370 1697 illas
398 1663 465 1697 iam
494 1662 694 1698 benedictas
721 1663 935 1698 tradentur?
960 1663 1001 1698 Et
1026 1668 1199 1709 quatenus
1226 1662 1397 1707 negative.
1428 1683 1471 1687 —
1498 1662 1536 1697 ll.
1567 1667 1620 1696 An
1647 1661 1747 1696 amit-

116 1724 193 1755 tant
208 1720 446 1766 Indulgentias
464 1732 592 1762 cruces
614 1732 774 1765 coronae,
794 1727 856 1757 etc.
878 1722 905 1756 si
926 1722 1004 1767 quis
1023 1722 1231 1768 praevidens
1249 1733 1306 1757 eas
1325 1722 1394 1757 iam
1415 1721 1615 1757 benedictas
1635 1725 1747 1766 postu-

118 1779 226 1814 latum
253 1780 293 1814 iri
321 1785 413 1815 certa
439 1781 628 1820 occasione,
659 1785 740 1826 puta
766 1781 883 1825 magni
923 1791 1115 1816 concursus
1143 1781 1310 1823 fidelium,
1338 1781 1372 1815 in
1400 1785 1617 1816 antecessum
1646 1779 1749 1815 bene-

117 1838 282 1873 dicendas
308 1844 404 1874 curet
432 1850 491 1885 pro
517 1840 558 1873 iis
585 1839 642 1880 qui
670 1849 740 1880 eaS,
769 1840 930 1876 restituto
959 1841 1067 1886 pretio
1090 1851 1254 1886 expenso,
1280 1839 1419 1885 petituri
1448 1838 1547 1874 sint?
1574 1860 1618 1863 —
1645 1837 1751 1874 Sacra

118 1907 196 1931 vero
223 1896 491 1943 Congregatio...
520 1898 727 1944 respondere
762 1899 965 1934 mandavit:
993 1899 1045 1934 Ad
1072 1898 1097 1933 l.
1123 1897 1297 1942 Negative.
1325 1898 1376 1933 Ad
1405 1898 1443 1932 ll.
1475 1897 1695 1932 Affirmative
1713 1910 1746 1931 ».

118 1955 155 1990 Et
183 1956 396 2001 interrogata
422 1958 543 1993 eadem
571 1957 608 1994 S.
636 1959 763 2005 Congr.
797 1974 814 1992 ‹<
834 1959 871 1993 '2⁰
898 1960 952 1994 An
981 1959 1038 2004 qui
1067 1959 1150 1994 emit
1177 1968 1309 2000 cruces,
1330 1958 1545 1992 numismata
1563 1961 1639 1998 etc.‚
1660 1961 1693 1991 et
1710 1967 1750 1992 ca

117 2013 303 2050 distribuat
330 2020 511 2061 postquam
545 2016 730 2053 benedicta
757 2017 886 2053 tuerint
911 2028 990 2052 cum
1029 2016 1263 2063 applicatione
1301 2015 1613 2060 indulgentiarum,
1644 2014 1750 2061 possit

118 2072 243 2108 borum
271 2080 385 2120 petere
412 2076 561 2120 pretium
590 2076 634 2111 ab
659 2076 914 2122 accipientibus
939 2076 1015 2111 sine
1033 2075 1146 2121 culpa,
1165 2075 1216 2110 vel
1244 2075 1320 2110 sine
1339 2074 1491 2120 periculo
1512 2073 1750 2119 indulgentias

117 2132 331 2168 amittendi?
359 2134 538 2180 respondit
557 2135 594 2168 3:
624 2136 675 2170 Ad
703 2134 751 2169 ἕξω
778 2135 989 2180 Negative».

236 2234 469 2278 Notandum
516 2241 576 2279 est
624 2236 768 2280 ultimo
817 2250 890 2293 per
937 2249 1138 2279 canonem
1188 2235 1380 2292 abrogari
1432 2234 1570 2278 verbis
1607 2239 1748 2277 «tunc

119 2310 276 2348 tantum
315 2312 520 2349 cessant»
562 2306 685 2350 Decm.
720 2308 904 2350 eiusdem
941 2308 979 2350 S.
1013 2305 1356 2363 Congregationis
1389 2307 1403 2327 ‘¹
1452 2319 1532 2362 quo
1581 2318 1747 2362 respon-

119 2376 261 2418 detur:
301 2376 540 2419 «Servetur
589 2378 764 2421 formula
799 2377 909 2421 Deci.
945 2377 1011 2420 sel.
1047 2390 1127 2420 rec.
1163 2377 1279 2420 Alex.
1320 2375 1385 2418 Vll
1410 2391 1449 2431 )),
1482 2376 1590 2433 quod
1629 2375 1749 2431 paulo

118 2451 237 2489 antea
273 2445 424 2489 ibidem
476 2449 534 2490 sic
579 2450 818 2491 enuntiatur
856 2464 877 2489 «
906 2448 1061 2491 editum
1111 2446 1188 2491 sub
1221 2447 1288 2490 die
1323 2448 1345 2489 6
1380 2445 1497 2490 Febr.
1534 2446 1661 2500 1657,
1696 2447 1751 2488 ui-

120 2517 284 2563 mirum,
318 2520 359 2558 ut
382 2529 572 2571 coronae,
598 2531 756 2569 cruces,
782 2520 952 2573 rosaria,
979 2519 1240 2572 numismata,
1264 2530 1371 2574 quae
1397 2515 1521 2572 vulgo
1544 2514 1752 2572 medaylt'e

117 2591 410 2642 nuncupantur
443 2593 479 2629 et
513 2594 679 2631 sanctae
715 2590 916 2644 imagines
949 2601 1043 2631 cum
1081 2588 1274 2644 praefatis
1324 2587 1592 2642 indulgentiis
1625 2585 1750 2629 bene—

119 2656 267 2711 dictae,
305 2669 383 2699 non
433 2662 644 2701 transeant
677 2671 894 2714 personam
932 2658 1110 2713 illorum,
1145 2652 1295 2715 quibus
1329 2670 1350 2700 a
1383 2658 1607 2701 Sanctitate
1655 2669 1748 2698 con-

238 2787 249 2808 1
278 2787 299 2820 5
327 2786 434 2831 Sept.
466 2787 569 2830 1914,
599 2786 675 2821 CO.
706 2787 771 2829 VI,
797 2787 881 2821 503.
912 2807 954 2812 —
982 2787 995 2809 ‘2
1024 2787 1067 2821 10
1093 2787 1168 2820 Iul.
1210 2786 1313 2827 1896,
1354 2786 1402 2819 A.
1440 2785 1477 2819 S.
1514 2784 1549 2818 S.
1589 2784 1652 2819 vol
1694 2785 1751 2826 29,

119 2833 391 2915 ΞΞΞᾘΒΞΟΒΔΙ-
419 2834 433 2856 3
461 2835 504 2867 12
530 2834 604 2868 Iul.
638 2835 737 2875 1847,
770 2835 861 2869 Dec.
892 2834 1003 2868 auth.
1042 2846 1082 2868 n.
1115 2834 1195 2868 344.
1230 2855 1273 2859 —-
1298 2836 1311 2856 ⁴¹
1343 2833 1383 2867 17
1409 2833 1491 2869 Ian.
1527 2832 1630 2866 1711.
1656 2831 1747 2866 Dec.
