1971 3261
638 183 721 219 Ti‘r.
749 184 833 219 VII.

862 204 873 210 -
901 185 957 219 De
985 185 1245 219 Matrimonia
1696 184 1764 217 501

133 304 213 339 tatis
238 303 351 339 cultus
377 307 437 338 ant
463 302 590 338 mixtae
615 302 805 346 religionis,
843 303 909 336 nisi

134 351 194 387 loci
224 349 434 387 Ordinarius
462 361 521 396 pro
546 360 609 385 sua
637 349 833 395 prudentia,
860 361 909 385 re-

134 402 226 433 moto
252 397 429 435 scandalo
462 408 520 432 eas
556 397 754 442 permittere
791 408 914 442 oppor-

132 451 257 481 tunum
300 445 449 484 duxerit,
494 444 683 479 dummodo
726 444 914 496 apostolici

131 491 346 539 dispensatio
366 491 588 538 praecesserit
606 496 638 526 et
660 492 790 526 mentio
817 491 915 526 omit

132 544 226 575 tatur
251 539 430 583 religionis
458 539 564 583 partis
600 549 669 573 nou
709 538 912 574 catholicae.

179 585 263 622 CAN.
296 585 398 622 1027.
415 607 432 611 -
454 586 587 621 Omnes
607 585 724 621 fideles
751 590 915 621 tenentur

133 633 397 680 impedimenta,
430 634 456 668 si
495 644 565 679 qua
605 633 736 673 norint,
768 633 915 678 parocho

130 687 190 716 aut
217 681 279 717 loci
308 680 507 722 ordinario,
527 690 607 716 ante
628 680 841 715 matrimonii
862 691 914 715 ce-

134 728 373 767 lebrationem,
402 728 567 764 revelare.

179 775 259 812 CAN.
292 774 394 810 1028.
426 796 442 800 -
471 779 490 818 5
522 775 550 809 1.
589 773 663 809 1οοί
705 774 916 809 ()rdinarius

131 824 292 868 proprius
320 834 379 869 pro
405 833 467 858 suo
508 821 667 869 prudenti
709 821 835 856 iudicio
863 832 916 867 po

129 875 196 906 test
214 880 253 906 ex
281 870 436 916 legitima
457 880 562 905 causa
580 880 600 904 a
620 869 916 921 publicationibus

129 918 235 953 etiam
263 917 299 952 in
326 917 439 953 aliena
467 917 614 953 dioecesi
659 915 827 952 l'·a‹ien(lis
864 916 915 951 (11-

984 302 1051 338 cesi
1082 303 1343 338 matrimonium
1377 302 1595 346 celebratum
1625 303 1714 348 quod
1742 302 1768 336 si

986 349 1250 385 matrimonium
1295 355 1390 385 extra
1433 351 1589 396 proprias
1634 351 1771 385 ineatur

987 397 1161 432 dioeceses
1189 397 1335 443 quilibet
1366 396 1576 433 Ordinarius
1613 397 1771 443 proprius

987 444 1190 489 dispensare
1219 449 1341 490 potest.

1035 492 1119 526 CAN.
1157 491 1256 526 1020.
1288 511 1304 518 -
1333 492 1366 526 Si
1395 492 1485 527 alius
1513 492 1683 538 parochus
1723 490 1772 524 in-

988 539 1252 583 vestigationem
1292 545 1351 574 aut
1388 539 1640 585 publicationes
1689 549 1768 584 per-

987 586 1104 629 egerit,
1132 587 1174 621 de
1194 586 1316 621 barum
1357 586 1447 621 exitu
1477 586 1593 621 statim
1626 596 1686 631 per
1711 596 1770 620 au-

988 633 1182 668 thenticum
1213 634 1461 669 documentum
1492 634 1670 669 certiorem
1700 633 1770 668 red*

987 680 1044 715 det
1070 681 1271 726 parochum,
1289 681 1346 726 qui
1369 681 1592 716 matrimonio
1609 680 1771 715 assistere

987 727 1101 763 debet.

1036 774 1120 810 CAN.
1157 774 1254 808 1030.
1285 796 1300 800 -
1329 779 1348 817 ξ
1380 776 1406 809 l.
1439 775 1588 811 Peractis
1629 774 1769 810 investi—

986 822 1189 867 gationibus
1215 827 1248 857 et
1268 822 1578 868 publicationibus,
1601 821 1771 867 parochus

989 869 1213 904 matrimonio
1231 880 1272 904 ne
1283 870 1436 912 assistat,
1451 875 1640 915 antequam
1652 868 1771 904 omnia

986 916 1198 952 documenta
1226 917 1420 952 necessaria
1435 917 1613 963 receperit,
1631 922 1664 952 et
1680 926 1771 962 prae-

988 968 1093 1005 terea,
1124 963 1190 998 nisi
1220 964 1438 999 rationabilis
1464 975 1568 999 causa
1599 964 1693 999 aliud
1715 974 1769 1009 po-

987 1012 1102 1051 stulet,
1129 1016 1198 1046 tres
1224 1011 1297 1047 dies
1323 1012 1539 1047 decurrerint
1565 1011 1608 1046 ab
1648 1011 1771 1045 ultima

989 1058 1237 1105 publicatione.

130 975 309 1011 spensare.

176 1016 195 1054 ξ
223 1011 256 1047 2.
286 1011 321 1047 Si
344 1012 459 1058 plnres
477 1012 549 1046 sint
567 1009 747 1047 Ordinarii
770 1010 912 1056 proprii,

132 1059 214 1095 ille
208 1070 260 1095 ius
280 1059 384 1095 habet
401 1058 646 1105 dispensandi,
661 1058 695 1092 in
712 1058 811 1093 cuius
824 1058 918 1094 dioe-

218 1189 264 1225 Ca
295 1195 331 1224 ut
357 1188 382 1224 l.

131 1237 176 1273 De
203 1237 244 1272 iis
265 1202 354 1283 diuae
379 1248 447 1272 ma·
486 1257 527 1261 —
554 1236 719 1281 generale
746 1235 831 1270 iuris
859 1235 1071 1282 principium

152 1284 306 1320 trimonii
359 1284 445 1320 cele·
479 1262 482 1331 ,1

151 1332 301 1367 brationi
347 1342 444 1377 prae-

152 1379 239 1414 mitti
268 1378 397 1414 debent
425 1400 464 1404 —

1561 1236 1648 1272 Can.
1680 1236 1767 1271 1010

486 1351 528 1355 —
556 1329 822 1375 investigatione
847 1341 887 1365 ae
913 1341 1121 1376 sponsorum
1151 1330 1488 1375 interrogationibus
1609 1344 1621 1361 r,
1681 1330 1768 1365 1020

487 1446 526 1451 —
553 1425 784 1461 sacramentis
809 1425 854 1461 ab
880 1425 1018 1471 sponsis
1045 1425 1192 1471 receptis
1604 1440 1617 1457 ι)
1677 1425 1757 1460 1021

702 1540 739 1546 -
769 1531 827 1566 per
852 1519 1160 1555 denunciationem
1609 1538 1614 1550 ‚
1676 1519 1765 1555 1022

483 1635 527 1640 -
561 1625 654 1661 pera·
706 1636 741 1641 —
767 1626 786 1650 a
824 1615 972 1661 parocho
1009 1615 1146 1661 proprio
1181 1615 1391 1661 quandoque
1426 1626 1551 1650 consu-

497 1662 679 1707 gendis—
722 1662 813 1698 lente
839 1660 1069 1698 Ordinarium
1610 1678 1616 1693 ›
1676 1661 1764 1697 1023

399 1803 405 1810 .
700 1779 740 1783 ---
768 1757 904 1798 diebus,
934 1757 1006 1792 loco
1031 1762 1063 1792 et
1094 1757 1274 1793 functione
1307 1758 1553 1793 determinatis
1605 1772 1620 1790 »
1680 1755 1765 1792 1024

180 1809 213 1839 et
242 1809 444 1850 praesertim

150 1851 193 1887 de
240 1851 445 1897 publicatio-
486 1871 528 1878 —
556 1851 811 1886 substituendis
1606 1866 1620 1884 »
1681 1850 1767 1886 102ἶί

151 1899 446 1934 nibusmatrimo-

153 1946 308 1982 nialibus
426 1968 469 1972 —
488 1966 529 1973 —
555 1946 757 1982 omittendis
786 1945 836 1981 vel
864 1957 962 1982 secus
992 1957 1051 1992 pro
1077 1946 1288 1992 quibusdam
1313 1947 1550 1982 matrimoniis
1603 1962 1617 1979 »
1679 1946 1765 1981 1020

692 2062 743 2136 1-
772 2040 925 2076 fidelium
953 2040 1119 2086 obligatio
1607 2056 1619 2073 n
1680 2040 1766 2076 1027

692 2143 742 2197 g—
767 2135 1043 2181 aequipollenter
1070 2136 1143 2172 iure
1176 2136 1219 2171 ob
1254 2137 1552 2183 dispensationem
1608 2151 1622 2169 »
1681 2135 1766 2171 1028

506 2193 679 2264 tispemc—
693 2201 695 2249 i
955 2251 993 2255 —
1018 2231 1229 2266 certioranili
1269 2231 1416 2267 alterum
1459 2243 1555 2278 paro—

693 2255 695 2352 i
973 2278 1078 2314 chum
1606 2294 1619 2311 ι)
1679 2279 1767 2313 10211

694 2354 696 2493 δ
949 2392 995 2397 -—
1021 2372 1112 2408 circa
1142 2372 1386 2408 celebrationis
1419 2373 1554 2408 dilatio-

972 2430 1053 2455 nem
1606 2435 1621 2453 »
1679 2420 1766 2455 1031)

701 2466 905 2512 —parochi

711 2478 930 2559 0111111311ῐὶ0-
950 2535 990 2540 -
1017 2514 1060 2549 ob
1089 2514 1382 2560 impedimentum
1406 2515 1553 2550 dubium

969 2566 1029 2597 aut
1055 2566 1187 2597 eertum
1606 2577 1620 2595 »
1679 2561 1759 2596 1031

1210 2676 1252 2681 -
1282 2667 1445 2702 vagorum
1607 2672 1621 2689 »
1679 2656 1766 2691 1032

945 2750 1091 2786 —circa
1107 2761 1176 2786 ma·
1207 2751 1306 2786 —-ob
1323 2762 1550 2797 personarum

969 2798 1205 2847 trimonia—4
1231 2799 1466 2835 conditionem
1605 2814 1619 2831 ι)
1680 2797 1766 2833 1033

1203 2859 1252 2919 i—
1281 2893 1430 2929 filiorum
1452 2894 1551 2929 fami-

1229 2941 1291 2976 lias
1604 2956 1618 2972 »
1676 2938 1762 2975 1034
