1971 3261
201 162 245 193 55
592 156 677 190 Lus.
706 157 777 190 ΠΙ.
808 177 819 181 -
847 157 957 190 PARS
983 156 1013 190 I.
1043 177 1056 182 -
1083 157 1139 191 De
1165 157 1431 192 &loramentis
1543 156 1636 193 Gan.
1667 157 1822 193 774-775

315 275 497 319 Ecclesia
520 288 617 317 vero
636 287 741 331 quae
759 278 853 317 ante
866 273 1028 317 Codicis
1049 273 1409 330 promulgationen
1428 274 1606 319 habebat
1626 278 1687 319 ius
1705 278 1827 319 fontis

203 347 439 390 exlusix‘nm
465 358 562 401 prae
597 344 687 388 aliis
721 344 909 388 ecclesiis
943 343 1263 400 paroecialibus,
1285 350 1375 402 post
1396 344 1561 390 Codicis
1588 346 1824 403 promulga-

201 419 351 459 tionem
377 421 597 471 erectoque
622 417 659 457 in
685 414 830 457 iisdem
865 414 1052 457 ecelesiis
1076 415 1186 458 fonte
1208 415 1259 458 ad
1285 418 1586 472 praescriptum
1608 418 1719 460 citati
1758 428 1824 459 ca-

203 490 330 536 nonis
367 488 525 534 nonnisi
552 487 613 528 ius
636 484 940 528 cumulativum
965 484 1135 539 obtinet,
1158 485 1280 528 salvo
1304 489 1558 543 praescripto
1581 499 1672 530 ean.
1696 487 1794 530 778.

318 559 339 611 ξ
374 557 410 600 6).
435 555 535 599 Loci
562 555 620 598 07
623 555 820 598 (linarias
850 560 987 612 potest
1009 554 1050 611 a)
1071 568 1149 612 pro
1173 554 1359 611 fideliam
1383 556 1676 600 commoditate
1702 571 1737 598 v.
1763 571 1824 613 gr

200 628 250 671 ob
284 628 520 670 distantiam
553 626 754 669 eeclesiae
788 625 1033 682 paroecialis
1067 626 1109 682 b)
1140 626 1387 684 permi‘tteie
1419 627 1469 670 ad
1505 629 1739 671 instantiam
1764 627 1826 670 vel

202 697 340 740 effabere
373 710 421 739 ex
458 699 624 752 proprio
650 701 762 739 motu
786 697 909 739 etiam
935 701 1079 740 eontra
1112 696 1281 753 parochi
1316 697 1570 741 voluntatem
1599 698 1640 754 e)
1664 703 1708 740 at
1731 698 1826 755 soris

198 766 463 825 baptismalis
493 772 681 824 ponatur
713 766 855 821 etiam,
887 767 1067 810 scilieet:
1102 780 1196 810 cum
1228 769 1316 810 inre
1354 767 1612 811 cumulativo
1647 773 1690 811 ut
1722 770 1761 810 in
1780 767 1826 826 §⁰

202 838 414 895 praee.,d)
438 838 479 880 in
514 837 603 879 alia
637 836 813 880 ecclesia
847 851 925 881 non
962 838 1183 895 paroeciali
1217 838 1280 881 vel
1308 837 1474 896 publico
1508 838 1698 882 oratorio
1731 852 1825 882 cum

198 909 433 953 conditione
467 908 566 951 hac:
600 907 640 964 e)
666 907 783 950 intra
805 908 1030 965 paroeciae
1057 909 1252 953 definitae
1284 911 1323 952 in
1358 923 1448 954 can.
1474 909 1571 965 216,
1596 912 1621 963 ἓ
1653 909 1677 952 3
1710 909 1825 966 fines.

318 980 384 1021 65.
420 980 492 1025 De
524 981 775 1036 baptismo
809 981 1034 1025 sollemni
1068 982 1198 1026 licite
1231 981 1531 1026 conferendo
1559 982 1658 1026 alia
1681 982 1727 1025 in
1752 995 1825 1027 ec—

198 1052 359 1096 clesia.
399 1073 417 1080 -
456 1048 495 1091 ln
531 1050 654 1092 citata
688 1047 945 1093 Clementina
989 1050 1096 1093 duae
1138 1052 1405 1106 exceptiones
1437 1055 1531 1093 sunt
1564 1052 1825 1105 constitutae,

197 1119 346 1175 quibus
380 1124 492 1163 certe
525 1119 829 1173 evenientibus,
855 1119 1065 1176 baptizans
1097 1133 1120 1163 3
1153 1120 1243 1177 lege
1278 1121 1354 1164 loci
1388 1121 1598 1164 antedicta
1631 1123 1828 1164 eximitur

197 1194 283 1234 sine
328 1190 409 1233 ullo
454 1193 690 1233 interventu
740 1187 952 1235 Ordinarii
1002 1193 1249 1235 necessario.
1289 1191 1480 1235 Secunda
1519 1193 1709 1247 exceptio
1743 1196 1824 1234 est:

203 1278 222 1302 ((
240 1266 308 1304 aut
343 1260 435 1304 talis
469 1263 692 1304 necessitas
715 1263 943 1317 emerserit,
969 1266 1283 1319 propterquam
1318 1267 1494 1319 nequeat
1522 1262 1571 1305 ad
1597 1261 1824 1306 Ecclesiam

196 1331 353 1389 absque
398 1331 581 1388 periculo
627 1336 794 1388 propter
836 1331 913 1375 hoc
953 1332 1099 1388 (idest:
1139 1332 1190 1376 ob
1224 1332 1497 1389 Baptismum)
1530 1345 1722 1376 accessus
1755 1331 1825 1375 ha-

198 1401 345 1445 beri».
382 1401 423 1444 ld
460 1403 660 1445 retinetur
693 1414 741 1445 ae
775 1402 1078 1446 determinatur
1112 1405 1149 1445 in
1184 1416 1274 1447 can.
1301 1404 1408 1446 775.
1443 1402 1488 1446 Si
1521 1402 1577 1445 ad
1609 1402 1826 1445 ecelesiam

190 1471 491 1530 paroenjalem,
524 1478 599 1515 aut
632 1472 688 1516 ad
721 1472 853 1516 aliam
886 1487 993 1530 qaae
1024 1474 1117 1516 iure
1148 1473 1282 1532 fontis
1312 1473 1514 1531 qaadeat,
1547 1476 1620 1517 etsi
1646 1486 1725 1516 non
1753 1487 1825 1530 pro

198 1543 439 1600 baptizanda
474 1543 541 1586 illa
576 1556 763 1600 persona,
788 1548 908 1600 (quae
943 1549 1078 1588 tamen
1113 1545 1294 1588 secunda
1329 1544 1502 1588 ecelesia
1539 1547 1576 1587 in
1611 1556 1707 1588 casu
1734 1557 1823 1600 pos-

195 1613 401 1658 sibilitatis
445 1615 718 1670 praeferenda
762 1616 900 1671 esset),
935 1614 1230 1673 baptizandas,
1265 1615 1305 1671 a)
1334 1621 1511 1673 propter
1543 1614 1726 1658 locorum
1762 1613 1824 1657 di-

195 1685 399 1727 stantiam
433 1683 572 1727 aliaee
604 1684 824 1739 adiuncta,
859 1699 1008 1742 nempe
1041 1688 1115 1729 etsi
1149 1685 1360 1730 Ecclesiae
1379 1686 1622 1742 praedictae
1654 1698 1734 1729 non
1770 1685 1827 1729 di-

195 1760 314 1807 stent,
351 1755 394 1808 b)
428 1755 518 1798 sine
557 1755 683 1812 yravi
724 1755 983 1800 incommodo
1031 1762 1106 1799 aut
1146 1756 1354 1814 periculo,
1388 1756 1456 1800 ubi
1500 1757 1725 1800 notandum
1765 1760 1826 1799 est

196 1827 501 1870 distinctionem
528 1826 683 1870 nullam
708 1827 844 1870 afferri
869 1827 1005 1885 quoad
1031 1827 1278 1884 perieulum,
1297 1840 1345 1871 ac
1365 1828 1459 1870 inde
1485 1832 1677 1883 putamus
1695 1839 1825 1883 grave

195 1897 385 1940 sufficere
416 1899 522 1940 sicut
557 1898 867 1941 incommodum
903 1900 956 1941 ita
990 1903 1030 1941 et
1064 1897 1310 1954 periculum,
1334 1897 1519 1955 nihilque
1550 1898 1702 1941 reterre
1727 1910 1822 1940 num

196 1981 238 2010 se
271 1967 421 2011 habeat
454 1981 501 2011 ex
540 1973 654 2024 parte
690 1971 818 2025 ipsius
849 1968 1099 2024 baptizandi,
1125 1970 1291 2012 int'antis
1317 1968 1379 2012 vel
1413 1968 1558 2021 adulti,
1584 1973 1654 2011 aut
1679 1980 1823 2025 paren-

197 2044 297 2093 tum,
331 2052 380 2082 an
419 2052 468 2082 ex
509 2039 683 2083 aliorum
727 2040 881 2083 malitia
928 2041 1157 2096 proveniat,
1189 2039 1416 2083 dummodo
1458 2052 1551 2096 spes
1596 2052 1673 2082 non
1718 2039 1826 2082 adsit

196 2112 328 2165 ipsum
364 2115 568 2153 cessatum
595 2112 643 2153 iri
667 2124 760 2154 cum
793 2110 990 2154 dilatione
1023 2110 1217 2167 baptismi
1251 2123 1329 2153 non
1364 2110 1574 2164 diuturna,
1594 2112 1647 2153 ita
1672 2114 1712 2152 ut
1737 2111 1824 2152 sine

197 2180 263 2222 illo
296 2178 336 2236 c)
370 2179 566 2222 accedere
597 2181 732 2238 quoad
760 2180 1048 2237 baptizandum
1076 2182 1259 2224 fortassis
1282 2180 1469 2223 adultum
1494 2185 1568 2222 aut
1593 2178 1825 2236 transferri

198 2250 416 2305 pari-ulum
454 2256 644 2308 nequeat.
672 2277 724 2282 —
760 2251 833 2294 His
865 2251 1210 2295 concurrentibus
1233 2252 1556 2295 circumstantiis
1583 2250 1700 2293 adest
1725 2252 1825 2293 iuris

195 2323 427 2364 concessio:
463 2320 695 2379 baptismus
728 2323 768 2378 a)
803 2321 1019 2365 sollemnis
1054 2321 1090 2372 b)
1127 2336 1152 2364 a
1179 2320 1368 2380 paroclto
1402 2320 1589 2379 conferri
1621 2320 1661 2377 c)
1687 2325 1825 2378 potest

195 2391 331 2448 quoad
377 2392 595 2435 lieeitatem
639 2406 689 2436 ex
737 2398 853 2450 parte
898 2393 974 2437 loci
1009 2393 1053 2450 d)
1089 2407 1138 2435 ac
1169 2392 1285 2436 a'ebet
1318 2406 1368 2436 ex
1408 2392 1542 2435 officio
1587 2405 1659 2447 per
1696 2390 1823 2434 alium

194 2475 361 2519 quoque
395 2463 629 2506 exercendo
662 2466 699 2517 e>
734 2464 775 2506 iit
809 2463 1008 2521 prooeima
1031 2463 1206 2506 ecclesia
1229 2468 1303 2506 aut
1328 2462 1518 2506 oratorio
1539 2460 1717 2519 publico,
1743 2474 1822 2504 non

194 2533 466 2589 semipublico
500 2539 570 2577 aut
605 2537 770 2590 privato
804 2537 878 2578 etsi
915 2534 1148 2589 benedicto,
1181 2534 1278 2577 dum
1315 2533 1381 2577 illa
1418 2533 1480 2575 vel
1518 2532 1617 2575 illud
1643 2534 1826 2575 invenia-

197 2608 260 2645 tur
295 2603 326 2659 s)
362 2604 478 2646 intra
508 2604 734 2661 paroeciae
767 2606 883 2661 fines,
908 2618 987 2647 non
1012 2603 1198 2648 obstante
1221 2604 1330 2662 quod
1360 2605 1568 2660 sequitur:
1603 2602 1700 2645 licet
1724 2600 1825 2644 ltaec

195 2672 439 2731 tmptismali
470 2674 587 2732 sonte
620 2681 806 2718 careant.
831 2675 1015 2719 adhibita
1041 2680 1175 2718 tamen
1206 2690 1226 2715 <s
1249 2687 1353 2732 aqua
1379 2673 1532 2717 adlice
1558 2673 1772 2716 benedicta
1798 2688 1818 2712 »

194 2747 298 2795 (ean.
333 2745 431 2798 757,
464 2748 489 2798 ἓ
526 2744 581 2802 1),
615 2758 722 2803 quae
771 2751 831 2789 est
881 2759 959 2789 una
1008 2759 1059 2788 ex
1107 2744 1414 2789 conditionibus
1453 2756 1558 2801 quae
1591 2743 1823 2787 servandae

195 2819 308 2856 erant
344 2827 393 2857 ex
430 2817 518 2858 iure
554 2817 818 2871 praecedenti
854 2819 892 2859 in
928 2816 1093 2860 casibus
1134 2828 1155 2858 3
1198 2814 1452 2859 Clementina
1492 2815 1676 2870 exeeptis
1711 2815 1822 2856 iuxta

197 2884 272 2926 llil.
311 2884 424 2928 Rom.
459 2885 664 2929 dicentem
702 2887 743 2937 (Ἰ.
779 2890 846 2930 cit.
880 2900 917 2929 n.
955 2886 1048 2942 29>1
1088 2901 1107 2926 «
1133 2885 1357 2929 dummodo
1409 2885 1445 2928 id
1493 2886 1561 2928 liat
1606 2886 1643 2926 in
1678 2896 1820 2926 eorum
