1971 3261
188 164 233 197 60
594 161 676 195 [ΑΒ.
706 160 777 193 ΙΙΙ.
807 179 819 184 -
849 160 956 193 PARS
982 158 1008 191 Ι,
1045 178 1054 183 ·
1083 159 1137 192 De
1163 158 1426 192 ,Sum-amentis
1535 156 1628 192 Gan.
1659 156 1813 191 765-766

190 281 263 324 bus
289 297 325 323 )).
359 280 572 323 Retinetur
606 278 695 326 boc,
730 277 895 334 quando
929 276 1104 319 dicitur:
1140 275 1183 318 4⁰
1218 274 1274 318 Ab
1308 275 1398 332 ipso
1422 274 1672 332 baptizando
1695 276 1726 317 si
1752 278 1812 317 est

187 351 366 405 adultus,
400 350 538 392 eiasve
567 346 814 406 parentibus
857 346 920 389 vel
965 345 1184 401 tutoribus,
1219 347 1287 402 qui
1322 346 1373 388 de
1408 347 1536 401 ipsius
1580 344 1810 401 baptizandi

187 420 346 464 actibus
369 420 590 476 disponunt
614 421 702 461 iure
731 420 886 473 patriae
913 418 1135 472 potestatis,
1156 421 1242 465 (iul,
1268 414 1333 458 lais
1365 415 1651 472 deficientibus
1674 414 1809 472 quoad

188 493 334 547 patrini
368 491 693 545 designationem
731 487 1010 544 peragendam
1038 487 1205 530 forsitan
1231 500 1280 529 ex
1308 486 1557 542 negligentia
1585 486 1646 530 vel
1673 487 1811 529 renisu
1868 517 1874 521 -

186 574 344 613 eorum,
378 575 401 602 α
437 559 629 601 niim'slro
665 558 856 614 baptismi
890 556 945 599 sit
978 556 1240 613 desiqnalus,
1264 559 1359 614 quia
1387 559 1459 612 ipsi
1484 570 1586 600 onus
1610 555 1811 600 incumbit

186 636 227 673 ut
249 644 392 673 omnes
417 631 762 686 praescriptiones
784 627 996 671 sollemnis
1018 627 1209 683 baptismi
1232 631 1467 670 serventur.
1482 652 1538 658 —
1553 627 1667 670 luxta
1695 638 1810 682 prae-

183 703 380 757 scriptum
418 700 474 757 (in
510 713 626 756 capp.
663 699 691 741 ll
727 703 766 741 et
802 697 869 754 lV)
894 697 957 742 Rit
980 704 991 719 ³
1016 698 1147 741 Romi
1170 699 1303 755 quoad
1340 698 1526 741 ordinem
1564 697 1810 754 baptizandi,

182 772 347 815 additur
382 771 446 813 bic
481 770 524 812 50
561 769 871 827 Baptizandam
907 768 933 813 l.
969 769 1011 811 in
1047 774 1143 811 actu
1166 768 1380 825 baptismi,
1414 768 1459 811 ll¹
1486 782 1563 826 per
1585 782 1628 811 se
1653 767 1714 810 rel
1732 781 1809 825 per

180 847 511 898 procuratorem,
545 842 614 898 qui
649 840 882 883 admittitur
915 842 987 883 etsi
1013 853 1138 883 sexus
1161 839 1315 882 diversi
1341 852 1360 883 a
1389 842 1705 896 pati·ino‚‘atque
1730 851 1807 881 non

183 912 247 955 liic
280 913 350 955 sed
387 911 454 955 ille
487 913 605 954 cuius
638 913 804 953 nomine
837 912 922 966 agit
955 915 1015 953 est
1040 912 1239 966 patrinus,
1265 909 1326 952 lll.
1349 908 1523 968 physice
1546 923 1624 952 non
1650 914 1808 952 tantum

184 983 392 1026 moraliter
415 982 466 1025 ob
494 981 750 1024 voluntatem
785 985 822 1034 a)
858 986 995 1023 teneat
1031 980 1266 1037 parvulum,
1293 979 1334 1037 b)
1365 986 1427 1023 re!
1463 986 1610 1037 tanyat
1643 982 1808 1038 quando

183 1053 452 1112 baptizandus
481 1050 545 1095 ‘est
578 1051 744 1095 adultus
791 1051 852 1094 vel
891 1051 1057 1108 quando
1083 1051 1293 1107 pai-vuius
1345 1044 1612 1107 baptizandus
1644 1049 1696 1094 ab
1728 1050 1808 1093 alio

179 1123 437 1167 commodius
469 1124 736 1177 sustentatur,
772 1121 811 1179 c)
846 1121 909 1165 vel
942 1121 1085 1164 statim
1123 1126 1211 1178 post
1246 1121 1436 1178 baptismi
1471 1126 1608 1165 actum
1639 1121 1678 1178 a)
1704 1121 1807 1164 levet

181 1195 426 1250 baptizatum
474 1207 544 1249 per
589 1195 915 1247 immersionem,
949 1206 1020 1235 seu
1065 1192 1108 1249 b)
1142 1192 1350 1250 suscipiat
1384 1192 1423 1249 a)
1458 1192 1509 1235 de
1540 1206 1660 1235 sacro
1693 1191 1809 1250 fonte

180 1270 267 1322 post
303 1265 455 1324 lavacri
490 1261 682 1307 salutaris
716 1264 977 1316 infusionem,
1003 1262 1044 1320 b)
1070 1269 1144 1306 aa!
1167 1262 1217 1306 de
1240 1262 1430 1306 virtuibus
1453 1262 1708 1321 baptizantis
1733 1265 1806 1306 im-

180 1337 418 1391 mergentis.
453 1334 501 1378 Hi
526 1339 619 1378 sunt
642 1335 798 1377 diversi
836 1334 944 1377 modi
980 1333 1131 1392 quibus
1166 1336 1312 1391 patrini
1339 1336 1525 1379 exterius
1551 1333 1804 1378 voluntatem

180 1408 430 1462 patefaciunt
463 1405 714 1469 suscipiendi
751 1398 1002 1462 neophytum
1039 1404 1116 1448 sub
1152 1407 1315 1461 propria
1349 1418 1462 1448 cura.

297 1476 346 1519 34
401 1477 474 1523 De
508 1478 833 1533 qualitatibus
857 1476 1037 1533 patrini
1062 1478 1228 1533 quoad
1267 1480 1428 1522 actum
1463 1478 1656 1522 licitum.
1677 1500 1703 1508 -
1727 1475 1804 1519 Rit.

181 1547 328 1590 Rom.1
365 1549 442 1590 ait:
484 1551 504 1588 (i
530 1546 612 1590 Hos
645 1551 782 1590 autem
821 1546 1006 1590 Patrinos
1038 1546 1182 1590 saltem
1226 1549 1262 1589 in
1308 1552 1444 1589 aetate
1485 1546 1724 1602 pube1·tatiS‚
1758 1559 1806 1590 ac

176 1618 442 1661 Sacrainento
491 1617 826 1661 (Iontirmationis
869 1619 1132 1673 consignatos
1175 1631 1278 1668 esse,
1324 1619 1511 1660 maxime
1548 1618 1787 1660 convenit»

176 1687 283 1744 Ergo
321 1688 485 1731 videtur
519 1688 830 1745 adimplendum
868 1689 1004 1731 fuisse.
1045 1691 1076 1730 si
1123 1688 1341 1731 commode
1384 1689 1473 1731 lieri
1521 1692 1691 1744 poterat.
1725 1688 1803 1731 Sed

176 1772 285 1802 nunc
318 1772 513 1815 expresse
546 1761 739 1816 quamvis
773 1758 971 1815 implicite
1005 1758 1230 1814 abrogatur
1262 1759 1396 1816 quoad
1432 1763 1666 1815 susceptam
1700 1757 1804 1803 Con-

176 1831 449 1873 firmationem
476 1843 525 1873 ex
551 1832 773 1873 omissione
799 1831 835 1872 in
856 1829 1100 1887 qualitatum
1129 1832 1382 1883 recensione,
1402 1834 1441 1873 et
1466 1833 1647 1872 mutatur
1672 1831 1803 1886 prima

178 1912 269 1956 pars
302 1901 436 1957 quoad
474 1905 649 1944 aetatem
686 1902 724 1943 in
759 1914 849 1945 eam
875 1895 980 1943 766.
1024 1898 1074 1944 Ut
1097 1906 1236 1942 uectem
1260 1900 1353 1958 quis
1376 1900 1492 1943 licite
1511 1890 1711 1958 patrinus
1734 1899 1804 1943 ad-

177 1970 386 2023 mittatur,
421 1984 541 2015 secus
576 1975 792 2028 peccatum
825 1975 1019 2026 gravaret
1056 1973 1287 2013 ministrum
1322 1971 1607 2014 admittentem
1647 1971 1708 2014 vel
1736 1984 1801 2027 pa-

176 2040 361 2089 rochum,
396 2043 469 2084 etsi
509 2055 631 2085 verus
665 2040 731 2084 ille
764 2041 882 2084 fleret
917 2043 1114 2097 patrinus,
1134 2046 1296 2098 oportet
1322 2044 1411 2086 iure
1435 2046 1572 2084 autem
1607 2041 1801 2085 ecclesia-

173 2114 296 2154 stico:
338 2113 376 2154 1⁰
415 2111 623 2155 Decimum
658 2117 856 2169 quartum
896 2126 998 2154 suae
1040 2112 1195 2154 aetatis
1238 2125 1393 2154 animm
1437 2112 1642 2169 attiyerz't,
1679 2112 1801 2156 idest:

174 2182 241 2225 illo
277 2185 452 2239 incepto,
486 2175 689 2236 quamvis
723 2182 857 2239 puella
905 2184 956 2226 sit
1006 2185 1203 2239 patrinus,
1238 2185 1360 2226 etiam
1396 2183 1644 2226 decurrente
1666 2182 1802 2226 adhuc

173 2253 238 2295 die
272 2256 557 2296 anniversario
592 2256 842 2308 nativitatis3
878 2267 952 2297 nec
988 2259 1067 2296 tam
1103 2267 1250 2296 severe
1287 2255 1511 2311 requiritur
1542 2258 1668 2307 aetas,
1701 2253 1798 2297 dum

172 2323 433 2379 adiungitur:
469 2324 553 2366 nisi
586 2323 707 2366 aliud
740 2324 853 2366 iusta
886 2322 936 2366 de
968 2337 1097 2366 eausa
1130 2323 1326 2367 ministro
1362 2323 1552 2379 baptismi
1597 2324 1800 2376 videatur}

171 2395 296 2436 etiam
328 2396 396 2451 qui
433 2395 568 2437 forsan
605 2394 809 2450 parochus
834 2408 911 2437 non
936 2396 999 2438 sit.
1020 2394 1077 2424 —‘
1102 2394 1144 2437 ⁶2⁰
1173 2393 1260 2439 Non
1294 2394 1348 2437 sit
1380 2400 1555 2452 propter
1587 2395 1799 2437 notorium

171 2462 381 2519 delictum,
416 2465 523 2521 quod
559 2464 791 2521 explicatur
825 2467 863 2507 in
898 2478 987 2508 can.
1024 2464 1149 2519 2197,
1190 2480 1208 2504 «
1237 2464 1280 2507 ⁶2⁰
1315 2467 1518 2508 notorium
1556 2467 1799 2508 notorietate

172 2536 285 2588 iuris,
319 2534 362 2576 30
396 2537 604 2578 notorium
642 2537 884 2578 notorietate
920 2536 1014 2578 facti
1040 2551 1078 2590 ›),
1128 2539 1167 2578 et
1216 2537 1439 2578 notorietas
1472 2537 1666 2591 exigitur,
1702 2537 1796 2593 quia

171 2604 221 2647 de
255 2617 333 2648 non
367 2605 623 2649 admittendo
656 2606 706 2649 ad
744 2608 891 2662 patrini
928 2606 1108 2649 officium
1144 2608 1293 2662 agitur,
1330 2606 1638 2664 prudenterque
1661 2606 1701 2650 id
1727 2619 1796 2649 cu·

173 2675 345 2718 randum
381 2689 429 2719 ex
467 2676 542 2720 bac
575 2689 697 2720 causa
732 2681 771 2720 et
803 2676 908 2720 aliis.
943 2676 1026 2720 Nec
1059 2677 1209 2720 sufficit
1242 2676 1438 2720 alterutra
1475 2680 1698 2720 notorietas
1730 2677 1796 2720 de-

172 2745 267 2799 neti,
301 2747 370 2789 sed
407 2747 514 2804 quod
553 2752 719 2804 propter
753 2747 851 2790 illud
886 2749 938 2790 sit
972 2747 1011 2804 a)
1043 2747 1424 2790 eoeeonmmnieatus
1450 2748 1492 2805 b)
1519 2748 1580 2791 vel
1602 2747 1796 2790 emelvesus

288 2900 298 2919 1
327 2898 401 2932 Tit.
431 2898 482 2942 11,
511 2910 542 2933 ο.
574 2899 603 2939 1,
633 2911 669 2933 n.
689 2900 748 2934 24.
