1971 3261
168 145 237 177 456
569 143 654 177 Lm.
680 142 750 176 III.
778 162 790 166 -
819 142 928 176 PARS
953 141 982 175 ῐ.
1011 161 1022 166 -
1050 141 1106 176 De
1132 141 1397 176 Sacramentis
1517 141 1610 177 Can.
1637 140 1797 176 992-993

169 267 211 305 ut
240 263 487 318 supponitur
520 260 668 304 idoneo
700 259 846 304 saltem
870 259 922 303 ob
957 259 1276 315 irregularitatis
1308 272 1356 304 30
1391 260 1689 317 impedimenti,
1713 274 1795 318 quo

168 334 303 375 forsan
349 331 620 385 detineretur,
654 330 1020 387 dispensationem,
1055 335 1140 373 tum
1185 329 1238 374 ab
1279 329 1384 386 aliis,
1417 335 1457 374 et
1498 343 1605 388 quae
1645 344 1796 374 sacrae

165 401 429 446 ordinationi
461 400 631 444 cuilibet
667 401 729 444 vel
780 402 818 443 in
863 403 992 444 sacris
1038 400 1211 458 praeire
1256 401 1436 445 scilicet:
1472 402 1510 443 in
1554 401 1700 445 ordine
1744 402 1792 444 ad

167 477 297 529 ipsam
333 474 500 528 praevie
535 472 622 515 lieri
656 470 804 514 debent
836 471 1067 514 secundum
1099 485 1149 517 ss.
1186 484 1378 516 canones.
1413 471 1482 515 llla
1520 476 1614 515 sunt
1648 485 1793 528 propo-

167 546 232 587 siti
263 543 314 586 de
349 542 585 598 recipienda
620 542 881 585 ordinatione
915 543 1190 586 manifestatio
1225 545 1377 587 13033.
1408 543 1491 586 99⁶3
1528 545 1796 598 praescripta,

168 613 327 656 litterae
375 612 671 656 testimoniales
717 624 820 670 quas
868 611 1137 655 moderantur
1169 626 1258 656 can.
1293 613 1499 667 993-995,
1532 613 1794 657 subeundum

168 696 342 728 examen
377 684 428 726 de
461 696 543 741 quo
575 688 671 726 sunt
703 695 793 726 cau.
828 683 927 736 996,
961 683 1057 737 997,
1093 683 1417 727 ordinandorum
1457 683 1798 727 deminciationes

167 768 214 798 ac
262 756 471 812 inquisitio
521 756 632 797 eirca
667 754 835 797 eosdem
885 756 998 797 iuxta
1041 766 1131 797 033.
1168 754 1390 797 998-1900
1440 754 1714 810 peragendae,
1749 767 1796 797 ac

168 826 337 869 ultimus
369 837 458 869 can.
496 825 602 868 1001
641 824 871 880 spiritualia
907 823 1152 881 praescribit
1183 827 1396 868 exercitia.

287 896 383 940 370.
422 898 670 954 propositi
720 898 1081 943 ordinationem
1132 899 1399 954 recipiendi
1448 899 1797 944 manifestatio.

167 993 224 998 —
255 965 375 1020 Quod
408 966 531 1011 Cone.
566 966 677 1011 Trid.
713 967 943 1010 incidenter
975 967 1081 1010 dixit
1105 967 1142 1011 ¹:
1183 966 1276 1010 «Hi
1316 981 1412 1010 vero
1447 970 1516 1025 qui
1540 967 1590 1011 ad
1615 967 1799 1024 singulos

169 1040 345 1082 maiores
377 1036 580 1094 (ordines)
615 1042 735 1081 erunt
768 1037 1021 1091 assumendi,
1053 1051 1124 1094 per
1159 1050 1342 1081 mensem
1378 1043 1471 1081 ante
1495 1039 1797 1081 ordinationem

167 1108 416 1166 Episcopum
451 1108 664 1160 adeant»,
697 1108 884 1152 extendit
915 1121 963 1152 30
1011 1111 1203 1165 exposuit
1251 1111 1517 1166 praeceptive
1565 1123 1656 1154 can.
1689 1111 1795 1153 992.

172 1178 323 1223 Omnes
355 1179 511 1236 absque
554 1181 799 1235 exceptione
844 1183 930 1221 tum
971 1178 1228 1228 saeculares,
1263 1179 1356 1223 laici
1389 1192 1437 1223 30
1485 1179 1639 1233 clerici,
1674 1181 1796 1223 etiam

169 1253 207 1294 in
251 1252 461 1294 communi
498 1252 687 1293 viventes
729 1251 817 1292 sine
853 1251 972 1303 votis,
1007 1254 1091 1292 tum
1133 1249 1327 1307 reliyiosi
1364 1252 1477 1308 «qui
1516 1254 1607 1294 vota
1641 1263 1798 1294 nuncu-

170 1327 319 1378 parunt
363 1323 402 1364 in
446 1320 583 1378 aliqua
630 1320 874 1377 religione»
916 1320 1024 1377 (033.
1059 1320 1158 1375 488,
1192 1320 1256 1378 70)
1291 1320 1347 1363 od
1387 1320 1558 1364 ordines
1600 1333 1622 1364 a
1667 1323 1797 1378 prima

169 1397 335 1436 tonsura
359 1404 490 1450 usque
513 1392 563 1435 ad
590 1390 921 1448 presbyteratum
953 1406 974 1432 ((
992 1404 1042 1435 ex
1067 1396 1261 1435 contentu
1283 1391 1506 1435 verborum
1526 1407 1548 1432 »
1572 1391 1681 1449 (033.
1701 1392 1801 1447 950)

166 1461 439 1521 promovendi
478 1476 555 1520 per
587 1476 630 1505 se
671 1461 755 1520 ipsi
788 1461 851 1505 vel
895 1475 972 1519 per
1004 1461 1113 1505 alios
1150 1476 1185 1505 V.
1221 1476 1283 1519 gr.
1330 1476 1401 1519 per
1442 1463 1724 1519 Superiorem,
1767 1464 1798 1506 si

169 1533 364 1589 religiosi,
399 1546 471 1589 per
503 1535 699 1587 amicum,
736 1537 946 1589 parentem
972 1537 1051 1576 etc.
1074 1535 1105 1576 si
1140 1532 1375 1576 saeculares
1407 1533 1613 1588 absentes,
1636 1538 1706 1577 aut
1729 1547 1800 1590 per

168 1604 398 1661 epistolam,
423 1603 463 1661 a)
488 1603 696 1662 Episcopo
734 1604 977 1647 «dioecesis
1012 1606 1050 1646 13
1084 1616 1165 1661 qua
1198 1607 1273 1647 sita
1299 1609 1359 1648 est
1392 1604 1539 1648 domus
1565 1604 1795 1661 religiosa»

168 1676 219 1719 ad
254 1687 441 1718 normani
476 1688 566 1719 033.
603 1676 700 1731 965,
739 1675 800 1718 νο1
841 1677 1088 1732 «proprio»
1127 1688 1218 1718 033.
1252 1676 1351 1729 956,
1395 1678 1553 1719 «cuius
1591 1678 1794 1720 nomine»

174 1748 284 1790 venit
316 1759 480 1803 quoque
514 1751 599 1789 tum
640 1745 819 1790 «Abbas
852 1746 916 1790 vel
953 1746 1163 1790 Praelatus
1197 1746 1388 1790 nullius»
1427 1746 1536 1804 (can.
1572 1747 1669 1795 215,
1702 1746 1798 1805 ἓὲ)

168 1817 239 1861 sed
274 1817 324 1860 ad
360 1829 548 1859 normam
582 1829 672 1861 can.
708 1817 807 1869 957,
842 1822 928 1860 tum
962 1817 1011 1859 ad
1047 1817 1238 1860 eamdem
1273 1830 1460 1860 normam
1500 1832 1520 1858 «
1545 1818 1730 1861 vicarius
1751 1829 1800 1861 30

172 1888 407 1932 Praefectus
439 1887 741 1944 Apostolicus»
797 1887 904 1944 (can.
941 1887 1038 1940 294,
1082 1889 1106 1941 ἓ
1141 1887 1198 1944 1),
1244 1887 1286 1943 1))
1321 1887 1449 1931 aliive
1496 1887 1568 1945 qni
1599 1886 1799 1946 Episcopi

171 1959 249 2002 hac
288 1959 331 2002 in
365 1972 411 2001 re
442 1972 512 2002 seu
548 1961 659 2002 circa
700 1971 840 2002 sacras
873 1958 1155 2002 ordinationes
1200 1958 1308 2002 vices
1337 1964 1472 2016 qerat,
1509 1961 1564 2002 uti
1607 1959 1803 2003 sacerdos

171 2029 220 2073 ad
265 2028 343 2072 hoc
385 2028 620 2085 deputatus,
655 2028 719 2072 vel
765 2030 1020 2086 quicumque
1052 2028 1102 2071 ad
1148 2041 1315 2072 normas
1357 2041 1447 2072 can.
1482 2029 1566 2072 958
1604 2028 1801 2073 «litteras

171 2100 464 2143 dimissorias»
503 2099 661 2143 eisdem
701 2099 839 2142 «dare
883 2103 1073 2155 potest»,
1106 2098 1147 2156 a)
1181 2113 1302 2142 snum
1346 2100 1611 2157 propositum
1653 2112 1794 2157 quem-

171 2171 266 2215 dam
314 2170 565 2226 suscipiendi
610 2169 797 2213 ordinem
850 2169 891 2226 b)
927 2175 1025 2212 ante
1057 2168 1369 2213 ordinationem
1418 2183 1497 2214 non
1548 2172 1625 2214 iam
1681 2184 1799 2227 «per

171 2254 418 2296 mensem»,
462 2245 505 2284 ut
549 2243 586 2283 13
620 2239 744 2284 Cone.
778 2239 888 2283 Trid.
933 2239 1066 2296 Dec⁰.,
1101 2241 1172 2283 sed
1217 2246 1450 2298 opportuno
1483 2241 1534 2284 ad
1573 2241 1801 2297 explendas

167 2311 402 2368 diligentias
435 2311 563 2354 relate
586 2311 635 2353 ad
670 2311 781 2354 diem
806 2311 1077 2354 ordinationis
1112 2315 1295 2368 tempore
1326 2311 1525 2369 aperiant
1550 2311 1798 2356 verbotenus

172 2382 237 2426 vel
270 2384 437 2436 scripto.

288 2454 384 2497 371.
418 2455 799 2499 Testimoniales
822 2455 1016 2499 litterae
1039 2455 1334 2500 afferendae
1356 2454 1408 2497 ab
1441 2453 1683 2509 ordinandis
1705 2459 1799 2497 sunt

177 2527 363 2580 «scripta
398 2523 635 2567 authentica
678 2537 729 2567 ex
779 2524 929 2582 quibus
976 2527 1135 2567 constet
1167 2524 1218 2567 de
1266 2523 1329 2567 his
1376 2536 1482 2581 quae
1529 2523 1579 2567 ad
1619 2523 1797 2567 validam

170 2595 409 2651 licitamque
452 2595 755 2638 ordinationem
789 2608 838 2638 ex
889 2601 1005 2651 parte
1053 2594 1227 2638 subiecti
1272 2597 1603 2653 requiruntur».
1637 2592 1797 2638 Coadu—

170 2669 320 2708 nantur
353 2666 391 2707 in
425 2678 514 2707 con.
549 2666 654 2708 903.
694 2663 980 2718 Promocendi,
1014 2678 1093 2708 non
1128 2678 1272 2711 omnes
1318 2667 1370 2709 de
1403 2664 1556 2723 quibus
1587 2677 1713 2721 supra
1759 2666 1797 2706 in

171 2747 260 2778 033.
312 2747 462 2791 praec,
495 2735 565 2778 sed
601 2735 650 2778 ad
686 2736 852 2778 ordines
899 2735 1067 2792 quidem
1116 2735 1353 2792 designatos
1401 2738 1439 2778 in
1473 2735 1659 2779 eiusdem
1694 2740 1801 2778 can¹³.

290 2887 300 2908 1
329 2886 418 2931 Cap.
448 2887 481 2931 5,
511 2897 605 2920 sess.
632 2885 771 2920 XXIII
798 2886 844 2921 de
871 2887 956 2921 Rei.
