1971 3261
121 163 214 199 Can.
239 163 311 198 913
641 163 725 196 Tm
755 163 821 196 IV.
852 184 862 188 -
893 164 946 197 Do
975 166 1218 199 Paenitentia

1679 169 1749 204 ⁶297

124 296 253 326 novae
283 280 555 327 conditiones„
576 280 756 324 scilicet:
781 281 972 324 diversae
996 283 1047 325 ab
1071 283 1161 326 aliis
1186 288 1428 328 necessariis
1451 287 1500 329 ad
1529 287 1750 332 lucrandas

126 353 402 410 indulgentias
437 355 548 408 prius
581 364 810 395 concessas.
846 351 1141 409 mlimplemlrw
1169 356 1527 411 praesen-iln1ulier.

244 462 258 479 «
281 448 329 482 Ad
360 447 421 482 lioc
447 446 542 481 enim
569 445 616 480 ait
646 444 682 479 Ι).
710 444 772 480 Th.
798 456 837 480 ac
867 446 1011 490 probatl
1041 448 1128 492 quod
1157 449 1377 493 applicentur
1405 451 1457 485 isti
1487 463 1668 497 «personae
1697 454 1748 488 in—

121 507 330 552 dulgentiae.
358 516 416 540 seu
445 505 506 540 lias
534 504 592 538 itta
627 504 806 541 lucreturi.
833 505 1021 549 requiritur
1059 507 1246 541 auctoritas
1280 508 1506 553 dispensandi
1549 512 1746 547 huiusmodi

122 566 335 606 thesaurum.
365 570 396 600 et
424 564 507 599 unio
544 564 618 598 eius
657 563 710 597 rui
742 562 977 607 dispensatur,
1003 564 1044 597 ad
1073 576 1151 598 eum
1180 567 1237 610 qui
1268 568 1463 602 inurebatur
1488 571 1594 614 (quod
1626 571 1659 605 su
1690 583 1749 617 per

119 625 329 665 caritatem),
357 628 389 659 ct
427 623 514 658 ratio
552 622 839 668 dispensationis.
869 622 1059 656 secundum
1089 635 1192 668 quam
1235 626 1386 660 salietur
1426 627 1572 664 intentio
1609 629 1744 665 illorum

120 684 177 730 qui
205 694 309 728 opera
335 682 511 717 meritoria
540 682 714 716 fecerunt:
746 681 898 715 fecerunt
926 681 1019 715 enim
1048 682 1088 715 ad
1120 682 1282 717 honorem
1315 683 1383 727 lici,
1413 690 1445 719 et
1473 687 1657 723 utilitatem
1688 689 1746 723 Ec-

119 743 243 778 clesiae
270 743 304 776 in
332 741 497 786 generali.
528 740 624 776 Unde
650 750 891 785 quaecumque
929 751 1031 774 causa
1071 741 1156 775 adsit
1186 753 1274 785 quae
1303 743 1334 776 iu
1366 745 1548 780 utilitatem
1579 746 1748 783 Ecclesiae

119 807 152 838 et
178 805 342 837 honorem
373 800 429 836 nei
460 805 586 844 vergat,
615 799 792 834 sufficiens
817 803 867 833 est
894 799 980 833 ratio
1009 799 1244 841 indulgentias
1283 802 1442 838 faciendi.
1470 826 1508 829 --
1539 805 1573 839 Et
1598 807 1669 841 idco
1697 819 1746 841 se-

119 861 272 897 cundum
301 860 386 895 alios
412 865 463 894 est
488 859 676 894 dicendum
704 858 794 903 quod
825 857 1065 901 indulgentiae
1091 859 1294 904 simpliciter
1321 867 1456 896 tanturn
1487 864 1614 902 xalcut.
1636 877 1746 910 quan-

119 926 191 955 tum
220 920 486 966 praedicantur:
515 918 706 952 dummodo
740 928 779 952 cx
817 921 910 962 parte
950 917 1068 951 dantis
1107 918 1147 951 sit
1188 921 1387 955 auctoritas.
1416 927 1444 953 ot
1473 934 1510 956 ex
1543 929 1636 968 parte
1664 925 1746 959 rcri-

121 980 247 1026 pientis
285 979 431 1014 caritas:
471 983 503 1013 et
530 988 567 1012 ex
599 982 694 1022 parte
719 987 844 1011 causae
873 976 991 1021 pietas.
1019 988 1107 1021 quae
1139 979 1401 1022 commotu-mlii
1437 981 1598 1016 honorem
1630 982 1685 1017 Dei
1715 989 1746 1018 ot

120 1039 265 1084 proximi
294 1038 491 1073 utilitatem.
513 1036 578 1072 Nec
606 1037 640 1070 in
671 1036 731 1071 lioc
761 1035 794 1070 su
825 1036 932 1069 nimis
961 1047 1126 1080 magnum
1158 1037 1267 1071 surum
1296 1041 1337 1073 ‹te
1367 1040 1600 1076 miseris-ordia
1623 1041 1693 1078 Dei.
1712 1048 1746 1077 ut

117 1097 259 1143 quidam
286 1097 420 1134 dicunt.
452 1108 512 1131 nec
540 1096 679 1130 divinae
707 1095 857 1130 iustitiae
891 1094 1097 1139 derogatur:
1124 1096 1203 1141 quia
1234 1097 1316 1131 nihil
1345 1099 1385 1131 dv
1415 1110 1523 1143 poena
1561 1100 1749 1135 dimittitur

118 1157 287 1199 (absolute
313 1156 521 1191 sustinenda
549 1160 687 1201 propter
712 1153 856 1189 Divinae
884 1153 1038 1194 lustitiae
1068 1154 1351 1202 vincit-tain2sed
1382 1158 1485 1192 nnius
1515 1170 1621 1204 poena
1648 1160 1744 1194 alteri

116 1221 337 1262 computatur
357 1230 387 1251 ».

236 1299 292 1343 Ex
330 1303 418 1342 iure
454 1312 587 1355 praec.
616 1299 694 1341 linc
730 1300 931 1353 pertinent
972 1302 1111 1354 utpote
1137 1298 1243 1341 liunc
1268 1312 1467 1342 canonem
1494 1310 1749 1358 exponentes

116 1383 222 1428 quae
255 1375 485 1427 sequuntur
522 1368 828 1412 Declarationes
863 1370 899 1410 iu
936 1367 1052 1411 Dec.⁰
1084 1367 1187 1411 SC.
1217 1368 1373 1426 lndulg.
1418 1372 1464 1413 12
1501 1371 1581 1417 lan.
1623 1373 1748 1418 1878.

116 1440 212 1485 Dec.
247 1440 358 1484 auth.
396 1455 432 1483 u.
469 1440 565 1484 433.
605 1439 826 1482 Videlicet:

239 1529 260 1553 «
290 1513 328 1555 1Ο
365 1512 552 1555 Potestne
587 1511 814 1567 Episcopus
851 1509 912 1552 vel
948 1509 1052 1553 alius
1085 1513 1338 1568 quicumque
1369 1512 1578 1556 Praelatus
1610 1515 1742 1558 eidem

114 1586 223 1627 actui
259 1585 420 1640 pietatis
452 1584 541 1625 sive
575 1582 709 1625 eidem
747 1584 811 1638 pio
845 1580 1057 1630 Sodalitio,
1091 1583 1155 1624 cui
1191 1594 1210 1624 a
1247 1582 1289 1625 n.
1330 1582 1367 1626 P.
1405 1586 1482 1626 iam
1529 1585 1747 1642 indulgen-

117 1657 195 1698 tiae
227 1656 317 1698 sive
352 1653 560 1710 plenariae
592 1655 681 1695 sive
716 1652 910 1709 partiales
942 1665 1164 1695 concessae
1198 1657 1307 1705 sunt,
1331 1654 1432 1696 alias
1467 1655 1746 1712 indulgentias

114 1725 379 1782 adiungere?
413 1725 601 1768 Potestne
635 1723 845 1775 crucibus,
870 1725 1195 1775 coronis,sacris
1229 1725 1479 1781 imaginibus
1502 1739 1522 1769 a
1548 1726 1652 1783 Papa
1682 1728 1744 1771 vel

113 1798 336 1841 Sacerdote
371 1797 553 1853 legitima
588 1795 780 1839 facultate
816 1796 973 1837 munito
1010 1794 1251 1849 benedictis,
1272 1810 1402 1839 novas
1436 1797 1656 1842 adnectere
1692 1802 1746 1841 iu—

114 1867 421 1924 (lulgentias‘?...
456 1867 517 1910 Ad
560 1868 609 1909 1¹²n
642 1866 858 1922 Negative.
884 1867 959 1908 nisi
996 1878 1128 1908 noxae
1162 1866 1420 1910 conditiones
1453 1868 1746 1924 adimplendae

113 1939 450 1993 praescribantur
472 1955 510 1981 ».

236 2009 325 2053 «30
361 2010 548 2053 Potestne
582 2008 810 2065 Episcopus
853 2008 987 2051 eidem
1032 2011 1085 2051 rei
1136 2008 1196 2051 vet
1242 2009 1377 2052 eidem
1422 2012 1531 2053 actui
1568 2014 1743 2067 pietatis,

111 2083 178 2125 cui
213 2084 292 2125 iam
327 2085 564 2124 antecessor
598 2079 876 2136 indulgentias
909 2080 1121 2133 adnexuit,
1142 2093 1212 2121 uox
1226 2092 1269 2122 as
1304 2079 1582 2136 indulgentias
1614 2084 1742 2139 appli-

111 2152 281 2196 cai·e·?...
316 2152 378 2196 Ad
415 2152 468 2193 3¹1¹
501 2151 704 2208 Negative
728 2167 767 2192 ».

233 2222 323 2266 «50
359 2223 546 2266 Potestne
588 2222 829 2279 Episcopus,
874 2225 971 2280 quin
1023 2222 1173 2265 limites
1216 2224 1277 2265 sni
1323 2224 1424 2265 iuris
1467 2224 1655 2269 excedat.
1691 2225 1740 2267 ad

110 2295 323 2350 augendas
356 2293 636 2350 indulgentias
684 2295 876 2337 eumdem
928 2299 1065 2337 actum
1112 2295 1274 2349 pietatis
1310 2295 1346 2336 in
1384 2298 1520 2350 partes
1553 2295 1745 2338 dividere

110 2370 150 2409 et
182 2379 247 2408 ex.
282 2378 343 2422 gr.
379 2378 451 2421 pro
485 2367 595 2407 omui
635 2364 761 2408 verbo
794 2364 1061 2408 Salutationis
1085 2363 1310 2420 Angelicae
1344 2365 1619 2421 quadraginta
1654 2365 1742 2408 (lies

110 2435 463 2493 indulgentiarum
497 2437 802 2479 concedet-eff...
838 2436 900 2479 Ad
939 2437 990 2478 5¹³⁰
1023 2434 1226 2491 Negative
1250 2451 1288 2477 ›>.

233 2506 322 2549 «6⁰
358 2507 546 2551 Potestne
596 2507 817 2561 Delegatus
865 2506 1034 2562 Aplcus.
1072 2508 1224 2549 virtute
1273 2506 1528 2560 facultatum,
1574 2519 1676 2564 (pias
1719 2520 1740 2549 a

108 2580 146 2621 S.
187 2577 300 2622 Pont.
339 2580 513 2634 accepit,
548 2580 585 2620 iu
621 2578 901 2621 concedendis
936 2576 1204 2633 indulgentiis
1243 2589 1495 2619 concurrere
1529 2590 1621 2620 cum
1660 2590 1739 2619 uno

111 2648 175 2692 vel
209 2648 338 2692 altero
371 2648 574 2706 Episcopo
609 2651 804 2692 territorii
839 2648 1113 2704 delegationis
1145 2660 1258 2695 suae.
1294 2652 1335 2690 ut
1375 2647 1482 2690 idem
1528 2647 1734 2691 obiectum

112 2720 174 2762 vel
206 2721 399 2763 eumdem
434 2726 571 2764 actum
608 2722 770 2777 pietatis
805 2719 1072 2775 indulgentiis
1105 2718 1204 2761 ditet
1221 2718 1276 2762 ?...
1304 2718 1364 2761 Ad
1401 2719 1455 2760 6¹¹¹
1487 2717 1738 2774 consultius,

110 2795 152 2833 ut
183 2804 226 2834 se
259 2790 524 2836 abstineat».

225 2922 236 2943 ¹
265 2920 400 2966 suppl.
430 2933 464 2966 q.
496 2920 623 2963 XXV,
652 2932 684 2957 a.
710 2922 732 2953 2
759 2931 790 2954 e.
