<?xml version="1.0" encoding="UTF-8"?>
<!DOCTYPE html PUBLIC "-//W3C//DTD XHTML 1.0 Transitional//EN"
    "http://www.w3.org/TR/xhtml1/DTD/xhtml1-transitional.dtd">
<html xmlns="http://www.w3.org/1999/xhtml" xml:lang="en" lang="en">
 <head>
  <title>
</title>
<meta http-equiv="Content-Type" content="text/html;charset=utf-8" />
  <meta name='ocr-system' content='tesseract 3.04.00' />
  <meta name='ocr-capabilities' content='ocr_page ocr_carea ocr_par ocr_line ocrx_word'/>
</head>
<body>
  <div class='ocr_page' id='page_1' title='image "./p1commentariumte03blatuoft_0206.png"; bbox 0 0 1971 3261; ppageno 0'>
   <div class='ocr_carea' id='block_1_1' title="bbox 179 124 1808 162">
    <p class='ocr_par' dir='ltr' id='par_1_1' title="bbox 179 124 1808 162">
     <span class='ocr_line' id='line_1_1' title="bbox 179 124 1808 162; baseline 0.002 -3"><span class='ocrx_word' id='word_1_1' title='bbox 179 126 245 159; x_wconf 74' lang='lat'>192</span> <span class='ocrx_word' id='word_1_2' title='bbox 585 124 669 158; x_wconf 72' lang='lat' dir='ltr'>Lm.</span> <span class='ocrx_word' id='word_1_3' title='bbox 699 124 770 158; x_wconf 81' lang='grc' dir='ltr'><strong>ΙΙΙ.</strong></span> <span class='ocrx_word' id='word_1_4' title='bbox 800 144 813 149; x_wconf 87' lang='grc'>-</span> <span class='ocrx_word' id='word_1_5' title='bbox 839 124 950 158; x_wconf 77' lang='lat' dir='ltr'>PARS</span> <span class='ocrx_word' id='word_1_6' title='bbox 975 124 1006 157; x_wconf 92' lang='lat' dir='ltr'>I.</span> <span class='ocrx_word' id='word_1_7' title='bbox 1035 144 1048 149; x_wconf 95' lang='lat'>-</span> <span class='ocrx_word' id='word_1_8' title='bbox 1074 124 1132 159; x_wconf 86' lang='lat' dir='ltr'>De</span> <span class='ocrx_word' id='word_1_9' title='bbox 1155 124 1422 161; x_wconf 79' lang='lat' dir='ltr'>Sacramentz‘s</span> <span class='ocrx_word' id='word_1_10' title='bbox 1617 128 1710 162; x_wconf 77' lang='lat' dir='ltr'>Can.</span> <span class='ocrx_word' id='word_1_11' title='bbox 1737 127 1808 162; x_wconf 81' lang='lat'>858</span> 
     </span>
    </p>
   </div>
   <div class='ocr_carea' id='block_1_2' title="bbox 173 242 1809 373">
    <p class='ocr_par' dir='ltr' id='par_1_2' title="bbox 173 242 1809 373">
     <span class='ocr_line' id='line_1_2' title="bbox 173 242 1806 301; baseline 0.002 -15"><span class='ocrx_word' id='word_1_12' title='bbox 173 244 275 287; x_wconf 90' lang='lat' dir='ltr'>dum</span> <span class='ocrx_word' id='word_1_13' title='bbox 309 257 364 298; x_wconf 80' lang='lat' dir='ltr'>se,</span> <span class='ocrx_word' id='word_1_14' title='bbox 400 247 505 287; x_wconf 85' lang='lat' dir='ltr'>sicut</span> <span class='ocrx_word' id='word_1_15' title='bbox 540 247 754 299; x_wconf 87' lang='lat' dir='ltr'>peccatum</span> <span class='ocrx_word' id='word_1_16' title='bbox 790 242 976 298; x_wconf 79' lang='lat' dir='ltr'>mortale,</span> <span class='ocrx_word' id='word_1_17' title='bbox 1013 243 1123 300; x_wconf 88' lang='lat' dir='ltr'>quod</span> <span class='ocrx_word' id='word_1_18' title='bbox 1159 242 1282 288; x_wconf 87' lang='lat' dir='ltr'>habet</span> <span class='ocrx_word' id='word_1_19' title='bbox 1317 247 1630 301; x_wconf 78' lang='lat' dir='ltr'>repugnantiam</span> <span class='ocrx_word' id='word_1_20' title='bbox 1665 246 1716 290; x_wconf 91' lang='lat' dir='ltr'>ad</span> <span class='ocrx_word' id='word_1_21' title='bbox 1755 247 1806 290; x_wconf 92' lang='lat' dir='ltr'>si·</span> 
     </span>
     <span class='ocr_line' id='line_1_3' title="bbox 177 314 1809 373; baseline 0.002 -16"><span class='ocrx_word' id='word_1_22' title='bbox 177 316 419 371; x_wconf 84' lang='lat' dir='ltr'>gniticatum</span> <span class='ocrx_word' id='word_1_23' title='bbox 457 314 577 357; x_wconf 84' lang='lat' dir='ltr'>huius</span> <span class='ocrx_word' id='word_1_24' title='bbox 609 315 872 367; x_wconf 78' lang='lat' dir='ltr'>sacramenti,</span> <span class='ocrx_word' id='word_1_25' title='bbox 909 318 951 357; x_wconf 89' lang='lat' dir='ltr'>ut</span> <span class='ocrx_word' id='word_1_26' title='bbox 983 327 1109 371; x_wconf 88' lang='lat' dir='ltr'>supra</span> <span class='ocrx_word' id='word_1_27' title='bbox 1142 314 1300 358; x_wconf 90' lang='lat' dir='ltr'>dictum</span> <span class='ocrx_word' id='word_1_28' title='bbox 1334 320 1415 370; x_wconf 83' lang='lat' dir='ltr'>est3</span> <span class='ocrx_word' id='word_1_29' title='bbox 1450 315 1530 359; x_wconf 89' lang='lat' dir='ltr'>alio</span> <span class='ocrx_word' id='word_1_30' title='bbox 1564 317 1686 360; x_wconf 89' lang='lat' dir='ltr'>modo</span> <span class='ocrx_word' id='word_1_31' title='bbox 1721 330 1809 373; x_wconf 87' lang='lat' dir='ltr'>pro-</span> 
     </span>
    </p>
   </div>
   <div class='ocr_carea' id='block_1_3' title="bbox 177 344 1947 443">
    <p class='ocr_par' dir='ltr' id='par_1_3' title="bbox 177 344 1947 443">
     <span class='ocr_line' id='line_1_4' title="bbox 1923 344 1947 364; baseline 0 -4"><span class='ocrx_word' id='word_1_32' title='bbox 1923 344 1947 364; x_wconf 75' lang='grc'>,,</span> 
     </span>
     <span class='ocr_line' id='line_1_5' title="bbox 177 383 1864 443; baseline 0.001 -15"><span class='ocrx_word' id='word_1_33' title='bbox 177 391 269 442; x_wconf 87' lang='lat' dir='ltr'>pter</span> <span class='ocrx_word' id='word_1_34' title='bbox 304 384 623 440; x_wconf 86' lang='lat' dir='ltr'>prohibitionem</span> <span class='ocrx_word' id='word_1_35' title='bbox 657 383 881 437; x_wconf 82' lang='lat' dir='ltr'>Ecclesiae,</span> <span class='ocrx_word' id='word_1_36' title='bbox 915 389 956 427; x_wconf 90' lang='lat' dir='ltr'>et</span> <span class='ocrx_word' id='word_1_37' title='bbox 989 386 1047 428; x_wconf 87' lang='lat' dir='ltr'>sic</span> <span class='ocrx_word' id='word_1_38' title='bbox 1081 385 1306 441; x_wconf 87' lang='lat' dir='ltr'>impeditur</span> <span class='ocrx_word' id='word_1_39' title='bbox 1339 385 1488 443; x_wconf 91' lang='lat' dir='ltr'>aliquis</span> <span class='ocrx_word' id='word_1_40' title='bbox 1520 399 1540 430; x_wconf 93' lang='lat' dir='ltr'>a</span> <span class='ocrx_word' id='word_1_41' title='bbox 1575 389 1809 443; x_wconf 81' lang='lat' dir='ltr'>sumptione</span> <span class='ocrx_word' id='word_1_42' title='bbox 1860 435 1864 437; x_wconf 47' lang='grc'><em>,</em></span> 
     </span>
    </p>
   </div>
   <div class='ocr_carea' id='block_1_4' title="bbox 173 453 1822 2766">
    <p class='ocr_par' dir='ltr' id='par_1_4' title="bbox 173 453 1818 1860">
     <span class='ocr_line' id='line_1_6' title="bbox 179 453 1810 514; baseline 0.001 -15"><span class='ocrx_word' id='word_1_43' title='bbox 179 456 300 499; x_wconf 86' lang='lat' dir='ltr'>huius</span> <span class='ocrx_word' id='word_1_44' title='bbox 333 456 581 498; x_wconf 87' lang='lat' dir='ltr'>sacramenti</span> <span class='ocrx_word' id='word_1_45' title='bbox 617 459 706 511; x_wconf 89' lang='lat' dir='ltr'>post</span> <span class='ocrx_word' id='word_1_46' title='bbox 739 453 878 497; x_wconf 89' lang='lat' dir='ltr'>cibum</span> <span class='ocrx_word' id='word_1_47' title='bbox 912 459 951 498; x_wconf 89' lang='lat' dir='ltr'>et</span> <span class='ocrx_word' id='word_1_48' title='bbox 985 460 1125 512; x_wconf 89' lang='lat' dir='ltr'>potum</span> <span class='ocrx_word' id='word_1_49' title='bbox 1160 463 1432 514; x_wconf 83' lang='lat' dir='ltr'>assumptum,</span> <span class='ocrx_word' id='word_1_50' title='bbox 1467 457 1617 514; x_wconf 85' lang='lat' dir='ltr'>triplici</span> <span class='ocrx_word' id='word_1_51' title='bbox 1651 460 1810 502; x_wconf 86' lang='lat' dir='ltr'>ratione</span> 
     </span>
     <span class='ocr_line' id='line_1_7' title="bbox 174 524 1811 584; baseline 0.002 -15"><span class='ocrx_word' id='word_1_52' title='bbox 174 526 242 584; x_wconf 78' lang='lat' dir='ltr'>(D.</span> <span class='ocrx_word' id='word_1_53' title='bbox 277 525 349 570; x_wconf 77' lang='lat' dir='ltr'>Th.</span> <span class='ocrx_word' id='word_1_54' title='bbox 386 525 411 568; x_wconf 93' lang='lat' dir='ltr'>l.</span> <span class='ocrx_word' id='word_1_55' title='bbox 446 528 512 569; x_wconf 86' lang='lat' dir='ltr'>cit.</span> <span class='ocrx_word' id='word_1_56' title='bbox 549 524 698 581; x_wconf 84' lang='lat' dir='ltr'>corp.):</span> <span class='ocrx_word' id='word_1_57' title='bbox 735 527 868 581; x_wconf 90' lang='lat' dir='ltr'>primo</span> <span class='ocrx_word' id='word_1_58' title='bbox 901 526 1087 583; x_wconf 85' lang='lat' dir='ltr'>quidem,</span> <span class='ocrx_word' id='word_1_59' title='bbox 1121 529 1228 570; x_wconf 91' lang='lat' dir='ltr'>sicut</span> <span class='ocrx_word' id='word_1_60' title='bbox 1250 527 1508 584; x_wconf 83' lang='lat' dir='ltr'>Augustinus</span> <span class='ocrx_word' id='word_1_61' title='bbox 1531 529 1644 583; x_wconf 86' lang='lat' dir='ltr'>dicit,</span> <span class='ocrx_word' id='word_1_62' title='bbox 1679 531 1717 571; x_wconf 90' lang='lat' dir='ltr'>in</span> <span class='ocrx_word' id='word_1_63' title='bbox 1742 528 1811 572; x_wconf 92' lang='lat' dir='ltr'>ho-</span> 
     </span>
     <span class='ocr_line' id='line_1_8' title="bbox 179 595 1809 650; baseline 0.002 -10"><span class='ocrx_word' id='word_1_64' title='bbox 179 610 320 640; x_wconf 88' lang='lat' dir='ltr'>norem</span> <span class='ocrx_word' id='word_1_65' title='bbox 357 595 479 639; x_wconf 90' lang='lat' dir='ltr'>buius</span> <span class='ocrx_word' id='word_1_66' title='bbox 510 597 774 650; x_wconf 79' lang='lat' dir='ltr'>sacramenti,</span> <span class='ocrx_word' id='word_1_67' title='bbox 810 600 852 639; x_wconf 90' lang='lat' dir='ltr'>ut</span> <span class='ocrx_word' id='word_1_68' title='bbox 883 596 1042 640; x_wconf 88' lang='lat' dir='ltr'>scilicet</span> <span class='ocrx_word' id='word_1_69' title='bbox 1075 599 1114 640; x_wconf 94' lang='lat' dir='ltr'>in</span> <span class='ocrx_word' id='word_1_70' title='bbox 1148 610 1192 640; x_wconf 93' lang='lat' dir='ltr'>os</span> <span class='ocrx_word' id='word_1_71' title='bbox 1237 597 1416 641; x_wconf 90' lang='lat' dir='ltr'>hominis</span> <span class='ocrx_word' id='word_1_72' title='bbox 1460 601 1583 642; x_wconf 85' lang='lat' dir='ltr'>intret</span> <span class='ocrx_word' id='word_1_73' title='bbox 1626 599 1809 643; x_wconf 89' lang='lat' dir='ltr'>nondum</span> 
     </span>
     <span class='ocr_line' id='line_1_9' title="bbox 176 666 1812 726; baseline 0.002 -16"><span class='ocrx_word' id='word_1_74' title='bbox 176 668 317 725; x_wconf 90' lang='lat' dir='ltr'>aliquo</span> <span class='ocrx_word' id='word_1_75' title='bbox 351 666 443 710; x_wconf 88' lang='lat' dir='ltr'>cibo</span> <span class='ocrx_word' id='word_1_76' title='bbox 483 667 544 710; x_wconf 85' lang='lat' dir='ltr'>vel</span> <span class='ocrx_word' id='word_1_77' title='bbox 581 672 677 723; x_wconf 87' lang='lat' dir='ltr'>potu</span> <span class='ocrx_word' id='word_1_78' title='bbox 715 667 942 720; x_wconf 65' lang='lat' dir='ltr'>infectum,</span> <span class='ocrx_word' id='word_1_79' title='bbox 977 667 1162 711; x_wconf 89' lang='lat' dir='ltr'>secundo</span> <span class='ocrx_word' id='word_1_80' title='bbox 1194 673 1362 725; x_wconf 86' lang='lat' dir='ltr'>propter</span> <span class='ocrx_word' id='word_1_81' title='bbox 1384 671 1743 726; x_wconf 74' lang='lat' dir='ltr'>significationem,</span> <span class='ocrx_word' id='word_1_82' title='bbox 1768 675 1812 714; x_wconf 89' lang='lat' dir='ltr'>ut</span> 
     </span>
     <span class='ocr_line' id='line_1_10' title="bbox 173 736 1810 797; baseline 0.002 -16"><span class='ocrx_word' id='word_1_83' title='bbox 173 738 336 782; x_wconf 81' lang='lat' dir='ltr'>scilicet</span> <span class='ocrx_word' id='word_1_84' title='bbox 369 738 491 781; x_wconf 90' lang='lat' dir='ltr'>detur</span> <span class='ocrx_word' id='word_1_85' title='bbox 526 737 697 794; x_wconf 76' lang='lat' dir='ltr'>intelligi</span> <span class='ocrx_word' id='word_1_86' title='bbox 735 737 843 795; x_wconf 87' lang='lat' dir='ltr'>quod</span> <span class='ocrx_word' id='word_1_87' title='bbox 879 736 1080 794; x_wconf 85' lang='lat' dir='ltr'>Christus,</span> <span class='ocrx_word' id='word_1_88' title='bbox 1116 741 1185 796; x_wconf 90' lang='lat' dir='ltr'>qui</span> <span class='ocrx_word' id='word_1_89' title='bbox 1220 743 1280 782; x_wconf 90' lang='lat' dir='ltr'>est</span> <span class='ocrx_word' id='word_1_90' title='bbox 1313 753 1379 782; x_wconf 87' lang='lat' dir='ltr'>res</span> <span class='ocrx_word' id='word_1_91' title='bbox 1403 739 1525 784; x_wconf 86' lang='lat' dir='ltr'>buius</span> <span class='ocrx_word' id='word_1_92' title='bbox 1547 743 1810 797; x_wconf 87' lang='lat' dir='ltr'>sacramenti,</span> 
     </span>
     <span class='ocr_line' id='line_1_11' title="bbox 175 808 1810 865; baseline 0.002 -12"><span class='ocrx_word' id='word_1_93' title='bbox 175 820 221 854; x_wconf 88' lang='lat' dir='ltr'>et</span> <span class='ocrx_word' id='word_1_94' title='bbox 255 809 434 853; x_wconf 86' lang='lat' dir='ltr'>charitas</span> <span class='ocrx_word' id='word_1_95' title='bbox 467 811 569 863; x_wconf 85' lang='lat' dir='ltr'>eius,</span> <span class='ocrx_word' id='word_1_96' title='bbox 603 808 726 852; x_wconf 89' lang='lat' dir='ltr'>debet</span> <span class='ocrx_word' id='word_1_97' title='bbox 762 810 893 865; x_wconf 90' lang='lat' dir='ltr'>primo</span> <span class='ocrx_word' id='word_1_98' title='bbox 929 809 1092 852; x_wconf 87' lang='lat' dir='ltr'>fundari</span> <span class='ocrx_word' id='word_1_99' title='bbox 1126 811 1165 852; x_wconf 87' lang='lat' dir='ltr'>in</span> <span class='ocrx_word' id='word_1_100' title='bbox 1190 809 1386 854; x_wconf 85' lang='lat' dir='ltr'>cordibus</span> <span class='ocrx_word' id='word_1_101' title='bbox 1410 814 1559 855; x_wconf 90' lang='lat' dir='ltr'>nostris</span> <span class='ocrx_word' id='word_1_102' title='bbox 1581 812 1810 856; x_wconf 87' lang='lat' dir='ltr'>seeundum</span> 
     </span>
     <span class='ocr_line' id='line_1_12' title="bbox 180 878 1811 939; baseline 0.002 -16"><span class='ocrx_word' id='word_1_103' title='bbox 180 880 281 924; x_wconf 88' lang='lat' dir='ltr'>illud</span> <span class='ocrx_word' id='word_1_104' title='bbox 304 881 340 922; x_wconf 76' lang='lat'>1:</span> <span class='ocrx_word' id='word_1_105' title='bbox 377 882 401 900; x_wconf 64' lang='lat'>‘⁵</span> <span class='ocrx_word' id='word_1_106' title='bbox 431 878 633 933; x_wconf 74' lang='lat' dir='ltr'>Quaerite</span> <span class='ocrx_word' id='word_1_107' title='bbox 661 879 848 937; x_wconf 76' lang='lat' dir='ltr'>primum</span> <span class='ocrx_word' id='word_1_108' title='bbox 881 893 1054 937; x_wconf 59' lang='lat' dir='ltr'>regnum</span> <span class='ocrx_word' id='word_1_109' title='bbox 1093 879 1167 923; x_wconf 74' lang='lat' dir='ltr'>Dei</span> <span class='ocrx_word' id='word_1_110' title='bbox 1188 897 1236 935; x_wconf 84' lang='lat'>„:</span> <span class='ocrx_word' id='word_1_111' title='bbox 1272 883 1392 924; x_wconf 91' lang='lat' dir='ltr'>tertio</span> <span class='ocrx_word' id='word_1_112' title='bbox 1434 887 1602 938; x_wconf 90' lang='lat' dir='ltr'>propter</span> <span class='ocrx_word' id='word_1_113' title='bbox 1650 885 1811 939; x_wconf 83' lang='lat' dir='ltr'>perieu-</span> 
     </span>
     <span class='ocr_line' id='line_1_13' title="bbox 181 949 1812 1010; baseline 0.002 -16"><span class='ocrx_word' id='word_1_114' title='bbox 181 951 266 995; x_wconf 89' lang='lat' dir='ltr'>lum</span> <span class='ocrx_word' id='word_1_115' title='bbox 305 952 483 994; x_wconf 92' lang='lat' dir='ltr'>vomitus</span> <span class='ocrx_word' id='word_1_116' title='bbox 517 955 556 993; x_wconf 90' lang='lat' dir='ltr'>et</span> <span class='ocrx_word' id='word_1_117' title='bbox 588 949 815 1001; x_wconf 80' lang='lat' dir='ltr'>ebrietatis,</span> <span class='ocrx_word' id='word_1_118' title='bbox 849 962 955 1007; x_wconf 90' lang='lat' dir='ltr'>quae</span> <span class='ocrx_word' id='word_1_119' title='bbox 990 951 1240 1008; x_wconf 85' lang='lat' dir='ltr'>quandoque</span> <span class='ocrx_word' id='word_1_120' title='bbox 1258 954 1504 1008; x_wconf 80' lang='lat' dir='ltr'>contingunt</span> <span class='ocrx_word' id='word_1_121' title='bbox 1527 966 1576 995; x_wconf 82' lang='lat' dir='ltr'>ex</span> <span class='ocrx_word' id='word_1_122' title='bbox 1602 952 1679 997; x_wconf 91' lang='lat' dir='ltr'>boc</span> <span class='ocrx_word' id='word_1_123' title='bbox 1702 953 1812 1010; x_wconf 90' lang='lat' dir='ltr'>quod</span> 
     </span>
     <span class='ocr_line' id='line_1_14' title="bbox 177 1021 1814 1079; baseline 0.001 -13"><span class='ocrx_word' id='word_1_124' title='bbox 177 1023 369 1066; x_wconf 84' lang='lat' dir='ltr'>homines</span> <span class='ocrx_word' id='word_1_125' title='bbox 404 1022 635 1065; x_wconf 87' lang='lat' dir='ltr'>inordinate</span> <span class='ocrx_word' id='word_1_126' title='bbox 669 1021 772 1065; x_wconf 89' lang='lat' dir='ltr'>cibis</span> <span class='ocrx_word' id='word_1_127' title='bbox 807 1026 991 1077; x_wconf 88' lang='lat' dir='ltr'>utuntur,</span> <span class='ocrx_word' id='word_1_128' title='bbox 1024 1024 1131 1066; x_wconf 90' lang='lat' dir='ltr'>sicut</span> <span class='ocrx_word' id='word_1_129' title='bbox 1163 1027 1201 1066; x_wconf 90' lang='lat' dir='ltr'>et</span> <span class='ocrx_word' id='word_1_130' title='bbox 1227 1022 1448 1079; x_wconf 83' lang='lat' dir='ltr'>Apostolus</span> <span class='ocrx_word' id='word_1_131' title='bbox 1471 1024 1571 1067; x_wconf 86' lang='lat' dir='ltr'>dicit</span> <span class='ocrx_word' id='word_1_132' title='bbox 1594 1024 1622 1065; x_wconf 73' lang='lat'>2.</span> <span class='ocrx_word' id='word_1_133' title='bbox 1649 1025 1673 1045; x_wconf 79' lang='lat'>“</span> <span class='ocrx_word' id='word_1_134' title='bbox 1696 1024 1814 1068; x_wconf 91' lang='lat' dir='ltr'>Alius</span> 
     </span>
     <span class='ocr_line' id='line_1_15' title="bbox 179 1092 1814 1153; baseline 0.001 -16"><span class='ocrx_word' id='word_1_135' title='bbox 179 1094 351 1152; x_wconf 89' lang='lat' dir='ltr'>quidem</span> <span class='ocrx_word' id='word_1_136' title='bbox 386 1096 526 1148; x_wconf 84' lang='lat' dir='ltr'>esurit,</span> <span class='ocrx_word' id='word_1_137' title='bbox 561 1093 665 1136; x_wconf 89' lang='lat' dir='ltr'>alius</span> <span class='ocrx_word' id='word_1_138' title='bbox 699 1097 836 1136; x_wconf 92' lang='lat' dir='ltr'>autem</span> <span class='ocrx_word' id='word_1_139' title='bbox 871 1092 1011 1137; x_wconf 88' lang='lat' dir='ltr'>ebrius</span> <span class='ocrx_word' id='word_1_140' title='bbox 1044 1098 1147 1149; x_wconf 85' lang='lat' dir='ltr'>est„</span> <span class='ocrx_word' id='word_1_141' title='bbox 1170 1110 1210 1135; x_wconf 73' lang='lat' dir='ltr'>n.</span> <span class='ocrx_word' id='word_1_142' title='bbox 1250 1094 1299 1138; x_wconf 91' lang='lat' dir='ltr'>Et</span> <span class='ocrx_word' id='word_1_143' title='bbox 1324 1095 1414 1138; x_wconf 88' lang='lat' dir='ltr'>ideo</span> <span class='ocrx_word' id='word_1_144' title='bbox 1439 1094 1511 1153; x_wconf 88' lang='lat' dir='ltr'>(ib.</span> <span class='ocrx_word' id='word_1_145' title='bbox 1536 1095 1585 1138; x_wconf 90' lang='lat' dir='ltr'>ad</span> <span class='ocrx_word' id='word_1_146' title='bbox 1613 1094 1656 1152; x_wconf 81' lang='lat'>4)</span> <span class='ocrx_word' id='word_1_147' title='bbox 1681 1108 1814 1153; x_wconf 91' lang='lat' dir='ltr'>neque</span> 
     </span>
     <span class='ocr_line' id='line_1_16' title="bbox 185 1164 1811 1222; baseline -0.001 -13"><span class='ocrx_word' id='word_1_148' title='bbox 185 1169 273 1222; x_wconf 91' lang='lat' dir='ltr'>post</span> <span class='ocrx_word' id='word_1_149' title='bbox 306 1167 629 1221; x_wconf 86' lang='lat' dir='ltr'>assumptionem</span> <span class='ocrx_word' id='word_1_150' title='bbox 663 1176 810 1221; x_wconf 86' lang='lat' dir='ltr'>aquae,</span> <span class='ocrx_word' id='word_1_151' title='bbox 848 1164 909 1207; x_wconf 75' lang='lat' dir='ltr'>vel</span> <span class='ocrx_word' id='word_1_152' title='bbox 942 1164 1113 1208; x_wconf 91' lang='lat' dir='ltr'>alterius</span> <span class='ocrx_word' id='word_1_153' title='bbox 1146 1165 1227 1209; x_wconf 87' lang='lat' dir='ltr'>cibi</span> <span class='ocrx_word' id='word_1_154' title='bbox 1276 1170 1346 1208; x_wconf 91' lang='lat' dir='ltr'>aut</span> <span class='ocrx_word' id='word_1_155' title='bbox 1394 1170 1526 1222; x_wconf 88' lang='lat' dir='ltr'>potus,</span> <span class='ocrx_word' id='word_1_156' title='bbox 1578 1165 1640 1208; x_wconf 90' lang='lat' dir='ltr'>vel</span> <span class='ocrx_word' id='word_1_157' title='bbox 1690 1167 1811 1209; x_wconf 87' lang='lat' dir='ltr'>etiam</span> 
     </span>
     <span class='ocr_line' id='line_1_17' title="bbox 182 1231 1815 1293; baseline 0.001 -14"><span class='ocrx_word' id='word_1_158' title='bbox 182 1236 429 1286; x_wconf 88' lang='lat' dir='ltr'>medicinae,</span> <span class='ocrx_word' id='word_1_159' title='bbox 465 1237 503 1277; x_wconf 92' lang='lat' dir='ltr'>in</span> <span class='ocrx_word' id='word_1_160' title='bbox 538 1239 924 1292; x_wconf 84' lang='lat' dir='ltr'>quantumcumque</span> <span class='ocrx_word' id='word_1_161' title='bbox 959 1247 1087 1291; x_wconf 87' lang='lat' dir='ltr'>parva</span> <span class='ocrx_word' id='word_1_162' title='bbox 1122 1238 1365 1293; x_wconf 87' lang='lat' dir='ltr'>quantitate,</span> <span class='ocrx_word' id='word_1_163' title='bbox 1415 1231 1510 1279; x_wconf 88' lang='lat' dir='ltr'>licet</span> <span class='ocrx_word' id='word_1_164' title='bbox 1557 1235 1634 1279; x_wconf 90' lang='lat' dir='ltr'>hoc</span> <span class='ocrx_word' id='word_1_165' title='bbox 1681 1249 1815 1280; x_wconf 88' lang='lat' dir='ltr'>sacra-</span> 
     </span>
     <span class='ocr_line' id='line_1_18' title="bbox 182 1305 1813 1364; baseline 0 -14"><span class='ocrx_word' id='word_1_166' title='bbox 182 1307 368 1350; x_wconf 75' lang='lat' dir='ltr'>mentn&#39;m</span> <span class='ocrx_word' id='word_1_167' title='bbox 403 1309 609 1362; x_wconf 89' lang='lat' dir='ltr'>accipere.</span> <span class='ocrx_word' id='word_1_168' title='bbox 644 1305 727 1349; x_wconf 89' lang='lat' dir='ltr'>Nec</span> <span class='ocrx_word' id='word_1_169' title='bbox 764 1307 887 1349; x_wconf 87' lang='lat' dir='ltr'>ret&#39;ert</span> <span class='ocrx_word' id='word_1_170' title='bbox 922 1310 1060 1349; x_wconf 90' lang='lat' dir='ltr'>utrum</span> <span class='ocrx_word' id='word_1_171' title='bbox 1096 1306 1250 1364; x_wconf 88' lang='lat' dir='ltr'>aliquid</span> <span class='ocrx_word' id='word_1_172' title='bbox 1286 1306 1522 1351; x_wconf 91' lang='lat' dir='ltr'>huiusmodi</span> <span class='ocrx_word' id='word_1_173' title='bbox 1557 1309 1710 1350; x_wconf 90' lang='lat' dir='ltr'>nutriat</span> <span class='ocrx_word' id='word_1_174' title='bbox 1750 1307 1813 1351; x_wconf 90' lang='lat' dir='ltr'>vel</span> 
     </span>
     <span class='ocr_line' id='line_1_19' title="bbox 181 1377 1817 1435; baseline 0.001 -14"><span class='ocrx_word' id='word_1_175' title='bbox 181 1391 262 1421; x_wconf 89' lang='lat' dir='ltr'>non</span> <span class='ocrx_word' id='word_1_176' title='bbox 299 1380 469 1431; x_wconf 89' lang='lat' dir='ltr'>nutriat,</span> <span class='ocrx_word' id='word_1_177' title='bbox 503 1382 572 1420; x_wconf 87' lang='lat' dir='ltr'>aut</span> <span class='ocrx_word' id='word_1_178' title='bbox 606 1390 678 1433; x_wconf 88' lang='lat' dir='ltr'>per</span> <span class='ocrx_word' id='word_1_179' title='bbox 711 1390 754 1420; x_wconf 94' lang='lat' dir='ltr'>se</span> <span class='ocrx_word' id='word_1_180' title='bbox 788 1381 857 1420; x_wconf 90' lang='lat' dir='ltr'>aut</span> <span class='ocrx_word' id='word_1_181' title='bbox 890 1390 983 1420; x_wconf 92' lang='lat' dir='ltr'>cum</span> <span class='ocrx_word' id='word_1_182' title='bbox 1021 1377 1123 1431; x_wconf 86' lang='lat' dir='ltr'>aliis,</span> <span class='ocrx_word' id='word_1_183' title='bbox 1159 1378 1385 1421; x_wconf 89' lang='lat' dir='ltr'>dummodo</span> <span class='ocrx_word' id='word_1_184' title='bbox 1417 1383 1605 1421; x_wconf 89' lang='lat' dir='ltr'>sumatur</span> <span class='ocrx_word' id='word_1_185' title='bbox 1639 1392 1711 1435; x_wconf 88' lang='lat' dir='ltr'>per</span> <span class='ocrx_word' id='word_1_186' title='bbox 1734 1392 1817 1422; x_wconf 89' lang='lat' dir='ltr'>mo-</span> 
     </span>
     <span class='ocr_line' id='line_1_20' title="bbox 179 1447 1814 1505; baseline 0.001 -14"><span class='ocrx_word' id='word_1_187' title='bbox 179 1448 284 1492; x_wconf 82' lang='lat' dir='ltr'>dum</span> <span class='ocrx_word' id='word_1_188' title='bbox 320 1447 399 1492; x_wconf 89' lang='lat' dir='ltr'>cibi</span> <span class='ocrx_word' id='word_1_189' title='bbox 439 1447 500 1491; x_wconf 63' lang='lat' dir='ltr'>vel</span> <span class='ocrx_word' id='word_1_190' title='bbox 537 1452 667 1504; x_wconf 89' lang='lat' dir='ltr'>potus.</span> <span class='ocrx_word' id='word_1_191' title='bbox 704 1447 918 1505; x_wconf 86' lang='lat' dir='ltr'>Reliquiae</span> <span class='ocrx_word' id='word_1_192' title='bbox 953 1452 1089 1490; x_wconf 83' lang='lat' dir='ltr'>tamen</span> <span class='ocrx_word' id='word_1_193' title='bbox 1123 1447 1202 1491; x_wconf 90' lang='lat' dir='ltr'>cibi</span> <span class='ocrx_word' id='word_1_194' title='bbox 1237 1454 1499 1492; x_wconf 85' lang='lat' dir='ltr'>remanentes</span> <span class='ocrx_word' id='word_1_195' title='bbox 1522 1451 1561 1492; x_wconf 94' lang='lat' dir='ltr'>in</span> <span class='ocrx_word' id='word_1_196' title='bbox 1586 1463 1668 1505; x_wconf 85' lang='lat' dir='ltr'>ore,</span> <span class='ocrx_word' id='word_1_197' title='bbox 1692 1451 1723 1493; x_wconf 93' lang='lat' dir='ltr'>si</span> <span class='ocrx_word' id='word_1_198' title='bbox 1749 1462 1814 1493; x_wconf 81' lang='lat' dir='ltr'>ea-</span> 
     </span>
     <span class='ocr_line' id='line_1_21' title="bbox 179 1518 1818 1575; baseline 0.001 -13"><span class='ocrx_word' id='word_1_199' title='bbox 179 1518 353 1562; x_wconf 85' lang='lat' dir='ltr'>sualiter</span> <span class='ocrx_word' id='word_1_200' title='bbox 387 1518 744 1574; x_wconf 83' lang='lat' dir='ltr'>transglutiantur,</span> <span class='ocrx_word' id='word_1_201' title='bbox 781 1531 858 1560; x_wconf 89' lang='lat' dir='ltr'>non</span> <span class='ocrx_word' id='word_1_202' title='bbox 910 1518 1141 1574; x_wconf 86' lang='lat' dir='ltr'>impediunt</span> <span class='ocrx_word' id='word_1_203' title='bbox 1188 1521 1466 1575; x_wconf 89' lang='lat' dir='ltr'>sumptionem</span> <span class='ocrx_word' id='word_1_204' title='bbox 1516 1519 1638 1563; x_wconf 80' lang='lat' dir='ltr'>liuius</span> <span class='ocrx_word' id='word_1_205' title='bbox 1684 1532 1818 1564; x_wconf 88' lang='lat' dir='ltr'>sacra·</span> 
     </span>
     <span class='ocr_line' id='line_1_22' title="bbox 185 1589 1818 1647; baseline 0 -13"><span class='ocrx_word' id='word_1_206' title='bbox 185 1592 310 1634; x_wconf 87' lang='lat' dir='ltr'>menti</span> <span class='ocrx_word' id='word_1_207' title='bbox 347 1592 441 1647; x_wconf 89' lang='lat' dir='ltr'>quia</span> <span class='ocrx_word' id='word_1_208' title='bbox 478 1603 557 1632; x_wconf 92' lang='lat' dir='ltr'>non</span> <span class='ocrx_word' id='word_1_209' title='bbox 592 1591 856 1633; x_wconf 86' lang='lat' dir='ltr'>traiiciuntur</span> <span class='ocrx_word' id='word_1_210' title='bbox 889 1603 962 1646; x_wconf 92' lang='lat' dir='ltr'>per</span> <span class='ocrx_word' id='word_1_211' title='bbox 997 1590 1163 1633; x_wconf 89' lang='lat' dir='ltr'>modum</span> <span class='ocrx_word' id='word_1_212' title='bbox 1199 1589 1295 1645; x_wconf 88' lang='lat' dir='ltr'>cibi,</span> <span class='ocrx_word' id='word_1_213' title='bbox 1328 1590 1399 1633; x_wconf 88' lang='lat' dir='ltr'>sed</span> <span class='ocrx_word' id='word_1_214' title='bbox 1436 1604 1508 1646; x_wconf 91' lang='lat' dir='ltr'>per</span> <span class='ocrx_word' id='word_1_215' title='bbox 1541 1591 1709 1634; x_wconf 88' lang='lat' dir='ltr'>modum</span> <span class='ocrx_word' id='word_1_216' title='bbox 1758 1603 1818 1635; x_wconf 93' lang='lat' dir='ltr'>sa-</span> 
     </span>
     <span class='ocr_line' id='line_1_23' title="bbox 184 1660 1817 1719; baseline 0.001 -15"><span class='ocrx_word' id='word_1_217' title='bbox 184 1661 317 1711; x_wconf 80' lang='lat' dir='ltr'>livae;</span> <span class='ocrx_word' id='word_1_218' title='bbox 352 1666 390 1704; x_wconf 88' lang='lat' dir='ltr'>et</span> <span class='ocrx_word' id='word_1_219' title='bbox 424 1661 569 1704; x_wconf 85' lang='lat' dir='ltr'>eadem</span> <span class='ocrx_word' id='word_1_220' title='bbox 607 1662 709 1703; x_wconf 89' lang='lat' dir='ltr'>ratio</span> <span class='ocrx_word' id='word_1_221' title='bbox 743 1665 802 1703; x_wconf 90' lang='lat' dir='ltr'>est</span> <span class='ocrx_word' id='word_1_222' title='bbox 835 1662 886 1703; x_wconf 91' lang='lat' dir='ltr'>de</span> <span class='ocrx_word' id='word_1_223' title='bbox 920 1660 1107 1718; x_wconf 90' lang='lat' dir='ltr'>reliquiis</span> <span class='ocrx_word' id='word_1_224' title='bbox 1140 1673 1271 1718; x_wconf 90' lang='lat' dir='ltr'>aquae</span> <span class='ocrx_word' id='word_1_225' title='bbox 1325 1660 1386 1704; x_wconf 87' lang='lat' dir='ltr'>vel</span> <span class='ocrx_word' id='word_1_226' title='bbox 1438 1663 1537 1715; x_wconf 85' lang='lat' dir='ltr'>vini,</span> <span class='ocrx_word' id='word_1_227' title='bbox 1580 1660 1730 1719; x_wconf 88' lang='lat' dir='ltr'>quibus</span> <span class='ocrx_word' id='word_1_228' title='bbox 1773 1675 1817 1704; x_wconf 85' lang='lat' dir='ltr'>os</span> 
     </span>
     <span class='ocr_line' id='line_1_24' title="bbox 181 1730 1818 1789; baseline -0.001 -13"><span class='ocrx_word' id='word_1_229' title='bbox 181 1731 379 1787; x_wconf 85' lang='lat' dir='ltr'>abluitur,</span> <span class='ocrx_word' id='word_1_230' title='bbox 415 1730 646 1774; x_wconf 86' lang='lat' dir='ltr'>dummodo</span> <span class='ocrx_word' id='word_1_231' title='bbox 681 1743 759 1773; x_wconf 94' lang='lat' dir='ltr'>non</span> <span class='ocrx_word' id='word_1_232' title='bbox 794 1732 1054 1774; x_wconf 87' lang='lat' dir='ltr'>traiiciantur</span> <span class='ocrx_word' id='word_1_233' title='bbox 1087 1733 1125 1774; x_wconf 93' lang='lat' dir='ltr'>in</span> <span class='ocrx_word' id='word_1_234' title='bbox 1160 1743 1308 1787; x_wconf 82' lang='lat' dir='ltr'>magna</span> <span class='ocrx_word' id='word_1_235' title='bbox 1344 1734 1585 1789; x_wconf 80' lang='lat' dir='ltr'>quantitate,</span> <span class='ocrx_word' id='word_1_236' title='bbox 1619 1732 1689 1775; x_wconf 91' lang='lat' dir='ltr'>sed</span> <span class='ocrx_word' id='word_1_237' title='bbox 1732 1745 1818 1788; x_wconf 91' lang='lat' dir='ltr'>per-</span> 
     </span>
     <span class='ocr_line' id='line_1_25' title="bbox 184 1803 1195 1860; baseline 0 -14"><span class='ocrx_word' id='word_1_238' title='bbox 184 1805 342 1846; x_wconf 82' lang='lat' dir='ltr'>mixtae</span> <span class='ocrx_word' id='word_1_239' title='bbox 375 1803 547 1857; x_wconf 76' lang='lat' dir='ltr'>salivae,</span> <span class='ocrx_word' id='word_1_240' title='bbox 582 1803 689 1860; x_wconf 86' lang='lat' dir='ltr'>quod</span> <span class='ocrx_word' id='word_1_241' title='bbox 730 1805 849 1846; x_wconf 89' lang='lat' dir='ltr'>vitari</span> <span class='ocrx_word' id='word_1_242' title='bbox 884 1815 963 1845; x_wconf 89' lang='lat' dir='ltr'>non</span> <span class='ocrx_word' id='word_1_243' title='bbox 1001 1806 1133 1858; x_wconf 89' lang='lat' dir='ltr'>potest</span> <span class='ocrx_word' id='word_1_244' title='bbox 1156 1818 1195 1846; x_wconf 81' lang='lat'>›&gt;.</span> 
     </span>
    </p>

    <p class='ocr_par' dir='ltr' id='par_1_5' title="bbox 184 1873 1821 2483">
     <span class='ocr_line' id='line_1_26' title="bbox 305 1873 1817 1930; baseline 0 -13"><span class='ocrx_word' id='word_1_245' title='bbox 305 1874 339 1917; x_wconf 89' lang='lat' dir='ltr'><strong>A</strong></span> <span class='ocrx_word' id='word_1_246' title='bbox 372 1873 556 1930; x_wconf 81' lang='lat' dir='ltr'>generali</span> <span class='ocrx_word' id='word_1_247' title='bbox 592 1875 761 1917; x_wconf 80' lang='lat' dir='ltr'>canonis</span> <span class='ocrx_word' id='word_1_248' title='bbox 797 1873 937 1930; x_wconf 83' lang='lat' dir='ltr'>regula</span> <span class='ocrx_word' id='word_1_249' title='bbox 974 1873 1082 1917; x_wconf 89' lang='lat' dir='ltr'>duae</span> <span class='ocrx_word' id='word_1_250' title='bbox 1115 1873 1265 1916; x_wconf 88' lang='lat' dir='ltr'>dantur</span> <span class='ocrx_word' id='word_1_251' title='bbox 1298 1876 1433 1917; x_wconf 88' lang='lat' dir='ltr'>statim</span> <span class='ocrx_word' id='word_1_252' title='bbox 1470 1873 1817 1930; x_wconf 86' lang='lat' dir='ltr'>exceptiones:a)</span> 
     </span>
     <span class='ocr_line' id='line_1_27' title="bbox 185 1943 1821 2002; baseline -0.001 -14"><span class='ocrx_word' id='word_1_253' title='bbox 185 1945 272 1988; x_wconf 74' lang='lat' dir='ltr'>nisi</span> <span class='ocrx_word' id='word_1_254' title='bbox 307 1945 454 1988; x_wconf 72' lang='lat' dir='ltr'>mortis</span> <span class='ocrx_word' id='word_1_255' title='bbox 490 1950 639 2002; x_wconf 69' lang='lat' dir='ltr'>uryeat</span> <span class='ocrx_word' id='word_1_256' title='bbox 669 1943 905 2002; x_wconf 73' lang='lat' dir='ltr'>perieulum</span> <span class='ocrx_word' id='word_1_257' title='bbox 939 1943 1189 2000; x_wconf 84' lang='lat' dir='ltr'>generaliter</span> <span class='ocrx_word' id='word_1_258' title='bbox 1222 1945 1394 1998; x_wconf 85' lang='lat' dir='ltr'>dictum,</span> <span class='ocrx_word' id='word_1_259' title='bbox 1430 1958 1508 1987; x_wconf 90' lang='lat' dir='ltr'>non</span> <span class='ocrx_word' id='word_1_260' title='bbox 1542 1944 1674 1988; x_wconf 88' lang='lat' dir='ltr'>solum</span> <span class='ocrx_word' id='word_1_261' title='bbox 1694 1958 1743 1988; x_wconf 85' lang='lat' dir='ltr'>ex</span> <span class='ocrx_word' id='word_1_262' title='bbox 1764 1947 1821 1987; x_wconf 92' lang='lat' dir='ltr'>in-</span> 
     </span>
     <span class='ocr_line' id='line_1_28' title="bbox 185 2014 1815 2073; baseline 0 -15"><span class='ocrx_word' id='word_1_263' title='bbox 185 2017 397 2069; x_wconf 72' lang='lat' dir='ltr'>firmitate,</span> <span class='ocrx_word' id='word_1_264' title='bbox 433 2028 557 2073; x_wconf 89' lang='lat' dir='ltr'>quam</span> <span class='ocrx_word' id='word_1_265' title='bbox 591 2018 784 2072; x_wconf 82' lang='lat' dir='ltr'>supponit</span> <span class='ocrx_word' id='word_1_266' title='bbox 819 2015 897 2059; x_wconf 87' lang='lat' dir='ltr'>Rit.</span> <span class='ocrx_word' id='word_1_267' title='bbox 931 2015 1046 2059; x_wconf 90' lang='lat' dir='ltr'>Rom.</span> <span class='ocrx_word' id='word_1_268' title='bbox 1071 2014 1087 2036; x_wconf 77' lang='lat'>³</span> <span class='ocrx_word' id='word_1_269' title='bbox 1122 2014 1188 2058; x_wconf 91' lang='lat' dir='ltr'>ubi</span> <span class='ocrx_word' id='word_1_270' title='bbox 1240 2016 1366 2059; x_wconf 84' lang='lat' dir='ltr'>dicit:</span> <span class='ocrx_word' id='word_1_271' title='bbox 1417 2015 1600 2059; x_wconf 85' lang='lat' dir='ltr'>«Potest</span> <span class='ocrx_word' id='word_1_272' title='bbox 1647 2015 1815 2073; x_wconf 90' lang='lat' dir='ltr'>quidem</span> 
     </span>
     <span class='ocr_line' id='line_1_29' title="bbox 191 2085 1818 2143; baseline 0 -14"><span class='ocrx_word' id='word_1_273' title='bbox 191 2085 394 2130; x_wconf 82' lang='lat' dir='ltr'>Viaticum</span> <span class='ocrx_word' id='word_1_274' title='bbox 432 2086 549 2130; x_wconf 87' lang='lat' dir='ltr'>brevi</span> <span class='ocrx_word' id='word_1_275' title='bbox 585 2088 796 2129; x_wconf 85' lang='lat' dir='ltr'>morituris</span> <span class='ocrx_word' id='word_1_276' title='bbox 829 2086 918 2129; x_wconf 87' lang='lat' dir='ltr'>dari</span> <span class='ocrx_word' id='word_1_277' title='bbox 952 2099 1032 2129; x_wconf 92' lang='lat' dir='ltr'>non</span> <span class='ocrx_word' id='word_1_278' title='bbox 1067 2088 1215 2129; x_wconf 88' lang='lat' dir='ltr'>ieiunis</span> <span class='ocrx_word' id='word_1_279' title='bbox 1237 2102 1278 2140; x_wconf 69' lang='lat' dir='ltr'>n,</span> <span class='ocrx_word' id='word_1_280' title='bbox 1312 2086 1384 2130; x_wconf 88' lang='lat' dir='ltr'>sed</span> <span class='ocrx_word' id='word_1_281' title='bbox 1409 2088 1533 2129; x_wconf 89' lang='lat' dir='ltr'>etiam</span> <span class='ocrx_word' id='word_1_282' title='bbox 1562 2088 1750 2143; x_wconf 81' lang='lat' dir='ltr'>«quavis</span> <span class='ocrx_word' id='word_1_283' title='bbox 1768 2100 1818 2129; x_wconf 87' lang='lat' dir='ltr'>ex</span> 
     </span>
     <span class='ocr_line' id='line_1_30' title="bbox 184 2156 1820 2214; baseline -0.001 -13"><span class='ocrx_word' id='word_1_284' title='bbox 184 2170 312 2201; x_wconf 86' lang='lat' dir='ltr'>causa</span> <span class='ocrx_word' id='word_1_285' title='bbox 347 2157 445 2200; x_wconf 89' lang='lat' dir='ltr'>illud</span> <span class='ocrx_word' id='word_1_286' title='bbox 485 2157 692 2212; x_wconf 85' lang='lat' dir='ltr'>procedat,</span> <span class='ocrx_word' id='word_1_287' title='bbox 728 2159 766 2199; x_wconf 92' lang='lat' dir='ltr'>in</span> <span class='ocrx_word' id='word_1_288' title='bbox 791 2170 872 2214; x_wconf 93' lang='lat' dir='ltr'>quo</span> <span class='ocrx_word' id='word_1_289' title='bbox 892 2156 1038 2200; x_wconf 84' lang='lat' dir='ltr'>fideles</span> <span class='ocrx_word' id='word_1_290' title='bbox 1060 2169 1202 2200; x_wconf 91' lang='lat' dir='ltr'>sacrae</span> <span class='ocrx_word' id='word_1_291' title='bbox 1226 2159 1533 2200; x_wconf 90' lang='lat' dir='ltr'>communionis</span> <span class='ocrx_word' id='word_1_292' title='bbox 1556 2156 1820 2213; x_wconf 75' lang='lat' dir='ltr'>recipiendae</span> 
     </span>
     <span class='ocr_line' id='line_1_31' title="bbox 188 2226 1818 2285; baseline 0 -14"><span class='ocrx_word' id='word_1_293' title='bbox 188 2233 410 2284; x_wconf 85' lang='lat' dir='ltr'>praecepto</span> <span class='ocrx_word' id='word_1_294' title='bbox 446 2232 674 2271; x_wconf 81' lang='lat' dir='ltr'>tenentur»</span> <span class='ocrx_word' id='word_1_295' title='bbox 713 2231 816 2281; x_wconf 91' lang='lat' dir='ltr'>(can.</span> <span class='ocrx_word' id='word_1_296' title='bbox 868 2227 966 2283; x_wconf 79' lang='lat'>864,</span> <span class='ocrx_word' id='word_1_297' title='bbox 998 2226 1026 2285; x_wconf 60' lang='grc' dir='ltr'><strong>ἓ</strong></span> <span class='ocrx_word' id='word_1_298' title='bbox 1061 2226 1119 2284; x_wconf 77' lang='grc'>1),</span> <span class='ocrx_word' id='word_1_299' title='bbox 1169 2227 1210 2284; x_wconf 88' lang='lat' dir='ltr'>b)</span> <span class='ocrx_word' id='word_1_300' title='bbox 1260 2233 1334 2270; x_wconf 78' lang='lat' dir='ltr'>aut</span> <span class='ocrx_word' id='word_1_301' title='bbox 1382 2227 1609 2270; x_wconf 73' lang='lat' dir='ltr'>necessitas</span> <span class='ocrx_word' id='word_1_302' title='bbox 1650 2227 1818 2284; x_wconf 88' lang='lat' dir='ltr'>supple:</span> 
     </span>
     <span class='ocr_line' id='line_1_32' title="bbox 195 2297 1819 2355; baseline 0.001 -16"><span class='ocrx_word' id='word_1_303' title='bbox 195 2303 429 2355; x_wconf 80' lang='lat' dir='ltr'>«urgeat»</span> <span class='ocrx_word' id='word_1_304' title='bbox 471 2311 541 2354; x_wconf 86' lang='lat' dir='ltr'>per</span> <span class='ocrx_word' id='word_1_305' title='bbox 575 2298 696 2342; x_wconf 88' lang='lat' dir='ltr'>talem</span> <span class='ocrx_word' id='word_1_306' title='bbox 733 2300 1012 2355; x_wconf 88' lang='lat' dir='ltr'>sumptionem</span> <span class='ocrx_word' id='word_1_307' title='bbox 1048 2297 1304 2355; x_wconf 73' lang='lat' dir='ltr'>impediendi</span> <span class='ocrx_word' id='word_1_308' title='bbox 1336 2298 1655 2340; x_wconf 65' lang='lat' dir='ltr'>irreverentiam</span> <span class='ocrx_word' id='word_1_309' title='bbox 1689 2298 1730 2340; x_wconf 68' lang='lat' dir='ltr'>in</span> <span class='ocrx_word' id='word_1_310' title='bbox 1756 2311 1819 2340; x_wconf 77' lang='lat' dir='ltr'>sa-</span> 
     </span>
     <span class='ocr_line' id='line_1_33' title="bbox 184 2368 1819 2412; baseline 0 -1"><span class='ocrx_word' id='word_1_311' title='bbox 184 2374 451 2411; x_wconf 65' lang='lat' dir='ltr'>cramentum</span> <span class='ocrx_word' id='word_1_312' title='bbox 487 2371 771 2412; x_wconf 87' lang='lat' dir='ltr'>imminentem</span> <span class='ocrx_word' id='word_1_313' title='bbox 806 2371 894 2412; x_wconf 87' lang='lat' dir='ltr'>sive</span> <span class='ocrx_word' id='word_1_314' title='bbox 929 2382 977 2412; x_wconf 84' lang='lat' dir='ltr'>ex</span> <span class='ocrx_word' id='word_1_315' title='bbox 1014 2381 1135 2412; x_wconf 82' lang='lat' dir='ltr'>causa</span> <span class='ocrx_word' id='word_1_316' title='bbox 1172 2368 1347 2412; x_wconf 87' lang='lat' dir='ltr'>naturali</span> <span class='ocrx_word' id='word_1_317' title='bbox 1381 2371 1470 2412; x_wconf 91' lang='lat' dir='ltr'>sive</span> <span class='ocrx_word' id='word_1_318' title='bbox 1510 2382 1559 2412; x_wconf 87' lang='lat' dir='ltr'>ex</span> <span class='ocrx_word' id='word_1_319' title='bbox 1606 2368 1819 2411; x_wconf 89' lang='lat' dir='ltr'>hominum</span> 
     </span>
     <span class='ocr_line' id='line_1_34' title="bbox 188 2440 361 2483; baseline -0.006 0"><span class='ocrx_word' id='word_1_320' title='bbox 188 2440 361 2483; x_wconf 87' lang='lat' dir='ltr'>malitia.</span> 
     </span>
    </p>

    <p class='ocr_par' dir='ltr' id='par_1_6' title="bbox 187 2509 1822 2766">
     <span class='ocr_line' id='line_1_35' title="bbox 309 2509 1822 2567; baseline 0 -14"><span class='ocrx_word' id='word_1_321' title='bbox 309 2509 433 2553; x_wconf 85' lang='lat' dir='ltr'>Extra</span> <span class='ocrx_word' id='word_1_322' title='bbox 486 2523 636 2566; x_wconf 81' lang='lat' dir='ltr'>urgens</span> <span class='ocrx_word' id='word_1_323' title='bbox 687 2513 829 2553; x_wconf 88' lang='lat' dir='ltr'>mortis</span> <span class='ocrx_word' id='word_1_324' title='bbox 874 2510 1121 2567; x_wconf 86' lang='lat' dir='ltr'>periculum,</span> <span class='ocrx_word' id='word_1_325' title='bbox 1170 2512 1345 2554; x_wconf 83' lang='lat' dir='ltr'>infirmis</span> <span class='ocrx_word' id='word_1_326' title='bbox 1397 2510 1573 2566; x_wconf 82' lang='lat' dir='ltr'>benigne</span> <span class='ocrx_word' id='word_1_327' title='bbox 1617 2512 1822 2553; x_wconf 85' lang='lat' dir='ltr'>concessit</span> 
     </span>
     <span class='ocr_line' id='line_1_36' title="bbox 192 2580 1822 2638; baseline -0.001 -14"><span class='ocrx_word' id='word_1_328' title='bbox 192 2582 287 2624; x_wconf 85' lang='lat' dir='ltr'>Pius</span> <span class='ocrx_word' id='word_1_329' title='bbox 323 2580 355 2623; x_wconf 80' lang='lat' dir='ltr'>X</span> <span class='ocrx_word' id='word_1_330' title='bbox 393 2594 463 2637; x_wconf 89' lang='lat' dir='ltr'>per</span> <span class='ocrx_word' id='word_1_331' title='bbox 499 2580 591 2624; x_wconf 90' lang='lat' dir='ltr'>Dec.</span> <span class='ocrx_word' id='word_1_332' title='bbox 627 2581 665 2624; x_wconf 74' lang='lat' dir='ltr'>S.</span> <span class='ocrx_word' id='word_1_333' title='bbox 699 2580 740 2625; x_wconf 80' lang='lat' dir='ltr'>C.</span> <span class='ocrx_word' id='word_1_334' title='bbox 776 2582 817 2625; x_wconf 80' lang='lat' dir='ltr'>C.</span> <span class='ocrx_word' id='word_1_335' title='bbox 858 2596 878 2622; x_wconf 80' lang='lat'>«</span> <span class='ocrx_word' id='word_1_336' title='bbox 906 2581 996 2624; x_wconf 89' lang='lat' dir='ltr'>Post</span> <span class='ocrx_word' id='word_1_337' title='bbox 1029 2581 1230 2624; x_wconf 77' lang='lat' dir='ltr'>editum»</span> <span class='ocrx_word' id='word_1_338' title='bbox 1259 2582 1273 2603; x_wconf 73' lang='lat'>4</span> <span class='ocrx_word' id='word_1_339' title='bbox 1309 2582 1497 2625; x_wconf 77' lang='lat' dir='ltr'>savorem</span> <span class='ocrx_word' id='word_1_340' title='bbox 1531 2581 1581 2624; x_wconf 84' lang='lat' dir='ltr'>ad</span> <span class='ocrx_word' id='word_1_341' title='bbox 1635 2582 1822 2638; x_wconf 90' lang='lat' dir='ltr'>quaesito</span> 
     </span>
     <span class='ocr_line' id='line_1_37' title="bbox 187 2642 1822 2708; baseline -0.001 -14"><span class='ocrx_word' id='word_1_342' title='bbox 187 2651 557 2695; x_wconf 77' lang='lat' dir='ltr'>satisfaciendum:</span> <span class='ocrx_word' id='word_1_343' title='bbox 599 2667 617 2691; x_wconf 86' lang='grc'>((</span> <span class='ocrx_word' id='word_1_344' title='bbox 641 2654 672 2694; x_wconf 90' lang='lat' dir='ltr'>si</span> <span class='ocrx_word' id='word_1_345' title='bbox 708 2665 789 2708; x_wconf 93' lang='lat' dir='ltr'>quo</span> <span class='ocrx_word' id='word_1_346' title='bbox 824 2653 925 2695; x_wconf 86' lang='lat' dir='ltr'>sorte</span> <span class='ocrx_word' id='word_1_347' title='bbox 960 2651 1079 2694; x_wconf 89' lang='lat' dir='ltr'>modo</span> <span class='ocrx_word' id='word_1_348' title='bbox 1113 2642 1271 2694; x_wconf 85' lang='lat' dir='ltr'>consuli</span> <span class='ocrx_word' id='word_1_349' title='bbox 1323 2657 1458 2707; x_wconf 89' lang='lat' dir='ltr'>posset</span> <span class='ocrx_word' id='word_1_350' title='bbox 1505 2653 1685 2708; x_wconf 84' lang='lat' dir='ltr'>aegrotis</span> <span class='ocrx_word' id='word_1_351' title='bbox 1733 2651 1822 2694; x_wconf 93' lang='lat' dir='ltr'>diu—</span> 
     </span>
     <span class='ocr_line' id='line_1_38' title="bbox 191 2721 1821 2766; baseline 0 -2"><span class='ocrx_word' id='word_1_352' title='bbox 191 2727 312 2765; x_wconf 84' lang='lat' dir='ltr'>turno</span> <span class='ocrx_word' id='word_1_353' title='bbox 349 2721 495 2765; x_wconf 88' lang='lat' dir='ltr'>morbo</span> <span class='ocrx_word' id='word_1_354' title='bbox 529 2721 810 2765; x_wconf 87' lang='lat' dir='ltr'>laborantibus</span> <span class='ocrx_word' id='word_1_355' title='bbox 843 2727 880 2765; x_wconf 89' lang='lat' dir='ltr'>et</span> <span class='ocrx_word' id='word_1_356' title='bbox 920 2721 1205 2765; x_wconf 88' lang='lat' dir='ltr'>Eucharistico</span> <span class='ocrx_word' id='word_1_357' title='bbox 1241 2723 1346 2766; x_wconf 89' lang='lat' dir='ltr'>Pane</span> <span class='ocrx_word' id='word_1_358' title='bbox 1381 2721 1489 2766; x_wconf 89' lang='lat' dir='ltr'>haud</span> <span class='ocrx_word' id='word_1_359' title='bbox 1510 2721 1636 2765; x_wconf 90' lang='lat' dir='ltr'>semel</span> <span class='ocrx_word' id='word_1_360' title='bbox 1662 2722 1821 2765; x_wconf 82' lang='lat' dir='ltr'>contor-</span> 
     </span>
    </p>
   </div>
   <div class='ocr_carea' id='block_1_5' title="bbox 189 2827 1822 2918">
    <p class='ocr_par' dir='ltr' id='par_1_7' title="bbox 189 2827 1822 2918">
     <span class='ocr_line' id='line_1_39' title="bbox 311 2827 1822 2871; baseline -0.001 -10"><span class='ocrx_word' id='word_1_361' title='bbox 311 2830 321 2850; x_wconf 77' lang='lat'>1</span> <span class='ocrx_word' id='word_1_362' title='bbox 350 2827 494 2862; x_wconf 81' lang='lat' dir='ltr'>Matth.</span> <span class='ocrx_word' id='word_1_363' title='bbox 525 2828 591 2867; x_wconf 75' lang='lat' dir='ltr'>VI,</span> <span class='ocrx_word' id='word_1_364' title='bbox 619 2828 677 2861; x_wconf 85' lang='lat'>33.</span> <span class='ocrx_word' id='word_1_365' title='bbox 708 2849 750 2853; x_wconf 88' lang='lat'>—-</span> <span class='ocrx_word' id='word_1_366' title='bbox 778 2829 790 2850; x_wconf 68' lang='lat'>2</span> <span class='ocrx_word' id='word_1_367' title='bbox 817 2828 835 2862; x_wconf 89' lang='grc' dir='ltr'><strong>Ι</strong></span> <span class='ocrx_word' id='word_1_368' title='bbox 861 2828 946 2862; x_wconf 88' lang='lat' dir='ltr'>Cor.</span> <span class='ocrx_word' id='word_1_369' title='bbox 976 2828 1043 2867; x_wconf 87' lang='lat' dir='ltr'>XI,</span> <span class='ocrx_word' id='word_1_370' title='bbox 1072 2828 1128 2862; x_wconf 75' lang='lat'>21.</span> <span class='ocrx_word' id='word_1_371' title='bbox 1167 2849 1203 2853; x_wconf 80' lang='lat'>—</span> <span class='ocrx_word' id='word_1_372' title='bbox 1249 2829 1263 2850; x_wconf 83' lang='lat'><strong>3</strong></span> <span class='ocrx_word' id='word_1_373' title='bbox 1290 2828 1378 2862; x_wconf 89' lang='lat' dir='ltr'>Loc.</span> <span class='ocrx_word' id='word_1_374' title='bbox 1409 2828 1476 2862; x_wconf 72' lang='lat' dir='ltr'>cit.</span> <span class='ocrx_word' id='word_1_375' title='bbox 1505 2839 1613 2862; x_wconf 87' lang='lat' dir='ltr'>num.</span> <span class='ocrx_word' id='word_1_376' title='bbox 1646 2829 1682 2871; x_wconf 87' lang='lat'>3,</span> <span class='ocrx_word' id='word_1_377' title='bbox 1715 2828 1747 2861; x_wconf 81' lang='lat'>4.</span> <span class='ocrx_word' id='word_1_378' title='bbox 1778 2847 1822 2851; x_wconf 93' lang='lat'>—</span> 
     </span>
     <span class='ocr_line' id='line_1_40' title="bbox 189 2874 804 2918; baseline 0 -9"><span class='ocrx_word' id='word_1_379' title='bbox 189 2877 204 2897; x_wconf 69' lang='lat'>⁴</span> <span class='ocrx_word' id='word_1_380' title='bbox 233 2875 253 2909; x_wconf 80' lang='lat'><strong>7</strong></span> <span class='ocrx_word' id='word_1_381' title='bbox 282 2875 371 2910; x_wconf 85' lang='lat' dir='ltr'>Dec.</span> <span class='ocrx_word' id='word_1_382' title='bbox 403 2875 507 2909; x_wconf 66' lang='lat'>1906.</span> <span class='ocrx_word' id='word_1_383' title='bbox 538 2874 614 2909; x_wconf 84' lang='lat' dir='ltr'>CO.</span> <span class='ocrx_word' id='word_1_384' title='bbox 644 2875 695 2918; x_wconf 76' lang='grc' dir='ltr'>ΙΙ,</span> <span class='ocrx_word' id='word_1_385' title='bbox 723 2876 804 2910; x_wconf 65' lang='grc'>898.</span> 
     </span>
    </p>
   </div>
   <div class='ocr_carea' id='block_1_6' title="bbox 1880 0 1971 3261">
    <p class='ocr_par' dir='ltr' id='par_1_8' title="bbox 1880 0 1971 3261">
     <span class='ocr_line' id='line_1_41' title="bbox 1880 0 1971 3261; baseline 0 0"><span class='ocrx_word' id='word_1_386' title='bbox 1880 0 1971 3261; x_wconf 95' lang='lat' dir='ltr'> </span> 
     </span>
    </p>
   </div>
  </div>
 </body>
</html>
