1971 3261
110 152 203 189 Can.
229 151 300 186 984
682 150 767 183 TtT.
798 150 863 184 Vt.
893 171 904 176 -
932 151 989 186 De
1019 152 1163 186 Ordine
1670 151 1738 186 417

110 274 242 307 nestate
256 269 445 314 requiritur
464 268 499 302 in
518 268 568 304 eis
585 267 724 303 claritas
743 268 929 313 quaedam.
951 280 1019 303 non
1040 270 1080 304 de
1101 270 1304 305 necessitate
1321 270 1528 305 sacramenti
1545 270 1602 305 sed
1623 270 1664 305 de
1684 281 1739 305 ne-

107 329 265 365 cessitate
282 328 465 374 praecepti,
485 332 518 362 ut
539 327 669 362 scilicet
688 327 757 361 sint
780 327 888 362 bonae
910 327 1033 363 famae.
1056 328 1156 362 bonis
1172 328 1325 363 moribus
1351 329 1476 369 ornati,
1504 340 1572 363 non
1602 328 1738 374 publice

109 387 337 435 poenitentes
356 385 488 432 thuia
501 385 706 421 obscuratur
717 385 870 420 hominis
886 386 1026 420 claritas
1037 397 1075 421 ex
1093 387 1213 422 vitiosa
1228 387 1374 431 origine3
1393 387 1468 422 ideo
1485 388 1589 422 ctiam
1609 398 1648 422 ex
1665 387 1737 422 ille-

106 447 228 492 gitimo
243 446 342 480 thoro
358 445 700 491 natiasusceptione
714 444 878 479 ordinum
895 445 1122 490 repelluntur,
1155 446 1221 479 nisi
1249 457 1328 480 cum
1355 446 1404 481 eis
1431 446 1676 492 dispensetur:
1705 451 1735 482 et

108 509 205 541 tanto
233 509 283 541 est
314 503 486 539 difficilior
511 514 629 538 eorum
644 502 872 549 dispensatio,
888 508 1019 548 quanto
1034 515 1151 538 eorum
1168 505 1262 549 origo
1276 510 1325 539 est
1341 505 1473 551 turpior
1494 520 1524 539 ».
1546 504 1641 540 [nde
1656 505 1736 551 quia

112 564 266 600 «dicitur
281 564 315 598 in
335 562 519 598 Deuteron.
540 561 674 606 ᾒΧΧΙΙΙ,
690 562 740 605 2);
759 560 831 596 Non
849 561 1063 606 ingredietur
1079 574 1230 604 manzer,
1247 563 1306 598 hoc
1321 568 1371 599 est
1386 564 1427 599 de
1441 569 1551 599 scorto
1567 569 1681 601 natus.
1702 565 1736 599 in

109 623 294 659 Ecclesiam
325 621 476 661 Domini,
506 632 615 667 usque
640 621 683 657 ad
703 620 876 656 decimam
898 622 1170 664 generationem.
1193 622 1277 665 Ergo
1297 623 1404 658 multo
1423 623 1540 658 minus
1559 623 1738 668 illegitime

108 687 211 718 natus
244 682 343 718 debet
381 681 571 728 promoveri
604 681 647 716 ad
682 680 862 717 ordines...
890 679 928 715 Et
956 685 1047 725 patet
1075 682 1165 726 quod
1195 681 1373 725 illegitime
1403 683 1472 717 nati
1503 694 1570 718 non
1601 687 1738 729 portant

108 742 329 788 iniquitatem
358 741 478 787 patris,
506 751 544 776 ex
574 741 635 775 hoc
654 740 744 786 quod
764 739 973 785 irregulares
993 744 1094 781 sunt:
1117 740 1199 785 quia
1219 740 1454 785 irregularitas
1474 753 1542 777 non
1558 747 1607 778 est
1629 752 1737 788 poena

108 800 284 847 iniquitati
311 800 427 836 debita
449 814 462 831 n
487 801 512 833 1.

226 877 323 921 339.
350 880 420 923 Ex
443 879 638 924 defectu
663 879 899 934 corporis.
921 903 974 907 —
998 877 1192 933 Sequitur
1212 880 1248 919 in
1270 890 1447 922 canone:
1477 894 1496 919 ((
1516 879 1615 922 Sunt
1636 881 1734 922 irre-

105 948 273 1006 gulares
296 962 344 992 ex
370 949 532 992 defectu
558 964 579 988 »
607 947 825 1005 corporali.
848 949 898 990 2⁰
927 946 1111 1005 Corpore
1137 948 1276 990 ritiati
1298 961 1376 991 nou
1402 962 1557 1001 omues,
1576 949 1644 993 sed
1666 950 1737 1007 qui

104 1019 146 1077 a)
190 1033 334 1063 secare
374 1025 550 1077 propter
587 1017 848 1062 debilitatem
891 1018 1067 1062 alicuius
1106 1019 1155 1061 ad
1200 1021 1473 1062 ministerium
1516 1022 1736 1063 necessarii

107 1089 298 1143 membri,
335 1089 376 1146 b)
413 1089 473 1132 rel
504 1088 699 1132 decenter
730 1093 906 1146 propter
938 1087 1267 1147 deformitatem,
1301 1092 1374 1132 etsi
1411 1090 1594 1133 membra
1636 1092 1735 1133 inte·

105 1173 180 1218 gra
215 1160 407 1213 habeant,
441 1165 510 1204 aut
543 1174 565 1204 e
598 1165 741 1203 contra
774 1173 824 1203 ex
860 1158 1036 1203 membri
1071 1159 1248 1203 alicuius
1285 1163 1516 1216 privatione
1561 1160 1626 1204 illa
1666 1161 1736 1204 de—

108 1232 294 1274 formitas
328 1233 558 1287 proveniat,
593 1230 749 1273 altaris
784 1229 1021 1273 mim'stert'o
1054 1229 1231 1288 defanffl'
1264 1230 1420 1288 absque
1455 1231 1637 1287 periculo
1674 1231 1734 1275 vel

105 1314 202 1345 cum
237 1302 389 1345 decore
424 1315 501 1344 non
539 1300 720 1345 caleant.

224 1371 512 1428 lrregularitas
545 1385 593 1414 ex
630 1372 791 1415 defectu
826 1375 885 1414 est
924 1370 1174 1427 «quaedam
1212 1370 1441 1427 ineptitudo
1474 1371 1647 1414 subiecti
1672 1384 1734 1414 or-

105 1442 327 1487 dinationis
362 1447 529 1499 propter
562 1455 684 1499 quam
721 1444 811 1485 iure
843 1443 1044 1485 canonico
1080 1440 1323 1497 prohibetur
1362 1443 1493 1497 ipsum
1538 1441 1589 1485 ab
1628 1442 1735 1485 ordi-

106 1513 226 1557 nibus
272 1513 603 1569 suscipiendis».
652 1512 770 1556 Nunc
820 1525 921 1555 vero
970 1525 1020 1555 ex
1069 1511 1116 1554 D.
1150 1511 1223 1554 Th.
1258 1511 1296 1551 2;
1336 1512 1529 1569 «aliquis
1562 1512 1737 1555 eflicitur

104 1586 266 1641 ineptus
298 1584 348 1627 ad
383 1586 687 1640 susceptionem
722 1583 915 1627 ordinum
955 1582 1017 1626 vel
1053 1582 1582 1639 propterimpedimentum
1608 1587 1735 1637 actus,

108 1655 171 1699 vel
207 1660 373 1712 propter
407 1655 750 1711 impedimentum
786 1653 987 1698 claritatis
1022 1667 1233 1710 personae.
1260 1653 1308 1697 Et
1332 1654 1424 1697 ideo
1445 1656 1644 1710 patientes
1667 1654 1735 1697 de-

104 1726 257 1770 fectum
293 1728 331 1768 iu
384 1725 582 1769 membris
624 1725 909 1782 impediuntur
942 1737 963 1768 a
997 1727 1260 1781 susceptione
1294 1724 1463 1775 ordinis,
1497 1727 1528 1767 si
1563 1726 1612 1766 sit
1648 1723 1738 1767 talis

104 1797 290 1841 delectus
322 1799 391 1854 qui
426 1796 634 1840 maculam
669 1796 893 1840 notabilem
930 1797 1090 1846 inserat,
1126 1809 1198 1852 per
1231 1809 1353 1853 quem
1378 1795 1622 1839 obscuretur
1648 1809 1737 1851 per-

104 1881 229 1912 sonae
260 1868 426 1912 claritas
460 1867 521 1924 (ut
555 1867 754 1911 abscissio
790 1867 910 1924 nasi),
950 1867 1012 1910 vel
1050 1866 1278 1924 periculum
1315 1869 1352 1909 in
1378 1868 1655 1923 exequutione
1680 1868 1734 1908 l'a-

103 1952 199 1983 cere
233 1941 357 1995 possit
381 1954 420 1989 »,
456 1937 584 1981 multo
621 1940 753 1995 magis
775 1940 807 1981 si
834 1937 940 1981 hanc
964 1940 1285 1996 exequutionem
1328 1936 1622 1993 impossibilem
1645 1937 1735 1980 red-

104 2010 191 2064 dat3
231 2009 375 2053 «alias
408 2022 486 2052 non
513 2009 814 2065 impediuntur.
863 2008 974 2053 Haec
1017 2013 1155 2052 autem
1204 2010 1418 2064 integritas
1463 2010 1644 2064 exigitur
1686 2008 1736 2051 de

104 2083 347 2125 necessitate
382 2082 606 2137 praecepti,
639 2080 711 2123 sed
747 2093 827 2123 non
861 2080 912 2124 de
946 2083 1193 2124 necessitate
1228 2082 1476 2122 sacramenti
1502 2094 1540 2118 ».
1577 2077 1735 2122 Hucus-

103 2164 183 2209 que
231 2151 390 2208 Angeh.
442 2151 606 2196 Doctor.
654 2149 727 2196 Cui
777 2151 1029 2195 concordem
1066 2152 1220 2194 referre
1258 2149 1389 2206 placet
1426 2151 1735 2205 responsionem

103 2221 223 2278 Supr.
257 2222 294 2266 S.
329 2219 465 2266 Officii
500 2220 664 2278 Congr·.
701 2221 956 2278 Interrogata
992 2223 1099 2264 enim
1142 2237 1162 2260 «
1188 2234 1282 2262 num
1320 2221 1358 2262 in
1393 2232 1489 2262 casu
1511 2219 1734 2275 praedicto,

104 2292 156 2336 oh
189 2295 475 2336 rescissionem
511 2294 696 2349 integrae
733 2279 880 2336 manus
923 2292 1135 2343 dexterae,
1178 2290 1345 2347 aliquod
1393 2290 1734 2346 impedimentum

104 2363 307 2407 habeatur
344 2375 365 2406 a
404 2376 484 2420 quo
519 2364 749 2420 dispensari
786 2368 965 2421 nequeat
1000 2362 1166 2405 ratione
1204 2360 1448 2404 collationis
1481 2361 1738 2403 sacramenti

108 2433 327 2478 Ordinis»
357 2433 371 2456 ³
406 2447 647 2491 responsum
684 2435 782 2477 fuit:
817 2434 1021 2491 negative.

219 2520 281 2558 Cui
317 2522 529 2558 concordant
559 2526 743 2568 sequentes
769 2532 933 2557 canones,
962 2520 1135 2567 lmprimis
1161 2520 1300 2555 rubrica
1331 2519 1406 2565 ipsa
1434 2519 1502 2554 Tit.
1532 2519 1590 2563 ΞΟ,
1620 2518 1695 2561 Lib,
1725 2519 1735 2555 Ι

105 2594 120 2613 (ι
143 2580 189 2617 De
213 2592 357 2627 corpore
383 2581 512 2615 vitiatis
536 2580 744 2616 ordinandis
769 2581 821 2616 vel
849 2590 918 2615 non
940 2594 954 2612 υ
978 2579 1093 2614 innuit
1114 2589 1184 2613 non
1204 2589 1327 2614 omnes
1351 2578 1488 2614 vitiatos
1506 2578 1645 2614 defectu
1663 2589 1735 2614 cor-

103 2640 193 2686 poris
218 2639 464 2685 comprehendi
491 2650 668 2675 canonum
698 2639 940 2686 prohibitione.
970 2638 1005 2673 Et
1033 2648 1151 2672 revera
1178 2637 1213 2672 in
1241 2648 1317 2683 cap.
1350 2637 1411 2672 ult.
1439 2637 1475 2672 h.
1497 2642 1522 2672 t.
1544 2638 1647 2673 refert
1667 2637 1735 2673 Ho-

105 2698 226 2734 norius
252 2698 312 2734 ΙΙΙ.·
342 2698 528 2734 «Thomas
555 2699 748 2734 monachus
776 2697 965 2744 proposuit,
992 2696 1082 2742 quod
1110 2707 1189 2731 cum
1217 2696 1252 2730 in
1284 2696 1386 2732 annis
1422 2696 1616 2743 puerilibus
1649 2702 1737 2733 esset

101 2757 323 2797 constitutus,
354 2757 526 2803 quaedam
553 2757 654 2793 barra
682 2757 791 2793 ferrea
817 2767 921 2802 super
945 2756 1085 2790 dextrae
1111 2766 1193 2790 suae
1221 2755 1383 2801 pollicem
1413 2755 1551 2791 fortuito
1577 2767 1659 2791 casu
1679 2767 1734 2791 ca-

229 2853 240 2874 ¹
259 2851 316 2887 Ib,
333 2851 380 2886 ad
402 2855 458 2886 lm,
485 2873 529 2877 —
556 2853 569 2874 2
588 2852 724 2896 Suppl.
748 2863 782 2896 q.
802 2850 980 2891 XXXIX,
1000 2861 1034 2883 a.
1056 2850 1077 2883 6
1095 2861 1128 2883 c.
1158 2870 1200 2874 -—
1227 2851 1241 2872 ³
1268 2849 1305 2884 S.
1333 2849 1477 2895 Congr.
1506 2850 1552 2884 de
1579 2850 1733 2895 discipl.

105 2910 266 2933 sacram.
296 2899 498 2935 Dioecesis
523 2899 567 2941 L,
596 2903 610 2933 1
640 2899 716 2933 Iul.
749 2898 850 2933 1913.
880 2896 956 2931 CO.
982 2897 1092 2937 XIII,
1120 2897 1202 2931 437.

189 2977 285 3006 BLAT
308 2992 327 2999 -
353 2977 475 3007 Comm.
504 2978 590 3006 Teu.
616 2976 692 3005 Cori.
717 2976 790 3004 Iur.
816 2975 920 3006 Cau„
1613 2957 1651 3004 27
