1971 3261
15 81 18 148 l

114 114 208 150 Cim.
236 114 328 150 1099
613 113 698 148 Trr.
730 113 815 148 VII.
848 134 860 141 -
890 114 946 149 De
977 115 1236 149 Matrimonz'o

234 232 437 269 Distributio
463 233 706 279 praecedentis
737 234 901 279 trianguli
930 234 966 269 in
994 238 1062 269 tres
1088 238 1285 280 sequentes.

717 349 961 392 catholicus
995 348 1219 391 orientalis

401 851 669 894 acatholicus

1253 859 1523 903 acatholicus

338 922 398 965 oh
433 922 729 966 defectionem

1301 942 1477 984 semper

230 1082 361 1128 Regula
387 1081 439 1118 4³.
470 1082 661 1120 Orientalis
686 1084 876 1120 catholicus
903 1095 981 1119 cum
1008 1083 1200 1119 acatholico
1225 1083 1268 1118 ob
1285 1082 1515 1118 defectionem
1536 1082 1623 1117 ritus
1639 1082 1737 1117 latini

112 1145 250 1177 tenetur
275 1142 318 1177 ob
343 1146 362 1185 ἓ
394 1143 423 1184 l,
452 1143 491 1178 3⁰
518 1148 551 1179 et
580 1143 628 1178 10.

276 1200 313 1235 5³
341 1202 531 1238 Orientalis
556 1203 747 1239 catholicus
773 1215 851 1239 cum
878 1203 1071 1239 acatholico
1097 1213 1238 1249 semper
1262 1213 1331 1238 non
1359 1206 1495 1237 tenetur
1520 1201 1562 1237 ob
1589 1205 1608 1243 ξ,
1638 1201 1668 1243 1,
1699 1200 1736 1235 30

111 1260 232 1305 (unica
257 1261 441 1307 exceptio).

958 1380 1203 1431 catholicus

1101 1553 1148 1763 ,intusum

1130 1808 1371 1854 Orientalis

1113 1881 1385 1927 acatholicus

1158 1964 1338 2009 semper

536 2233 810 2278 acatholicus
832 2269 834 2271 ,

463 2305 525 2350 ob
558 2305 856 2349 defectionem

222 2465 352 2511 Regula
377 2466 432 2500 oa.
452 2463 644 2502 Orientalis
669 2463 881 2499 acatholicus
907 2473 1044 2510 semper
1061 2474 1141 2499 cum
1162 2464 1332 2501 catholico
1357 2465 1446 2501 ritus
1472 2465 1572 2501 latini
1600 2470 1737 2502 tenetur

105 2523 150 2560 ob
179 2528 198 2567 ξ
228 2523 257 2565 l,
277 2526 316 2559 3⁰
341 2535 382 2559 ac
408 2524 458 2560 ⁶2⁰.

225 2583 354 2629 Regula
380 2582 434 2619 7².
463 2582 655 2620 Orientalis
679 2583 898 2618 acatholicus
928 2593 1066 2628 semper
1103 2594 1183 2618 cum
1216 2583 1408 2619 acatholico
1439 2583 1482 2620 ob
1508 2583 1733 2620 defectionem

107 2642 194 2678 ritus
220 2642 319 2678 latini
347 2653 418 2678 non
445 2646 596 2684 tenetur,
621 2646 641 2685 ξ
672 2641 700 2683 l,
728 2640 777 2683 3⁰,
805 2645 824 2684 5
854 2641 883 2676 1.

225 2701 354 2747 Regula
380 2700 432 2737 8³.
460 2700 652 2738 Orientalis
677 2701 892 2737 acatholicus
917 2700 960 2737 ob
986 2700 1218 2737 desectionem
1244 2713 1324 2737 cum
1344 2702 1513 2738 catholico
1530 2702 1618 2737 ritus
1635 2701 1734 2737 latini

107 2766 255 2803 tenetur,
284 2763 303 2808 ἕ
334 2761 363 2803 l,
392 2761 431 2796 30
457 2766 491 2797 et
520 2761 556 2796 1⁰
584 2761 637 2805 (in
664 2772 736 2807 seq.
768 2760 858 2806 fig.).

190 2869 286 2898 BLAT
308 2885 327 2891 -
354 2869 475 2898 Oomm.
505 2870 588 2898 Text.
614 2869 689 2898 eod.
711 2869 785 2898 [nr.
812 2870 896 2898 Can.
1613 2868 1651 2896 41
