1971 3261
118 138 212 174 Can.
240 138 333 174 1099
636 138 720 172 ΤιΤ.
749 137 835 172 VII.
866 157 877 164 -
903 138 960 172 De
987 138 1248 172 Matrimonio
1675 136 1744 171 645

118 262 146 319 ἓ
181 261 217 315 1,
251 273 289 304 n.
325 258 369 302 1⁰
401 260 699 306 contraxerint,
733 262 1011 314 congruenter
1046 260 1299 314 responsioni
1335 258 1373 302 S.
1410 261 1453 303 C.
1489 256 1530 302 C.
1555 258 1603 301 ad
1633 256 1661 299 V
1687 270 1746 301 re-

121 331 201 375 late
233 329 284 374 ad
319 328 445 372 Dec.²”
485 343 504 367 «
528 327 587 370 Ne
623 333 778 371 temere
805 345 821 367 »
848 328 875 368 ¹.

236 400 354 444 Nunc
403 401 482 442 iam
533 398 695 455 plenius
742 411 788 441 ac
839 399 1007 442 brevius
1042 399 1407 456 interpretabimur
1442 402 1741 456 praescriptum

119 472 157 527 ξ’
193 471 231 514 1¹
262 470 339 514 sub
372 483 409 514 n.
442 471 507 513 3⁰.
545 468 786 512 Orientales
819 470 1006 527 quilibet,
1039 472 1128 513 sive
1172 470 1363 514 catholici
1402 472 1492 513 sive
1525 470 1742 513 acatholici

118 547 243 600 atque
275 541 315 584 hi
352 540 541 597 baptizati
578 540 641 584 vel
678 554 755 583 non
792 540 996 595 baptizati,
1020 542 1090 584 sed
1120 543 1156 583 vi
1181 540 1344 585 Codicis
1376 541 1452 585 sub
1485 541 1743 584 conditione:

118 615 156 656 si
188 627 279 655 cum
322 611 472 655 latinis
514 610 768 654 contrahant
812 610 890 654 ltac
924 612 1064 668 forma
1108 611 1328 655 adstrictis
1364 612 1536 661 scilicet,
1570 611 1613 668 a)
1648 625 1741 654 cum

118 682 333 727 catholicis
365 695 532 738 semper
565 687 732 738 propter
763 681 791 740 ξ
826 682 843 724 1
884 684 921 724 in
961 682 1124 725 <luobus
1157 688 1309 738 praec.S
1343 684 1539 727 numeris,
1575 682 1614 732 b)
1648 695 1741 725 cum

117 753 358 798 acatholicis
390 766 441 796 ex
475 753 706 796 detectione
734 753 1021 796 tautummodo
1054 753 1276 796 orientales
1308 755 1397 796 sive
1430 752 1622 796 catholici
1656 754 1745 795 sive

118 824 334 868 acatholici
370 838 420 868 ex
460 824 705 867 detectione.

237 896 332 939 502.
372 897 624 942 Personae
655 897 719 940 ad
751 896 961 941 formam
996 897 1042 940 in
1077 896 1373 940 matrimonii
1408 895 1743 940 celebratione

98 965 417 1014 'servandam
450 968 706 1023 obligatae
737 970 831 1008 sunt
865 965 1050 1019 eaedem,
1085 977 1191 1022 quae
1226 967 1264 1007 in
1301 967 1389 1007 iure
1426 964 1536 1008 Dec.¹
1566 979 1585 1004 <1
1609 963 1667 1007 Ne
1692 968 1747 1006 te-

118 1051 276 1081 mere»
319 1050 367 1081 ac
415 1036 756 1094 subsequentium
806 1035 1156 1089 Declarationum,
1208 1040 1249 1078 ut
1299 1036 1439 1091 patefit
1486 1048 1534 1077 ex
1586 1034 1742 1090 analysi

117 1123 208 1152 can.
244 1110 363 1151 1099
398 1107 509 1163 (bis).
542 1107 570 1166 ξ
607 1106 725 1151 [Ad
757 1111 962 1149 statutam
995 1106 1190 1160 superias
1213 1105 1265 1150 ab
1291 1108 1405 1149 initio
1438 1106 1591 1161 Capitis
1617 1118 1744 1162 usque

117 1179 166 1223 ad
194 1179 303 1222 hunc
325 1191 526 1222 canonem
550 1179 732 1235 sormam
755 1176 1047 1221 celebrationis
1082 1178 1331 1220 matrimonii
1367 1176 1598 1232 eodemque
1624 1175 1745 1217 modo

117 1249 366 1293 sermmdam
404 1253 597 1292 tenentur
633 1250 669 1290 vi
707 1248 828 1291 huius
859 1251 1052 1291 canonis:
1090 1274 1141 1278 -
1178 1248 1217 1290 10
1257 1246 1407 1289 Omnes
1440 1246 1594 1303 absque
1629 1259 1746 1289 exce-

119 1323 255 1377 ptione
288 1322 327 1375 a)
360 1320 403 1362 jn
436 1318 644 1362 catholica
678 1318 869 1362 Ecclesia
903 1318 1107 1376 baptizali
1144 1318 1291 1372 valide5
1327 1331 1498 1374 nempe:
1537 1317 1598 1360 vet
1624 1329 1644 1360 a
1670 1318 1743 1359 mi-

115 1394 244 1435 nistro
277 1391 482 1435 catholico
515 1393 589 1433 etsi
626 1390 742 1444 laico,
781 1389 843 1432 vel
877 1392 910 1433 si
944 1389 995 1433 ab
1029 1390 1108 1433 alio
1144 1389 1219 1432 bac
1252 1403 1347 1432 cum
1391 1391 1629 1433 intentione.
1665 1400 1743 1430 non

116 1462 248 1506 solum
282 1462 458 1506 faciendi
494 1461 602 1518 quod
640 1462 735 1504 facit
768 1460 952 1504 Ecclesia
989 1460 1187 1516 implicite
1220 1459 1438 1510 catholica,
1461 1459 1531 1502 sed
1560 1458 1655 1502 huic
1679 1470 1745 1514 ag-

115 1533 316 1590 gregandi
352 1532 602 1589 baptizatum
635 1531 780 1575 saltem
816 1534 1042 1575 intentione
1076 1530 1288 1587 implicita,
1322 1535 1359 1573 et
1395 1530 1432 1573 id
1468 1535 1574 1573 esset
1596 1543 1645 1573 ex
1670 1531 1746 1572 cir-

117 1606 378 1649 cumstantiis
410 1603 657 1658 eruendum,
693 1602 736 1660 b)
770 1608 808 1645 et
842 1602 897 1645 ad
929 1616 1018 1645 eam
1054 1616 1105 1645 ear
1138 1601 1304 1645 haeresi
1338 1607 1410 1644 aut
1442 1600 1678 1650 schismate,
1706 1603 1743 1642 in

116 1689 292 1734 quarum
327 1680 438 1718 secta
473 1676 555 1717 nati
589 1678 684 1717 sunt
716 1686 763 1717 ac
803 1673 1009 1730 baptizati,
1044 1673 1247 1723 conversi,
1283 1673 1320 1715 hi
1357 1675 1464 1715 enim
1500 1672 1576 1715 sub
1611 1672 1742 1714 littera

117 1748 160 1803 a)
194 1760 273 1789 non
308 1745 778 1802 comprehendet-entur,
812 1758 859 1788 ac
891 1744 1018 1788 semel
1055 1744 1151 1788 huic
1185 1745 1342 1787 formae
1379 1743 1610 1786 servandae
1644 1741 1744 1785 obli·

117 1820 199 1875 gati
235 1817 286 1860 ob
318 1816 617 1860 subiectionem
656 1817 879 1873 praefatam
915 1828 1013 1872 erga
1048 1815 1293 1867 Ecclesiam,
1321 1827 1486 1870 semper
1521 1812 1744 1856 manebunt

117 1888 302 1945 obligati,
336 1901 407 1931 seu
445 1892 487 1930 ut
522 1890 784 1944 prosequitur
817 1899 971 1930 canon:
1012 1885 1107 1928 lice!
1141 1885 1227 1927 sire
1261 1884 1304 1927 lzi
1341 1886 1622 1928 «conversi»
1660 1883 1746 1925 sice

116 1959 186 2002 illi
222 1958 504 2015 «baptizati»
543 1958 592 2001 ab
625 1957 767 2001 eadem
809 1962 955 2015 postea
999 1955 1230 2014 defecerint
1264 1969 1435 2011 nempe:
1471 1957 1636 2012 propria
1676 1968 1744 1995 vo-

118 2031 296 2085 luntate3
331 2029 503 2087 proinde
536 2029 579 2086 a)
613 2028 803 2073 catholici
839 2027 877 2084 b)
913 2032 951 2071 et
974 2027 1192 2071 acatholici
1228 2040 1278 2070 ex
1312 2027 1560 2079 defectione,
1588 2024 1649 2068 vel
1675 2027 1743 2082 qui

116 2104 281 2146 suerunt
315 2104 495 2157 primum
530 2099 745 2146 catholici;
785 2115 807 2140 c<
830 2112 974 2142 omnes
998 2114 1016 2139 r,
1057 2100 1182 2154 igitur
1207 2097 1404 2154 praedicti
1441 2097 1602 2155 quoties
1637 2097 1747 2138 inter

116 2188 160 2217 se
193 2172 511 2216 matrimonimn
545 2171 703 2225 ineunt,
738 2170 847 2228 quod
885 2169 988 2213 bene
1020 2169 1260 2221 adnotetur,
1285 2167 1464 2212 scilicet:
1490 2168 1623 2224 quoad
1662 2179 1745 2210 ma-

117 2247 310 2288 trimonia
346 2246 452 2286 inter
484 2242 711 2286 catholicos
743 2247 851 2296 actu5
887 2243 993 2284 inter
1026 2239 1100 2283 hos
1142 2253 1235 2283 cum
1280 2239 1520 2283 acatholicis
1552 2253 1599 2282 ex
1637 2238 1744 2281 slet'e-

116 2318 252 2360 ctione
285 2320 408 2373 atque
442 2317 549 2357 inter
583 2313 655 2357 bos
688 2312 952 2367 acatholicos,
990 2311 1209 2355 videlicet:
1245 2313 1312 2368 qui
1338 2311 1577 2354 deiecerunt
1602 2310 1652 2353 ab
1677 2309 1748 2353 Ec-

118 2387 241 2431 clesia
276 2385 495 2429 catholica.

235 2458 283 2500 20
319 2455 462 2501 Iidem.
496 2455 547 2499 cte
579 2456 727 2514 quibas
758 2469 901 2514 snpra,
927 2455 1095 2498 exclusa
1132 2454 1393 2510 parenthesi:
1435 2469 1455 2494 «
1476 2453 1568 2497 licet
1594 2456 1683 2497 sive
1707 2453 1747 2496 hi

115 2531 206 2572 sive
238 2527 294 2570 illi
329 2527 381 2571 ab
414 2527 558 2571 eadem
595 2532 732 2584 postea
767 2527 992 2570 (letecerint
1018 2542 1058 2577 »,
1092 2539 1162 2569 seu
1199 2530 1240 2569 ut
1274 2525 1409 2569 aiebat
1443 2524 1589 2569 Det-2²¹2
1629 2541 1649 2564 «
1675 2537 1747 2580 pro

118 2599 263 2643 iisdem
299 2599 350 2642 de
383 2599 534 2656 quibus
566 2611 690 2655 supra
725 2597 996 2641 catholicis».
1032 2601 1152 2653 prout
1186 2596 1339 2653 patebit
1375 2598 1412 2638 in
1446 2597 1748 2639 commentario

118 2669 146 2728 ἓ
179 2670 215 2722 ’2,
249 2670 287 2712 si
319 2684 409 2712 cum
443 2668 694 2713 acatholicis
731 2668 948 2711 videlicet:
983 2670 1052 2725 qui
1097 2680 1311 2725 nunquam
1351 2668 1516 2710 fuerunt
1554 2665 1745 2710 catholici

118 2740 202 2798 (vel
238 2745 406 2798 propter
441 2740 689 2797 baptismum
726 2742 763 2782 in
798 2738 982 2782 Ecclesia
1009 2738 1212 2782 catholica
1241 2737 1303 2781 vel
1328 2738 1378 2781 ad
1405 2750 1494 2781 eam
1521 2735 1747 2791 conversi),

236 2894 248 2916 1
278 2895 294 2927 l
323 2893 415 2928 Feb.
448 2893 553 2928 1908.
579 2893 627 2926 A.
657 2892 694 2927 S.
725 2891 761 2926 S.
793 2892 898 2933 XLI,
931 2892 1007 2927 108.
