1971 3261
115 150 207 186 Can.
237 150 441 185 loca-1070
632 149 716 184 Tl'r.
748 150 833 184 VII.
863 170 874 175 —
894 150 951 185 De
978 151 1238 185 Man-monio
1677 151 1746 185 575

115 270 245 314 divini
280 269 562 313 authenticam
596 269 919 313 declarationem
955 270 1241 325 doctrinalem,
1277 272 1352 314 etsi
1377 270 1426 313 ad
1449 270 1616 313 modum
1643 269 1746 326 legis

116 342 384 398 propositam,
419 339 514 384 hinc
550 353 623 396 per
655 353 698 384 se
730 340 964 397 applicatur
997 343 1120 385 etiam
1157 341 1248 396 illis,
1282 343 1351 396 qui
1384 345 1500 384 extra
1525 340 1743 384 ecclesiam

116 409 362 454 catholicam
402 415 637 464 versantur,
671 413 831 454 etiamsi
877 413 955 454 iuri
1000 410 1292 454 matrimoniali
1337 414 1537 454 canonico
1570 410 1743 454 subiecti

115 493 193 524 non
227 482 321 535 sint,
356 483 438 523 imo
472 493 549 524 nec
584 480 787 537 baptizati.

234 552 331 596 467.
368 554 769 609 Impedimentum
804 554 1114 610 disparitatis
1137 555 1310 600 cultus.
1334 579 1385 583 ——
1405 552 1544 597 Canon
1567 565 1748 610 sequens

115 627 159 666 ut
181 622 245 666 lex
272 622 522 666 universalis
545 625 698 679 scripta
723 636 857 666 novus
881 629 953 679 est,
978 627 1173 681 quamvis
1198 624 1273 667 hoc
1299 624 1640 681 impedimentum
1665 636 1744 679 qua

114 693 315 737 dirimens
348 693 444 737 inde
478 693 529 737 ab
564 696 679 737 initio
712 694 867 738 saeculi
903 693 973 737 Xll
1010 700 1220 751 receptum
1258 694 1410 752 ubique
1445 697 1580 745 t'nerit,
1605 698 1745 751 etqua

115 764 349 821 impediens
381 767 433 808 sit
469 778 712 822 expressum
749 767 786 808 in
820 764 948 821 Epist.
983 765 1028 810 D.
1067 766 1177 809 l'auli
1204 767 1231 807 ¹.
1281 766 1453 809 «Nolite
1497 768 1638 822 iugum
1672 765 1746 808 ‹lu-

114 847 209 878 cere
244 847 337 878 cum
375 834 627 880 infidelibus.
663 833 780 888 Quae
812 837 920 879 enim
957 837 1218 893 participatio
1253 839 1431 880 iustitiae
1468 849 1561 880 cum
1598 837 1744 891 iniqui-

114 906 228 949 tate?
261 905 344 949 Aut
376 919 484 964 quae
517 909 694 950 societas
729 906 808 950 luci
843 907 892 950 ad
929 906 1196 952 tenebi·as·?...
1241 907 1323 951 Aut
1365 920 1472 965 quae
1507 919 1601 963 pars
1633 905 1743 949 tideli

113 989 207 1020 cum
244 976 492 1020 infidelia».
526 977 708 1021 Traditio
741 980 850 1021 enim
891 978 1014 1022 verba
1052 977 1153 1022 haec
1188 978 1372 1035 Apostoli
1398 983 1457 1021 est
1478 981 1744 1034 interpretata

115 1048 167 1092 de
199 1047 283 1092 sola
334 1047 624 1104 prohibitione,
661 1051 713 1092 ita
748 1053 790 1092 ut
825 1051 862 1092 in
904 1062 1002 1092 casu
1051 1049 1328 1092 contumeliae
1361 1048 1568 1093 Creatoris
1615 1050 1750 1092 matri-

116 1121 299 1162 monium
337 1120 439 1162 foret
475 1118 662 1163 illicitum
698 1122 786 1163 iure
819 1120 962 1163 divino
1005 1125 1129 1177 atque
1173 1122 1348 1176 positiva
1392 1120 1575 1176 Apostoli
1616 1118 1748 1175 prohi-

120 1190 298 1243 bitione,
324 1192 412 1233 sine
433 1190 684 1234 contumelia
709 1195 846 1234 autem
872 1189 1078 1235 Creatoris
1102 1191 1289 1235 illicitum
1311 1197 1499 1234 maneret
1515 1190 1601 1233 solo
1623 1193 1749 1233 vetito

115 1260 371 1317 apostolicos
392 1261 500 1319 quod
536 1260 748 1305 Romanus
773 1262 955 1305 Pontifex
982 1262 1222 1319 dispensare
1248 1267 1390 1318 potest.
1412 1262 1517 1305 Huic
1535 1262 1748 1305 doctrinae

115 1336 351 1388 congruunt
375 1344 583 1375 canonum
610 1334 878 1389 praescripta.
906 1358 958 1363 ——
987 1331 1087 1376 Can.
1114 1335 1246 1377 1070.
1270 1335 1298 1391 εξ
1321 1336 1355 1375 J.
1380 1332 1554 1377 Nullum
1578 1337 1639 1375 es!
1664 1346 1748 1374 ma-

116 1402 376 1458 trimonium,
410 1415 480 1445 seu
517 1416 596 1445 non
617 1405 756 1446 existit
792 1404 1002 1447 vinculum
1029 1409 1303 1455 contractum,
1328 1417 1500 1459 nempe:
1526 1403 1634 1460 quod
1661 1416 1750 1459 pro-

116 1474 237 1518 cedat
271 1487 320 1517 ex
357 1474 651 1518 matrimoniali
685 1479 918 1529 contractu,
951 1480 1091 1532 utpote
1130 1477 1198 1533 qui
1224 1480 1285 1518 est
1309 1477 1449 1518 irritus
1473 1475 1524 1518 ol)
1547 1475 1749 1518 dirimens

117 1544 482 1601 impedimentum,
515 1545 683 1603 quando
708 1548 870 1590 ineatur
894 1560 917 1588 a
936 1560 1122 1604 persona
1146 1550 1188 1599 a)
1212 1560 1291 1589 nen
1315 1545 1528 1603 baptizata
1552 1546 1603 1589 de
1627 1547 1748 1600 t'acto,

114 1620 185 1659 aut
220 1614 369 1667 valide,
403 1617 492 1659 sive
525 1617 576 1659 sit
612 1618 676 1659 vir
708 1618 798 1660 sive
832 1616 996 1671 mulier,
1030 1630 1119 1659 eum
1152 1630 1334 1674 persona
1370 1616 1411 1673 b)
1449 1615 1583 1660 valide
1616 1614 1750 1673 Impli-

116 1690 210 1729 zata
243 1686 282 1742 c)
315 1686 359 1729 in
394 1685 589 1730 Ecclesia
623 1685 833 1731 catholiea
866 1687 1045 1732 scilicet:
1081 1700 1103 1731 3
1138 1689 1326 1731 ministro
1365 1689 1501 1731 forsan
1536 1687 1654 1739 laico,
1676 1688 1747 1730 sed

114 1759 185 1814 qui
221 1756 470 1814 baptismum
511 1758 686 1802 intendit
719 1759 908 1802 conferre
943 1763 1064 1816 prout
1097 1759 1220 1803 datur
1253 1761 1291 1802 in
1326 1772 1388 1813 ea,
1423 1761 1582 1816 ipsique
1619 1758 1747 1801 adnu-

117 1841 281 1872 merans
315 1828 578 1885 baptizatum,
611 1829 679 1872 vel
711 1829 756 1887 d)
791 1829 846 1873 ad
879 1829 1052 1873 eandem
1077 1842 1226 1887 nempe
1248 1829 1496 1873 catholicam
1520 1828 1748 1873 Ecclesiam

113 1899 363 1943 disiunctive
397 1914 448 1943 ex
481 1899 649 1943 haeresi
680 1900 857 1945 scilicet:
891 1914 940 1944 ex
976 1914 1116 1945 errore
1143 1901 1324 1957 professo
1363 1905 1506 1944 contra
1539 1900 1663 1943 tidem
1687 1912 1751 1943 ca-

114 1969 310 2014 tholicam
345 1973 435 2015 sive
470 1973 508 2014 in
542 1976 654 2015 secta
691 1971 752 2016 vel
788 1977 904 2016 extra
939 1984 1045 2027 eam,
1080 1976 1154 2014 acet
1186 1970 1412 2014 schismate
1445 1970 1662 2015 videlicet:
1699 1984 1749 2014 ex

114 2044 378 2099 separatione
412 2042 547 2100 quoad
582 2042 883 2087 subiectionem
919 2056 1017 2100 erga
1050 2043 1283 2088 Romanum
1325 2043 1566 2086 Pontilicem
1589 2044 1679 2085 sive
1710 2044 1748 2085 in

116 2112 290 2156 ecclesia
324 2113 589 2157 schismatica
626 2113 688 2157 vel
724 2118 841 2158 extra
875 2126 980 2169 eam,
1016 2127 1215 2157 eom-ersa
1248 2113 1346 2157 dum
1383 2115 1496 2170 prius
1534 2112 1610 2156 sub
1651 2112 1751 2156 alte-

117 2187 231 2227 rutra
268 2184 406 2228 valide
441 2183 642 2241 baptizata
676 2186 762 2229 suit.
797 2184 881 2229 Nec
915 2185 1143 2243 quidquam
1179 2187 1349 2228 interest
1381 2184 1431 2228 ad
1457 2183 1745 2240 impedimenti

116 2254 225 2312 quod
261 2257 407 2299 attinet
442 2257 646 2313 vigorem,
679 2259 712 2300 si
747 2269 854 2300 unus
888 2256 952 2300 vel
987 2256 1091 2300 alter
1125 2261 1264 2313 postea
1297 2256 1465 2299 deliciat
1488 2255 1539 2299 ab
1563 2254 1747 2298 Ecclesia

115 2323 333 2369 catholica.
370 2324 502 2370 Verba
537 2329 662 2383 enim,
696 2326 848 2385 quibus
892 2339 1066 2384 persona
1113 2326 1312 2384 baptizata
1347 2329 1385 2369 in
1419 2338 1576 2370 canone
1615 2325 1750 2369 deter-

116 2397 314 2452 minatur,
347 2399 590 2453 exprimunt
623 2399 744 2453 facta,
768 2410 874 2456 quae
899 2411 972 2454 per
995 2397 1101 2442 hanc
1124 2397 1398 2442 delectionem
1419 2410 1498 2440 non
1524 2401 1749 2450 mutantur,

115 2471 155 2510 et
188 2466 356 2511 aliunde
390 2480 566 2524 persona
616 2468 683 2512 illa
728 2471 787 2513 sic
835 2468 1035 2512 deficiens
1088 2468 1448 2513 «christianorum
1483 2468 1628 2511 officiis
1651 2483 1672 2507 »
1713 2469 1750 2509 vi

115 2543 227 2581 6311.Β
260 2537 313 2581 87
348 2542 488 2582 manet
510 2538 702 2583 obnoxia.

235 2618 292 2656 Sic
318 2620 592 2657 determinatum
619 2622 685 2657 hoc
703 2622 1011 2668 impedimentum,
1039 2628 1213 2669 quatenus
1240 2623 1309 2657 vim
1336 2621 1663 2668 recipitdirimendi
1685 2603 1752 2656 ma-

116 2678 326 2714 trimonium
354 2679 428 2716 iure
453 2680 636 2723 canonico,
665 2692 736 2717 non
763 2681 868 2718 afficit
894 2687 1126 2729 protestantes
1150 2682 1306 2728 aliosque
1332 2682 1445 2717 valide
1459 2681 1650 2728 baptizatos
1664 2690 1750 2715 non-

117 2737 200 2773 dum
228 2737 271 2773 ad
297 2737 485 2775 Ecclesiam
513 2750 709 2782 converSOS,
727 2741 755 2775 si
775 2741 986 2777 contrahant
1005 2741 1271 2777 matrimonium
1289 2753 1369 2778 cum
1389 2752 1537 2789 persona
1554 2751 1624 2776 non
1640 2739 1751 2785 bapti·

117 2800 206 2837 zata,
233 2796 325 2842 quod
354 2796 442 2833 bene
469 2802 621 2843 notetur,
650 2799 733 2845 quia
759 2799 795 2834 in
822 2799 897 2836 iure
923 2801 1052 2846 praec.i
1079 2799 1240 2837 Doctores
1275 2800 1491 2837 definiebant
1518 2800 1581 2835 hoc
1608 2797 1751 2844 impedi-

235 2905 246 2925 1
274 2904 316 2937 2³
342 2903 390 2938 ad
418 2904 598 2940 Corinth.
627 2917 659 2941 c.
682 2906 748 2941 VI.
771 2918 807 2941 v.
835 2907 890 2941 14.
