1971 3261
130 153 222 189 Can.
252 153 344 188 1006
451 172 462 178 ,.
706 151 788 185 Tir.
818 151 878 186 VI.
905 171 915 176 -
951 151 1008 186 De
1038 152 1183 186 Ordine
1696 151 1764 185 477

250 274 277 331 ξ
311 273 349 315 4.
390 271 530 315 Prima
568 277 742 315 tonsura
777 271 957 329 quolibet
992 271 1060 315 die
1083 277 1121 314 e!
1145 270 1248 315 liora
1272 274 1360 315 sine
1390 275 1649 328 exceptione,
1675 288 1767 316 eou-

135 343 245 402 ferri
274 349 426 401 potest,
460 357 507 386 ac
541 343 742 399 implicite
781 359 799 383 «
820 345 944 386 etiam
981 348 1096 386 extra
1123 342 1339 386 Missarum
1379 343 1639 397 solemnia»,
1663 346 1769 387 sicut

134 418 328 458 enunciat
364 414 476 458 l'ont.
513 413 628 458 Rom.
663 413 740 470 (De
774 414 927 457 clerico
953 414 1162 470 faciendo)
1188 413 1382 471 idemque
1405 417 1552 457 asserit
1581 431 1599 453 «
1620 415 1670 457 de
1697 417 1769 457 mi-

135 485 305 529 noribus
323 484 540 528 ordinibus
558 500 603 537 »ς
631 485 740 541 quod
766 498 815 528 ex
841 487 1078 538 omissione,
1102 485 1201 527 dum
1227 487 1482 528 contrarium
1508 487 1581 528 luit
1605 499 1772 541 expres-

134 570 225 600 sum
260 559 297 598 in
331 556 358 614 ξ
393 555 429 611 Q,
455 556 727 599 contirmatur
750 569 771 599 a
798 560 1074 613 prosequente
1097 556 1143 614 §⁰
1169 555 1218 598 4:
1255 554 1425 598 ordines
1460 556 1643 599 minores
1676 569 1774 614 qua-

135 633 228 671 tuor
262 630 300 670 in
335 639 424 671 can.
460 627 542 670 949
580 629 786 676 recensiti,
830 627 976 683 supple
1015 643 1034 667 «
1054 628 1232 670 conferri
1267 632 1476 683 possunt»
1514 627 1555 684 a)
1590 627 1772 685 siuyulis

136 698 279 742 diebus
312 697 536 741 dominicis
571 697 612 754 b)
648 703 686 740 et
717 697 841 753 festis
873 697 1128 755 duplicibus,
1159 711 1282 740 mune
1322 702 1474 749 lumen,
1518 701 1686 741 ‹unnino
1731 703 1773 741 ut

131 771 277 830 *statuit
311 768 424 813 Pont.
459 768 591 820 Rom„
617 774 874 826 quapropter
910 771 1022 825 viget
1047 769 1332 824 interpretatio
1356 768 1585 811 Auctor-um
1606 768 1772 812 sullulta

136 839 424 883 Declaratione
458 841 525 882 cit.
560 840 598 882 S.
633 838 784 895 Congr.
820 839 1003 883 Rituum.
1331 877 1334 887 ,
1769 866 1772 869 <

256 910 298 953 In
322 922 412 967 cap.
439 911 461 952 2
487 910 537 953 de
562 910 819 967 temporibus
843 911 1197 954 ordinationum...
1224 911 1303 969 (tit.
1333 912 1375 954 ll
1406 910 1493 954 Lib.
1520 910 1551 967 l)
1578 911 1695 954 Alex.
1724 911 1773 954 lll

137 984 193 1026 ait
226 981 429 1038 Episcopo
454 980 709 1028 Hertorden:
750 997 770 1022 <t
789 983 894 1025 Sane
929 995 1056 1038 super
1088 996 1136 1025 eo
1171 983 1278 1039 quod
1307 985 1432 1025 moris
1456 996 1545 1025 esse
1569 982 1708 1025 dixisti
1737 984 1774 1025 in

69 1112 71 1114 ³
138 1052 325 1097 ecclesiis
358 1051 607 1109 quibusdam
644 1052 806 1096 Scotiae
839 1057 879 1096 et
916 1051 1082 1107 Valliae,
1120 1055 1157 1095 in
1202 1052 1537 1096 dedicationibus
1581 1053 1776 1096 ecclesia-

140 1137 229 1167 rum
269 1123 330 1167 vel
365 1123 559 1166 altarium
594 1128 711 1167 extra
746 1126 898 1167 ieiunia
933 1129 1113 1181 quatuor
1147 1129 1399 1180 temporum,
1433 1123 1610 1167 clericos
1644 1124 1694 1167 ad
1719 1136 1778 1167 sa-

139 1208 231 1239 cros
264 1194 432 1238 ordines
467 1207 729 1251 promovere.
762 1195 1058 1252 Signiticamus
1091 1195 1201 1252 quod
1237 1195 1494 1239 consuetudo
1526 1194 1591 1238 illa
1619 1195 1779 1252 (utpote

140 1268 384 1309 institutioni
419 1265 727 1309 ecclesiasticae
761 1267 945 1323 inimica)
980 1270 1041 1310 est
1077 1268 1238 1322 penitus
1273 1266 1546 1322 improbanda
1574 1282 1613 1317 )),
1637 1279 1684 1309 ac
1717 1280 1776 1310 se-

140 1338 281 1394 quitur
314 1349 540 1393 poenarum
575 1338 825 1390 enunciatio‚
863 1349 971 1394 quae
1005 1351 1083 1380 non
1117 1343 1214 1381 sunt
1248 1337 1487 1394 abrogatae.
1524 1337 1611 1380 Non
1656 1351 1778 1381 secus

140 1420 187 1451 ac
222 1409 260 1450 in
296 1407 373 1451 hoc
407 1410 554 1464 capite,
590 1407 777 1451 decernit
810 1408 838 1466 ξ
873 1409 910 1452 5.
946 1407 1214 1466 Reprobutur
1247 1408 1502 1452 cousuetudo
1537 1414 1683 1451 contra
1717 1422 1781 1451 oi·-

141 1477 409 1522 diuuessiouum
446 1484 646 1536 tempora,
682 1493 760 1522 non
795 1479 930 1523 solum
963 1480 1100 1537 quoad
1135 1479 1312 1524 clericos
1345 1480 1395 1523 ad
1430 1493 1572 1523 sacros
1615 1479 1782 1523 ordines

142 1549 463 1606 promovendos,
490 1554 531 1593 ut
556 1552 592 1592 in
621 1550 704 1605 uto,
722 1551 792 1594 sed
810 1550 1163 1608 praecedentibus
1177 1550 1473 1609 puraqraplzis
1486 1551 1784 1609 praescripta,·

144 1620 317 1677 proinde
350 1621 608 1664 consuetudo
642 1621 794 1665 alicubi
821 1622 1096 1677 promovendi
1131 1622 1181 1665 ad
1208 1623 1377 1666 ordines
1401 1625 1585 1665 minores
1608 1623 1706 1665 seria
1737 1620 1784 1664 Vl

146 1704 318 1748 vespere
336 1696 429 1735 ante
452 1691 671 1736 sabbatum
699 1698 878 1750 quatuor
897 1697 1132 1750 temporum
1159 1698 1407 1752 «tamquam
1429 1695 1530 1737 iuris
1547 1693 1783 1750 corruptela

143 1764 391 1819 corrigatur,
427 1762 523 1806 licet
555 1766 606 1806 sit
641 1763 999 1815 immemorabilis,
1036 1778 1142 1807 neve
1176 1766 1337 1808 sinatur
1371 1767 1409 1807 in
1446 1769 1654 1821 posterum
1683 1766 1787 1807 revi-

148 1835 347 1877 viscere»
387 1833 495 1891 (can.
533 1833 598 1891 5);
636 1836 718 1878 imo
752 1837 809 1878 uti
847 1840 1089 1879 contentum
1124 1835 1201 1879 sub
1235 1837 1480 1892 exceptione
1515 1841 1622 1878 can.⁸
1661 1835 1672 1877 1
1716 1834 1783 1878 ha—

145 1903 326 1948 bendum
351 1910 411 1948 est
433 1918 611 1962 sequens
634 1910 861 1949 statutum:
888 1920 995 1964 quae
1023 1922 1042 1947 ((
1065 1911 1294 1963 tempora»
1324 1906 1504 1950 indicata
1533 1905 1653 1962 paulo
1678 1910 1787 1959 autc,

144 1975 354 2019 servanda
387 1990 549 2034 quoque
581 1982 694 2030 sunl,
720 1991 811 2020 cum
848 1976 1084 2035 Episcopus
1110 1977 1240 2020 latini
1261 1977 1388 2032 ritas,
1411 1977 1658 2020 eiusdemve
1684 1979 1788 2019 ritus

150 2045 379 2090 «Vicat-ius
413 2060 459 2091 ac
496 2048 734 2091 Praefectus
768 2048 1047 2104 Apostolicus,
1085 2047 1226 2092 Abbas
1262 2048 1324 2091 vel
1353 2048 1565 2091 Praelatus
1588 2047 1783 2091 nullius»

146 2117 196 2161 ad
232 2131 420 2162 normam
454 2131 529 2162 can
566 2119 663 2173 957,
698 2118 872 2162 ordinat
905 2133 957 2162 ex
991 2118 1222 2177 apostolico
1256 2118 1556 2175 i'udulto,iian1
1591 2121 1680 2162 sine
1710 2118 1788 2161 hoc

146 2294 295 2325 ractere
333 2291 545 2335 episcopali
585 2291 794 2336 insignitis
835 2292 976 2336 (Form.
1010 2291 1115 2335 mai.)
1156 2291 1325 2326 facultas
1371 2288 1677 2326 «Conferendi»
1710 2293 1791 2335 (per

148 2338 308 2382 seipsos,
337 2350 428 2372 nam
453 2338 674 2384 denegatur
699 2344 875 2384 potestas
902 2339 1012 2373 illam
1039 2338 1340 2384 subdelegandi)
1367 2339 1472 2374 iusta
1498 2339 1544 2373 de
1569 2349 1686 2373 causa
1707 2344 1790 2379 (seu

147 2386 443 2430 proportionata
457 2387 796 2431 praeter-missioni
811 2386 1089 2421 observantiae
1104 2387 1295 2430 canonis),
1312 2398 1448 2421 omnes
1465 2397 1596 2422 sacros
1616 2386 1792 2425 Ordines,

149 2432 275 2477 <nullo
302 2437 478 2478 excepto,
514 2440 674 2478 propter
712 2433 815 2479 quod
853 2433 1039 2477 additur):
1068 2434 1190 2468 etiam
1217 2434 1557 2480 Presbyteiatum,
1585 2435 1680 2478 (non
1709 2434 1792 2477 qui-

151 2479 237 2514 dem
272 2479 382 2514 «duo
409 2481 508 2515 sacri
535 2481 693 2515 ordines
720 2493 799 2515 uno
826 2481 1038 2526 eodemque
1058 2480 1119 2515 die
1140 2495 1153 2510 2
1186 2482 1285 2525 [can.
1306 2482 1377 2516 978
1405 2485 1424 2524 ἓ
1450 2482 1485 2526 3]
1518 2481 1586 2516 sed
1613 2480 1793 2518 diversis)

151 2526 289 2561 diebus
314 2526 528 2569 ferialibus,
559 2529 634 2562 etsi
661 2529 864 2562 continuis
885 2545 897 2558 »
930 2540 966 2563 v.
986 2541 1043 2574 gr.
1069 2528 1179 2562 feriis
1197 2529 1251 2570 ΙΙ,
1271 2529 1332 2563 111
1350 2534 1391 2563 et
1412 2529 1478 2563 [V.
1502 2551 1544 2555 —
1566 2528 1666 2570 Quia
1698 2543 1711 2557 «
1734 2527 1793 2561 Vi>

151 2574 246 2608 carii
273 2578 313 2608 et
347 2574 541 2609 Praefecti
582 2576 708 2620 Aplci.
738 2577 805 2621 qui
832 2575 1056 2610 charactere
1091 2576 1300 2621 episcopali
1327 2580 1476 2620 carent,
1519 2574 1794 2620 (solummodo)

150 2625 318 2666 possunt
356 2622 522 2666 primam
563 2633 764 2658 tonsuram
791 2628 831 2658 et
858 2623 1016 2657 ordines
1042 2623 1215 2658 minores
1247 2623 1425 2658 conferre
1442 2640 1455 2654 ι
1488 2624 1670 2665 (can.294
1697 2626 1716 2664 ἕ
1743 2623 1793 2665 2),

152 2668 383 2703 conceditur
408 2669 448 2703 in
477 2670 604 2705 Forni.
640 2671 759 2705 tertia
784 2671 880 2705 min.
910 2671 1059 2705 eisdem
1085 2670 1254 2705 facultas
1300 2686 1313 2701 e<
1335 2671 1599 2706 Permittendi
1627 2671 1733 2704 iusta
1752 2669 1797 2703 de

152 2727 268 2750 causa
296 2718 428 2761 (supra
454 2716 684 2758 declaratal‚
722 2723 761 2752 et
800 2719 883 2753 suis
921 2718 1095 2753 subditis
1134 2718 1329 2759 (Missioni
1367 2723 1573 2764 propterea
1610 2716 1797 2760 addictis)

153 2774 288 2797 omnes
313 2767 417 2798 sacri
448 2764 625 2808 Ordines,
655 2765 780 2800 etiam
808 2765 1122 2811 PresbyteratuS‚
1153 2772 1247 2805 (non
1286 2777 1398 2800 secus
1423 2778 1468 2801 ac
1494 2767 1534 2800 in
1561 2766 1686 2800 alte1a
1712 2764 1799 2798 For-

154 2810 276 2854 mula)
296 2810 443 2846 ‘diebus
469 2811 673 2847 ferialibus
700 2813 776 2847 etsi
803 2813 1006 2847 continuis
1033 2813 1201 2847 conferri
1228 2814 1381 2858 possint
1399 2825 1434 2857 »3
1463 2815 1556 2859 quia
1594 2822 1718 2847 canon
1752 2811 1797 2846 de

154 2857 451 2939 prdinationum
477 2864 651 2904 tempore
678 2871 767 2894 cum
799 2860 1105 2894 «ordinationes
1132 2861 1172 2894 in
1199 2862 1318 2895 sacris
1352 2861 1573 2895 celebrante
1594 2877 1606 2890 »
1647 2860 1795 2894 directe

173 2910 347 2950 oquitur,
