<?xml version="1.0" encoding="UTF-8"?>
<!DOCTYPE html PUBLIC "-//W3C//DTD XHTML 1.0 Transitional//EN"
    "http://www.w3.org/TR/xhtml1/DTD/xhtml1-transitional.dtd">
<html xmlns="http://www.w3.org/1999/xhtml" xml:lang="en" lang="en">
 <head>
  <title>
</title>
<meta http-equiv="Content-Type" content="text/html;charset=utf-8" />
  <meta name='ocr-system' content='tesseract 3.04.00' />
  <meta name='ocr-capabilities' content='ocr_page ocr_carea ocr_par ocr_line ocrx_word'/>
</head>
<body>
  <div class='ocr_page' id='page_1' title='image "./p1commentariumte03blatuoft_0640.png"; bbox 0 0 1971 3261; ppageno 0'>
   <div class='ocr_carea' id='block_1_1' title="bbox 223 103 1448 140">
    <p class='ocr_par' dir='ltr' id='par_1_1' title="bbox 223 103 1448 140">
     <span class='ocr_line' id='line_1_1' title="bbox 223 103 1448 140; baseline -0.002 0"><span class='ocrx_word' id='word_1_1' title='bbox 223 106 291 140; x_wconf 66' lang='lat'>&lt;326</span> <span class='ocrx_word' id='word_1_2' title='bbox 624 105 702 138; x_wconf 73' lang='lat' dir='ltr'>Lm.</span> <span class='ocrx_word' id='word_1_3' title='bbox 729 104 800 137; x_wconf 85' lang='grc' dir='ltr'>ΙΙΙ.</span> <span class='ocrx_word' id='word_1_4' title='bbox 830 124 842 129; x_wconf 88' lang='lat'><em>-</em></span> <span class='ocrx_word' id='word_1_5' title='bbox 863 104 973 138; x_wconf 83' lang='lat' dir='ltr'>PARS</span> <span class='ocrx_word' id='word_1_6' title='bbox 999 104 1030 137; x_wconf 90' lang='grc' dir='ltr'>Ι.</span> <span class='ocrx_word' id='word_1_7' title='bbox 1058 122 1074 130; x_wconf 86' lang='grc'><strong>-</strong></span> <span class='ocrx_word' id='word_1_8' title='bbox 1099 103 1156 138; x_wconf 85' lang='lat' dir='ltr'>De</span> <span class='ocrx_word' id='word_1_9' title='bbox 1181 103 1448 138; x_wconf 69' lang='lat' dir='ltr'>Sam-amentis</span> 
     </span>
    </p>
   </div>
   <div class='ocr_carea' id='block_1_2' title="bbox 229 166 1030 171">
    <p class='ocr_par' dir='ltr' id='par_1_2' title="bbox 229 166 1030 171">
     <span class='ocr_line' id='line_1_2' title="bbox 229 166 1030 171; baseline 0 0"><span class='ocrx_word' id='word_1_10' title='bbox 229 166 1030 171; x_wconf 95' lang='lat' dir='ltr'> </span> 
     </span>
    </p>
   </div>
   <div class='ocr_carea' id='block_1_3' title="bbox 221 222 1854 2765">
    <p class='ocr_par' dir='ltr' id='par_1_3' title="bbox 222 222 1852 551">
     <span class='ocr_line' id='line_1_3' title="bbox 222 222 1847 279; baseline 0 -12"><span class='ocrx_word' id='word_1_11' title='bbox 222 226 468 279; x_wconf 74' lang='lat' dir='ltr'>servandae,</span> <span class='ocrx_word' id='word_1_12' title='bbox 503 230 683 268; x_wconf 75' lang='lat' dir='ltr'>attamen</span> <span class='ocrx_word' id='word_1_13' title='bbox 737 223 857 267; x_wconf 79' lang='lat' dir='ltr'>valde</span> <span class='ocrx_word' id='word_1_14' title='bbox 904 228 1103 266; x_wconf 91' lang='lat' dir='ltr'>remotam</span> <span class='ocrx_word' id='word_1_15' title='bbox 1149 222 1461 266; x_wconf 88' lang='lat' dir='ltr'>similitudinem</span> <span class='ocrx_word' id='word_1_16' title='bbox 1498 222 1564 266; x_wconf 88' lang='lat' dir='ltr'>illa</span> <span class='ocrx_word' id='word_1_17' title='bbox 1598 222 1722 267; x_wconf 87' lang='lat' dir='ltr'>habet</span> <span class='ocrx_word' id='word_1_18' title='bbox 1754 237 1847 267; x_wconf 89' lang='lat' dir='ltr'>cum</span> 
     </span>
     <span class='ocr_line' id='line_1_4' title="bbox 224 293 1852 352; baseline -0.001 -13"><span class='ocrx_word' id='word_1_19' title='bbox 224 298 354 339; x_wconf 81' lang='lat' dir='ltr'>forma</span> <span class='ocrx_word' id='word_1_20' title='bbox 388 295 647 339; x_wconf 77' lang='lat' dir='ltr'>substantiali</span> <span class='ocrx_word' id='word_1_21' title='bbox 697 308 746 338; x_wconf 84' lang='lat' dir='ltr'>ex</span> <span class='ocrx_word' id='word_1_22' title='bbox 792 306 871 352; x_wconf 82' lang='lat' dir='ltr'>qua</span> <span class='ocrx_word' id='word_1_23' title='bbox 911 294 1140 349; x_wconf 80' lang='lat' dir='ltr'>derivatur,</span> <span class='ocrx_word' id='word_1_24' title='bbox 1175 293 1358 337; x_wconf 88' lang='lat' dir='ltr'>adhibita</span> <span class='ocrx_word' id='word_1_25' title='bbox 1394 298 1437 336; x_wconf 93' lang='lat' dir='ltr'>ut</span> <span class='ocrx_word' id='word_1_26' title='bbox 1468 294 1727 349; x_wconf 79' lang='lat' dir='ltr'>significetur</span> <span class='ocrx_word' id='word_1_27' title='bbox 1762 307 1852 350; x_wconf 89' lang='lat' dir='ltr'>pro-</span> 
     </span>
     <span class='ocr_line' id='line_1_5' title="bbox 224 363 1848 422; baseline -0.001 -14"><span class='ocrx_word' id='word_1_28' title='bbox 224 370 311 422; x_wconf 89' lang='lat' dir='ltr'>prie</span> <span class='ocrx_word' id='word_1_29' title='bbox 344 368 531 422; x_wconf 86' lang='lat' dir='ltr'>corporis</span> <span class='ocrx_word' id='word_1_30' title='bbox 564 367 881 409; x_wconf 82' lang='lat' dir='ltr'>constitutivum</span> <span class='ocrx_word' id='word_1_31' title='bbox 928 368 965 407; x_wconf 91' lang='lat' dir='ltr'>in</span> <span class='ocrx_word' id='word_1_32' title='bbox 1013 363 1296 420; x_wconf 85' lang='lat' dir='ltr'>philosophica</span> <span class='ocrx_word' id='word_1_33' title='bbox 1330 364 1532 415; x_wconf 71' lang='lat' dir='ltr'>doctrina„</span> <span class='ocrx_word' id='word_1_34' title='bbox 1565 363 1662 407; x_wconf 93' lang='lat' dir='ltr'>dum</span> <span class='ocrx_word' id='word_1_35' title='bbox 1699 377 1720 407; x_wconf 93' lang='lat' dir='ltr'>e</span> <span class='ocrx_word' id='word_1_36' title='bbox 1752 377 1848 407; x_wconf 91' lang='lat' dir='ltr'>con-</span> 
     </span>
     <span class='ocr_line' id='line_1_6' title="bbox 227 434 1848 493; baseline 0.002 -16"><span class='ocrx_word' id='word_1_37' title='bbox 227 450 344 480; x_wconf 80' lang='lat' dir='ltr'>verso</span> <span class='ocrx_word' id='word_1_38' title='bbox 378 439 608 493; x_wconf 89' lang='lat' dir='ltr'>proprietas</span> <span class='ocrx_word' id='word_1_39' title='bbox 644 435 866 479; x_wconf 90' lang='lat' dir='ltr'>verborum</span> <span class='ocrx_word' id='word_1_40' title='bbox 904 437 941 478; x_wconf 91' lang='lat' dir='ltr'>in</span> <span class='ocrx_word' id='word_1_41' title='bbox 975 449 1027 478; x_wconf 90' lang='lat' dir='ltr'>ss.</span> <span class='ocrx_word' id='word_1_42' title='bbox 1062 434 1289 478; x_wconf 89' lang='lat' dir='ltr'>canonibus</span> <span class='ocrx_word' id='word_1_43' title='bbox 1321 437 1372 478; x_wconf 90' lang='lat' dir='ltr'>sit</span> <span class='ocrx_word' id='word_1_44' title='bbox 1404 448 1569 491; x_wconf 78' lang='lat' dir='ltr'>semper</span> <span class='ocrx_word' id='word_1_45' title='bbox 1602 440 1765 479; x_wconf 87' lang='lat' dir='ltr'>servata</span> <span class='ocrx_word' id='word_1_46' title='bbox 1797 437 1848 480; x_wconf 89' lang='lat' dir='ltr'>ad</span> 
     </span>
     <span class='ocr_line' id='line_1_7' title="bbox 226 507 641 551; baseline 0.002 -1"><span class='ocrx_word' id='word_1_47' title='bbox 226 520 411 551; x_wconf 86' lang='lat' dir='ltr'>normam</span> <span class='ocrx_word' id='word_1_48' title='bbox 448 520 538 551; x_wconf 88' lang='lat' dir='ltr'>can.</span> <span class='ocrx_word' id='word_1_49' title='bbox 576 507 641 551; x_wconf 82' lang='lat'>18.</span> 
     </span>
    </p>

    <p class='ocr_par' dir='ltr' id='par_1_4' title="bbox 223 577 1853 1829">
     <span class='ocr_line' id='line_1_8' title="bbox 345 577 1849 621; baseline -0.001 0"><span class='ocrx_word' id='word_1_50' title='bbox 345 579 525 621; x_wconf 84' lang='lat' dir='ltr'>Primum</span> <span class='ocrx_word' id='word_1_51' title='bbox 561 577 663 621; x_wconf 88' lang='lat' dir='ltr'>haec</span> <span class='ocrx_word' id='word_1_52' title='bbox 697 578 949 620; x_wconf 76' lang='lat' dir='ltr'>matrimonii</span> <span class='ocrx_word' id='word_1_53' title='bbox 984 577 1112 619; x_wconf 83' lang='lat' dir='ltr'>forma</span> <span class='ocrx_word' id='word_1_54' title='bbox 1150 577 1223 619; x_wconf 84' lang='lat' dir='ltr'>fuit</span> <span class='ocrx_word' id='word_1_55' title='bbox 1249 578 1286 618; x_wconf 92' lang='lat' dir='ltr'>in</span> <span class='ocrx_word' id='word_1_56' title='bbox 1313 578 1374 618; x_wconf 92' lang='lat' dir='ltr'>ius</span> <span class='ocrx_word' id='word_1_57' title='bbox 1406 577 1651 619; x_wconf 88' lang='lat' dir='ltr'>canonicum</span> <span class='ocrx_word' id='word_1_58' title='bbox 1682 579 1849 620; x_wconf 88' lang='lat' dir='ltr'>inventa</span> 
     </span>
     <span class='ocr_line' id='line_1_9' title="bbox 226 646 1852 704; baseline -0.002 -11"><span class='ocrx_word' id='word_1_59' title='bbox 226 663 296 704; x_wconf 91' lang='lat' dir='ltr'>per</span> <span class='ocrx_word' id='word_1_60' title='bbox 318 648 456 693; x_wconf 83' lang='lat' dir='ltr'>Cone.i</span> <span class='ocrx_word' id='word_1_61' title='bbox 481 648 606 691; x_wconf 88' lang='lat' dir='ltr'>Trid.i</span> <span class='ocrx_word' id='word_1_62' title='bbox 632 661 720 704; x_wconf 90' lang='lat' dir='ltr'>cap.</span> <span class='ocrx_word' id='word_1_63' title='bbox 755 647 931 690; x_wconf 79' lang='lat' dir='ltr'>Tametsi</span> <span class='ocrx_word' id='word_1_64' title='bbox 972 647 1067 690; x_wconf 87' lang='lat' dir='ltr'>«de</span> <span class='ocrx_word' id='word_1_65' title='bbox 1102 648 1351 689; x_wconf 75' lang='lat' dir='ltr'>matrimonii</span> <span class='ocrx_word' id='word_1_66' title='bbox 1389 646 1679 689; x_wconf 76' lang='lat' dir='ltr'>reformatione</span> <span class='ocrx_word' id='word_1_67' title='bbox 1703 662 1722 688; x_wconf 87' lang='grc'>&gt;)</span> <span class='ocrx_word' id='word_1_68' title='bbox 1753 646 1852 704; x_wconf 88' lang='lat' dir='ltr'>(ses-</span> 
     </span>
     <span class='ocr_line' id='line_1_10' title="bbox 227 717 1849 774; baseline -0.001 -12"><span class='ocrx_word' id='word_1_69' title='bbox 227 721 326 762; x_wconf 87' lang='lat' dir='ltr'>sion.</span> <span class='ocrx_word' id='word_1_70' title='bbox 364 717 524 772; x_wconf 77' lang='lat' dir='ltr'><strong>XXIV),</strong></span> <span class='ocrx_word' id='word_1_71' title='bbox 559 731 605 761; x_wconf 91' lang='lat' dir='ltr'>ac</span> <span class='ocrx_word' id='word_1_72' title='bbox 641 722 779 774; x_wconf 90' lang='lat' dir='ltr'>postea</span> <span class='ocrx_word' id='word_1_73' title='bbox 814 717 1166 773; x_wconf 75' lang='lat' dir='ltr'>complementum</span> <span class='ocrx_word' id='word_1_74' title='bbox 1210 718 1365 772; x_wconf 90' lang='lat' dir='ltr'>recepit</span> <span class='ocrx_word' id='word_1_75' title='bbox 1414 730 1485 772; x_wconf 89' lang='lat' dir='ltr'>per</span> <span class='ocrx_word' id='word_1_76' title='bbox 1532 718 1849 760; x_wconf 68' lang='lat' dir='ltr'>convenientem</span> 
     </span>
     <span class='ocr_line' id='line_1_11' title="bbox 228 786 1848 845; baseline -0.001 -12"><span class='ocrx_word' id='word_1_77' title='bbox 228 792 496 839; x_wconf 79' lang='lat' dir='ltr'>mutationem</span> <span class='ocrx_word' id='word_1_78' title='bbox 547 792 583 832; x_wconf 94' lang='lat' dir='ltr'>in</span> <span class='ocrx_word' id='word_1_79' title='bbox 635 788 810 832; x_wconf 90' lang='lat' dir='ltr'>Decreto</span> <span class='ocrx_word' id='word_1_80' title='bbox 848 804 868 829; x_wconf 64' lang='lat'>«</span> <span class='ocrx_word' id='word_1_81' title='bbox 892 787 950 831; x_wconf 91' lang='lat' dir='ltr'>Ne</span> <span class='ocrx_word' id='word_1_82' title='bbox 990 793 1189 831; x_wconf 78' lang='lat' dir='ltr'>temere»</span> <span class='ocrx_word' id='word_1_83' title='bbox 1227 787 1264 832; x_wconf 83' lang='lat' dir='ltr'>S.</span> <span class='ocrx_word' id='word_1_84' title='bbox 1299 786 1448 843; x_wconf 83' lang='lat' dir='ltr'>Congr.</span> <span class='ocrx_word' id='word_1_85' title='bbox 1483 786 1652 830; x_wconf 90' lang='lat' dir='ltr'>Concilii</span> <span class='ocrx_word' id='word_1_86' title='bbox 1678 788 1706 842; x_wconf 83' lang='lat'>¹,</span> <span class='ocrx_word' id='word_1_87' title='bbox 1739 789 1848 845; x_wconf 91' lang='lat' dir='ltr'>quod</span> 
     </span>
     <span class='ocr_line' id='line_1_12' title="bbox 229 857 1849 917; baseline -0.001 -14"><span class='ocrx_word' id='word_1_88' title='bbox 229 863 371 917; x_wconf 83' lang='lat' dir='ltr'>vigere</span> <span class='ocrx_word' id='word_1_89' title='bbox 404 863 560 916; x_wconf 75' lang='lat' dir='ltr'>incepit.</span> <span class='ocrx_word' id='word_1_90' title='bbox 598 876 617 900; x_wconf 84' lang='grc'>((</span> <span class='ocrx_word' id='word_1_91' title='bbox 641 873 662 903; x_wconf 87' lang='lat' dir='ltr'>a</span> <span class='ocrx_word' id='word_1_92' title='bbox 695 859 762 903; x_wconf 95' lang='lat' dir='ltr'>die</span> <span class='ocrx_word' id='word_1_93' title='bbox 794 859 968 902; x_wconf 84' lang='lat' dir='ltr'>solemni</span> <span class='ocrx_word' id='word_1_94' title='bbox 1015 857 1192 902; x_wconf 80' lang='lat' dir='ltr'>Paschae</span> <span class='ocrx_word' id='word_1_95' title='bbox 1235 857 1566 901; x_wconf 83' lang='lat' dir='ltr'>Resurrectionis</span> <span class='ocrx_word' id='word_1_96' title='bbox 1600 857 1644 902; x_wconf 92' lang='lat' dir='ltr'>D.</span> <span class='ocrx_word' id='word_1_97' title='bbox 1678 857 1724 901; x_wconf 89' lang='lat' dir='ltr'>N.</span> <span class='ocrx_word' id='word_1_98' title='bbox 1760 858 1849 902; x_wconf 84' lang='lat' dir='ltr'>lesu</span> 
     </span>
     <span class='ocr_line' id='line_1_13' title="bbox 225 929 1852 986; baseline -0.001 -13"><span class='ocrx_word' id='word_1_99' title='bbox 225 931 373 976; x_wconf 84' lang='lat' dir='ltr'>Christi</span> <span class='ocrx_word' id='word_1_100' title='bbox 407 934 502 975; x_wconf 89' lang='lat' dir='ltr'>anni</span> <span class='ocrx_word' id='word_1_101' title='bbox 539 931 714 979; x_wconf 83' lang='lat'>1908»,</span> <span class='ocrx_word' id='word_1_102' title='bbox 749 931 816 973; x_wconf 92' lang='lat' dir='ltr'>die</span> <span class='ocrx_word' id='word_1_103' title='bbox 851 929 1044 974; x_wconf 91' lang='lat' dir='ltr'>videlicet</span> <span class='ocrx_word' id='word_1_104' title='bbox 1079 930 1130 972; x_wconf 92' lang='grc'>19</span> <span class='ocrx_word' id='word_1_105' title='bbox 1165 929 1331 985; x_wconf 81' lang='lat' dir='ltr'>Aprilis.</span> <span class='ocrx_word' id='word_1_106' title='bbox 1366 929 1565 986; x_wconf 82' lang='lat' dir='ltr'>Exceptio</span> <span class='ocrx_word' id='word_1_107' title='bbox 1599 934 1734 973; x_wconf 89' lang='lat' dir='ltr'>tamen</span> <span class='ocrx_word' id='word_1_108' title='bbox 1759 943 1852 973; x_wconf 93' lang='lat' dir='ltr'>con-</span> 
     </span>
     <span class='ocr_line' id='line_1_14' title="bbox 224 998 1850 1059; baseline -0.002 -12"><span class='ocrx_word' id='word_1_109' title='bbox 224 1015 339 1047; x_wconf 85' lang='lat' dir='ltr'>cessa</span> <span class='ocrx_word' id='word_1_110' title='bbox 374 1007 434 1046; x_wconf 92' lang='lat' dir='ltr'>est</span> <span class='ocrx_word' id='word_1_111' title='bbox 467 1015 539 1059; x_wconf 90' lang='lat' dir='ltr'>per</span> <span class='ocrx_word' id='word_1_112' title='bbox 575 1001 799 1059; x_wconf 90' lang='lat' dir='ltr'>Epistolam</span> <span class='ocrx_word' id='word_1_113' title='bbox 844 1001 883 1044; x_wconf 81' lang='lat' dir='ltr'>S.</span> <span class='ocrx_word' id='word_1_114' title='bbox 917 999 1083 1056; x_wconf 75' lang='lat' dir='ltr'>Congi·.⁵</span> <span class='ocrx_word' id='word_1_115' title='bbox 1117 1000 1167 1043; x_wconf 92' lang='lat' dir='ltr'>de</span> <span class='ocrx_word' id='word_1_116' title='bbox 1204 1000 1320 1056; x_wconf 87' lang='lat' dir='ltr'>Prop.</span> <span class='ocrx_word' id='word_1_117' title='bbox 1355 999 1453 1043; x_wconf 90' lang='lat' dir='ltr'>Fide</span> <span class='ocrx_word' id='word_1_118' title='bbox 1487 1000 1535 1043; x_wconf 92' lang='lat' dir='ltr'>ad</span> <span class='ocrx_word' id='word_1_119' title='bbox 1571 999 1692 1043; x_wconf 87' lang='lat' dir='ltr'>Sinae</span> <span class='ocrx_word' id='word_1_120' title='bbox 1725 998 1850 1045; x_wconf 87' lang='lat' dir='ltr'>Ordi-</span> 
     </span>
     <span class='ocr_line' id='line_1_15' title="bbox 225 1069 1852 1130; baseline -0.002 -13"><span class='ocrx_word' id='word_1_121' title='bbox 225 1077 375 1127; x_wconf 80' lang='lat' dir='ltr'>narios‚</span> <span class='ocrx_word' id='word_1_122' title='bbox 412 1076 449 1116; x_wconf 95' lang='lat' dir='ltr'>in</span> <span class='ocrx_word' id='word_1_123' title='bbox 484 1086 564 1130; x_wconf 85' lang='lat' dir='ltr'>qua</span> <span class='ocrx_word' id='word_1_124' title='bbox 599 1073 774 1129; x_wconf 85' lang='lat' dir='ltr'>legitur:</span> <span class='ocrx_word' id='word_1_125' title='bbox 815 1072 1062 1115; x_wconf 85' lang='lat' dir='ltr'>«Sanctitas</span> <span class='ocrx_word' id='word_1_126' title='bbox 1094 1084 1209 1115; x_wconf 90' lang='lat' dir='ltr'>sua...</span> <span class='ocrx_word' id='word_1_127' title='bbox 1245 1071 1282 1114; x_wconf 82' lang='lat' dir='ltr'>S.</span> <span class='ocrx_word' id='word_1_128' title='bbox 1317 1069 1482 1127; x_wconf 80' lang='lat' dir='ltr'>Congi·.¹</span> <span class='ocrx_word' id='word_1_129' title='bbox 1516 1070 1566 1113; x_wconf 94' lang='lat' dir='ltr'>de</span> <span class='ocrx_word' id='word_1_130' title='bbox 1602 1070 1717 1127; x_wconf 90' lang='lat' dir='ltr'>Prop.</span> <span class='ocrx_word' id='word_1_131' title='bbox 1753 1071 1852 1115; x_wconf 87' lang='lat' dir='ltr'>Fide</span> 
     </span>
     <span class='ocr_line' id='line_1_16' title="bbox 224 1142 1850 1199; baseline -0.002 -11"><span class='ocrx_word' id='word_1_132' title='bbox 224 1147 451 1189; x_wconf 84' lang='lat' dir='ltr'>commissit</span> <span class='ocrx_word' id='word_1_133' title='bbox 486 1150 528 1188; x_wconf 91' lang='lat' dir='ltr'>ut</span> <span class='ocrx_word' id='word_1_134' title='bbox 562 1158 634 1197; x_wconf 88' lang='lat' dir='ltr'>pro</span> <span class='ocrx_word' id='word_1_135' title='bbox 667 1148 750 1187; x_wconf 90' lang='lat' dir='ltr'>tota</span> <span class='ocrx_word' id='word_1_136' title='bbox 786 1145 953 1199; x_wconf 83' lang='lat' dir='ltr'>regione</span> <span class='ocrx_word' id='word_1_137' title='bbox 986 1143 1146 1186; x_wconf 87' lang='lat' dir='ltr'>Sinensi</span> <span class='ocrx_word' id='word_1_138' title='bbox 1181 1142 1412 1185; x_wconf 81' lang='lat' dir='ltr'>concedere</span> <span class='ocrx_word' id='word_1_139' title='bbox 1436 1147 1572 1198; x_wconf 90' lang='lat' dir='ltr'>posset</span> <span class='ocrx_word' id='word_1_140' title='bbox 1597 1144 1850 1198; x_wconf 84' lang='lat' dir='ltr'>prorogatio-</span> 
     </span>
     <span class='ocr_line' id='line_1_17' title="bbox 226 1211 1853 1269; baseline -0.002 -10"><span class='ocrx_word' id='word_1_141' title='bbox 226 1229 318 1259; x_wconf 92' lang='lat' dir='ltr'>nem</span> <span class='ocrx_word' id='word_1_142' title='bbox 352 1215 400 1259; x_wconf 89' lang='lat' dir='ltr'>ad</span> <span class='ocrx_word' id='word_1_143' title='bbox 437 1228 606 1267; x_wconf 72' lang='lat' dir='ltr'>annum,</span> <span class='ocrx_word' id='word_1_144' title='bbox 641 1214 717 1257; x_wconf 91' lang='lat' dir='ltr'>hoc</span> <span class='ocrx_word' id='word_1_145' title='bbox 751 1227 872 1257; x_wconf 91' lang='lat' dir='ltr'>sensu</span> <span class='ocrx_word' id='word_1_146' title='bbox 907 1218 951 1256; x_wconf 96' lang='lat' dir='ltr'>ut</span> <span class='ocrx_word' id='word_1_147' title='bbox 986 1214 1215 1269; x_wconf 83' lang='lat' dir='ltr'>praefatum</span> <span class='ocrx_word' id='word_1_148' title='bbox 1253 1211 1472 1256; x_wconf 89' lang='lat' dir='ltr'>Decretum</span> <span class='ocrx_word' id='word_1_149' title='bbox 1508 1214 1546 1255; x_wconf 92' lang='lat' dir='ltr'>in</span> <span class='ocrx_word' id='word_1_150' title='bbox 1580 1212 1740 1255; x_wconf 84' lang='lat' dir='ltr'>Sinensi</span> <span class='ocrx_word' id='word_1_151' title='bbox 1776 1217 1853 1255; x_wconf 88' lang='lat' dir='ltr'>ter-</span> 
     </span>
     <span class='ocr_line' id='line_1_18' title="bbox 227 1282 1850 1341; baseline -0.002 -12"><span class='ocrx_word' id='word_1_152' title='bbox 227 1289 367 1329; x_wconf 89' lang='lat' dir='ltr'>ritorio</span> <span class='ocrx_word' id='word_1_153' title='bbox 404 1288 485 1329; x_wconf 90' lang='lat' dir='ltr'>vim</span> <span class='ocrx_word' id='word_1_154' title='bbox 523 1285 624 1341; x_wconf 77' lang='lat' dir='ltr'>legis</span> <span class='ocrx_word' id='word_1_155' title='bbox 658 1286 826 1341; x_wconf 86' lang='lat' dir='ltr'>incipiat</span> <span class='ocrx_word' id='word_1_156' title='bbox 860 1283 1012 1327; x_wconf 88' lang='lat' dir='ltr'>habere</span> <span class='ocrx_word' id='word_1_157' title='bbox 1060 1296 1082 1327; x_wconf 90' lang='lat' dir='ltr'>a</span> <span class='ocrx_word' id='word_1_158' title='bbox 1131 1284 1197 1326; x_wconf 92' lang='lat' dir='ltr'>die</span> <span class='ocrx_word' id='word_1_159' title='bbox 1229 1283 1403 1326; x_wconf 91' lang='lat' dir='ltr'>solemni</span> <span class='ocrx_word' id='word_1_160' title='bbox 1438 1282 1619 1326; x_wconf 87' lang='lat' dir='ltr'>Paschae</span> <span class='ocrx_word' id='word_1_161' title='bbox 1652 1283 1850 1326; x_wconf 82' lang='lat' dir='ltr'>Resurre-</span> 
     </span>
     <span class='ocr_line' id='line_1_19' title="bbox 225 1354 1851 1413; baseline -0.002 -12"><span class='ocrx_word' id='word_1_162' title='bbox 225 1360 372 1401; x_wconf 92' lang='lat' dir='ltr'>ctionis</span> <span class='ocrx_word' id='word_1_163' title='bbox 406 1357 451 1400; x_wconf 89' lang='lat' dir='ltr'>D.</span> <span class='ocrx_word' id='word_1_164' title='bbox 475 1356 520 1400; x_wconf 92' lang='lat' dir='ltr'>N.</span> <span class='ocrx_word' id='word_1_165' title='bbox 549 1357 574 1400; x_wconf 96' lang='lat' dir='ltr'>l.</span> <span class='ocrx_word' id='word_1_166' title='bbox 598 1356 746 1400; x_wconf 80' lang='lat' dir='ltr'>Christi</span> <span class='ocrx_word' id='word_1_167' title='bbox 783 1355 982 1413; x_wconf 74' lang='lat' dir='ltr'>(scilicetx</span> <span class='ocrx_word' id='word_1_168' title='bbox 1019 1356 1066 1398; x_wconf 85' lang='lat' dir='ltr'>tt</span> <span class='ocrx_word' id='word_1_169' title='bbox 1106 1354 1278 1412; x_wconf 89' lang='lat' dir='ltr'>Aprilis)</span> <span class='ocrx_word' id='word_1_170' title='bbox 1316 1354 1441 1398; x_wconf 81' lang='lat'><strong>1909.</strong></span> <span class='ocrx_word' id='word_1_171' title='bbox 1476 1354 1678 1397; x_wconf 89' lang='lat' dir='ltr'>Potestate</span> <span class='ocrx_word' id='word_1_172' title='bbox 1712 1356 1851 1412; x_wconf 80' lang='lat' dir='ltr'>itaque</span> 
     </span>
     <span class='ocr_line' id='line_1_20' title="bbox 225 1424 1852 1484; baseline -0.002 -12"><span class='ocrx_word' id='word_1_173' title='bbox 225 1429 477 1484; x_wconf 85' lang='lat' dir='ltr'>huiusmodi,</span> <span class='ocrx_word' id='word_1_174' title='bbox 511 1427 784 1484; x_wconf 87' lang='lat' dir='ltr'>Amplitudini</span> <span class='ocrx_word' id='word_1_175' title='bbox 821 1432 914 1470; x_wconf 90' lang='lat' dir='ltr'>tuae</span> <span class='ocrx_word' id='word_1_176' title='bbox 946 1427 1136 1483; x_wconf 76' lang='lat' dir='ltr'>significo</span> <span class='ocrx_word' id='word_1_177' title='bbox 1170 1425 1297 1470; x_wconf 74' lang='lat' dir='ltr'>Dec.m</span> <span class='ocrx_word' id='word_1_178' title='bbox 1336 1441 1355 1466; x_wconf 78' lang='lat'>«</span> <span class='ocrx_word' id='word_1_179' title='bbox 1378 1425 1437 1469; x_wconf 92' lang='lat' dir='ltr'>Ne</span> <span class='ocrx_word' id='word_1_180' title='bbox 1472 1430 1670 1468; x_wconf 81' lang='lat' dir='ltr'>temere»</span> <span class='ocrx_word' id='word_1_181' title='bbox 1700 1427 1737 1468; x_wconf 93' lang='lat' dir='ltr'>in</span> <span class='ocrx_word' id='word_1_182' title='bbox 1762 1424 1852 1468; x_wconf 86' lang='lat' dir='ltr'>Mis·</span> 
     </span>
     <span class='ocr_line' id='line_1_21' title="bbox 224 1495 1849 1556; baseline -0.003 -13"><span class='ocrx_word' id='word_1_183' title='bbox 224 1503 339 1544; x_wconf 89' lang='lat' dir='ltr'>sione</span> <span class='ocrx_word' id='word_1_184' title='bbox 372 1502 452 1543; x_wconf 86' lang='lat' dir='ltr'>tuis</span> <span class='ocrx_word' id='word_1_185' title='bbox 487 1498 723 1556; x_wconf 86' lang='lat' dir='ltr'>apostolicis</span> <span class='ocrx_word' id='word_1_186' title='bbox 771 1500 882 1545; x_wconf 86' lang='lat' dir='ltr'>curis</span> <span class='ocrx_word' id='word_1_187' title='bbox 929 1498 1168 1542; x_wconf 86' lang='lat' dir='ltr'>concredita</span> <span class='ocrx_word' id='word_1_188' title='bbox 1217 1499 1297 1539; x_wconf 90' lang='lat' dir='ltr'>vim</span> <span class='ocrx_word' id='word_1_189' title='bbox 1339 1496 1441 1553; x_wconf 84' lang='lat' dir='ltr'>legis</span> <span class='ocrx_word' id='word_1_190' title='bbox 1474 1510 1552 1539; x_wconf 91' lang='lat' dir='ltr'>non</span> <span class='ocrx_word' id='word_1_191' title='bbox 1587 1495 1740 1540; x_wconf 90' lang='lat' dir='ltr'>habere</span> <span class='ocrx_word' id='word_1_192' title='bbox 1774 1498 1849 1539; x_wconf 89' lang='lat' dir='ltr'>nisi</span> 
     </span>
     <span class='ocr_line' id='line_1_22' title="bbox 225 1566 1849 1627; baseline -0.004 -12"><span class='ocrx_word' id='word_1_193' title='bbox 225 1585 245 1615; x_wconf 86' lang='lat' dir='ltr'>a</span> <span class='ocrx_word' id='word_1_194' title='bbox 280 1571 346 1615; x_wconf 90' lang='lat' dir='ltr'>die</span> <span class='ocrx_word' id='word_1_195' title='bbox 381 1571 653 1627; x_wconf 79' lang='lat' dir='ltr'>praedicto».</span> <span class='ocrx_word' id='word_1_196' title='bbox 687 1569 1029 1625; x_wconf 86' lang='lat' dir='ltr'>Supervenerunt</span> <span class='ocrx_word' id='word_1_197' title='bbox 1063 1568 1237 1620; x_wconf 83' lang='lat' dir='ltr'>Decreto</span> <span class='ocrx_word' id='word_1_198' title='bbox 1271 1567 1410 1624; x_wconf 88' lang='lat' dir='ltr'>plures</span> <span class='ocrx_word' id='word_1_199' title='bbox 1442 1567 1481 1610; x_wconf 88' lang='lat' dir='ltr'>S.</span> <span class='ocrx_word' id='word_1_200' title='bbox 1504 1566 1654 1623; x_wconf 85' lang='lat' dir='ltr'>Congr.</span> <span class='ocrx_word' id='word_1_201' title='bbox 1678 1567 1849 1611; x_wconf 86' lang='lat' dir='ltr'>Concilii</span> 
     </span>
     <span class='ocr_line' id='line_1_23' title="bbox 227 1637 1851 1698; baseline -0.004 -12"><span class='ocrx_word' id='word_1_202' title='bbox 227 1642 544 1693; x_wconf 87' lang='lat' dir='ltr'>Declarationes,</span> <span class='ocrx_word' id='word_1_203' title='bbox 577 1653 684 1698; x_wconf 87' lang='lat' dir='ltr'>quae</span> <span class='ocrx_word' id='word_1_204' title='bbox 722 1653 832 1683; x_wconf 93' lang='lat' dir='ltr'>nunc</span> <span class='ocrx_word' id='word_1_205' title='bbox 865 1642 950 1683; x_wconf 91' lang='lat' dir='ltr'>suis</span> <span class='ocrx_word' id='word_1_206' title='bbox 983 1639 1083 1683; x_wconf 91' lang='lat' dir='ltr'>locis</span> <span class='ocrx_word' id='word_1_207' title='bbox 1115 1644 1209 1696; x_wconf 87' lang='lat' dir='ltr'>apte</span> <span class='ocrx_word' id='word_1_208' title='bbox 1242 1639 1466 1695; x_wconf 83' lang='lat' dir='ltr'>dispositae</span> <span class='ocrx_word' id='word_1_209' title='bbox 1498 1652 1592 1682; x_wconf 91' lang='lat' dir='ltr'>cum</span> <span class='ocrx_word' id='word_1_210' title='bbox 1633 1638 1742 1681; x_wconf 90' lang='lat' dir='ltr'>illius</span> <span class='ocrx_word' id='word_1_211' title='bbox 1772 1637 1851 1681; x_wconf 91' lang='lat' dir='ltr'>De-</span> 
     </span>
     <span class='ocr_line' id='line_1_24' title="bbox 223 1708 1852 1769; baseline -0.003 -12"><span class='ocrx_word' id='word_1_212' title='bbox 223 1717 322 1758; x_wconf 89' lang='lat' dir='ltr'>creti</span> <span class='ocrx_word' id='word_1_213' title='bbox 359 1718 513 1767; x_wconf 78' lang='lat' dir='ltr'>tenore,</span> <span class='ocrx_word' id='word_1_214' title='bbox 548 1715 586 1756; x_wconf 94' lang='lat' dir='ltr'>in</span> <span class='ocrx_word' id='word_1_215' title='bbox 624 1716 865 1769; x_wconf 90' lang='lat' dir='ltr'>perpetuam</span> <span class='ocrx_word' id='word_1_216' title='bbox 901 1713 960 1755; x_wconf 91' lang='lat' dir='ltr'>rei</span> <span class='ocrx_word' id='word_1_217' title='bbox 994 1713 1237 1754; x_wconf 85' lang='lat' dir='ltr'>memoriam</span> <span class='ocrx_word' id='word_1_218' title='bbox 1283 1709 1359 1753; x_wconf 89' lang='lat' dir='ltr'>sub</span> <span class='ocrx_word' id='word_1_219' title='bbox 1403 1709 1480 1753; x_wconf 90' lang='lat' dir='ltr'>hoc</span> <span class='ocrx_word' id='word_1_220' title='bbox 1513 1709 1655 1766; x_wconf 89' lang='lat' dir='ltr'>Capite</span> <span class='ocrx_word' id='word_1_221' title='bbox 1687 1708 1852 1753; x_wconf 88' lang='lat' dir='ltr'>Codicis</span> 
     </span>
     <span class='ocr_line' id='line_1_25' title="bbox 223 1785 515 1829; baseline -0.007 0"><span class='ocrx_word' id='word_1_222' title='bbox 223 1790 317 1829; x_wconf 92' lang='lat' dir='ltr'>sunt</span> <span class='ocrx_word' id='word_1_223' title='bbox 350 1785 515 1828; x_wconf 86' lang='lat' dir='ltr'>relatae.</span> 
     </span>
    </p>

    <p class='ocr_par' dir='ltr' id='par_1_5' title="bbox 221 1852 1854 2765">
     <span class='ocr_line' id='line_1_26' title="bbox 341 1852 1854 1912; baseline -0.002 -13"><span class='ocrx_word' id='word_1_224' title='bbox 341 1856 379 1899; x_wconf 81' lang='lat' dir='ltr'>S.</span> <span class='ocrx_word' id='word_1_225' title='bbox 414 1855 525 1900; x_wconf 90' lang='lat' dir='ltr'>Trid.</span> <span class='ocrx_word' id='word_1_226' title='bbox 565 1855 756 1912; x_wconf 74' lang='lat' dir='ltr'>Synodus</span> <span class='ocrx_word' id='word_1_227' title='bbox 789 1857 863 1898; x_wconf 88' lang='lat' dir='ltr'>ait:</span> <span class='ocrx_word' id='word_1_228' title='bbox 903 1853 1125 1897; x_wconf 79' lang='lat' dir='ltr'>«Tametsi</span> <span class='ocrx_word' id='word_1_229' title='bbox 1161 1852 1433 1897; x_wconf 89' lang='lat' dir='ltr'>dubitandum</span> <span class='ocrx_word' id='word_1_230' title='bbox 1468 1866 1547 1896; x_wconf 94' lang='lat' dir='ltr'>non</span> <span class='ocrx_word' id='word_1_231' title='bbox 1583 1857 1655 1902; x_wconf 80' lang='lat' dir='ltr'>est,</span> <span class='ocrx_word' id='word_1_232' title='bbox 1690 1852 1854 1896; x_wconf 86' lang='lat' dir='ltr'>clande-</span> 
     </span>
     <span class='ocr_line' id='line_1_27' title="bbox 223 1925 1850 1979; baseline -0.002 -9"><span class='ocrx_word' id='word_1_233' title='bbox 223 1929 327 1970; x_wconf 87' lang='lat' dir='ltr'>stina</span> <span class='ocrx_word' id='word_1_234' title='bbox 364 1928 640 1979; x_wconf 81' lang='lat' dir='ltr'>matrimonia,</span> <span class='ocrx_word' id='word_1_235' title='bbox 673 1925 804 1970; x_wconf 92' lang='lat' dir='ltr'>libero</span> <span class='ocrx_word' id='word_1_236' title='bbox 837 1925 1170 1969; x_wconf 87' lang='lat' dir='ltr'>contrahentium</span> <span class='ocrx_word' id='word_1_237' title='bbox 1204 1937 1407 1968; x_wconf 90' lang='lat' dir='ltr'>consensu</span> <span class='ocrx_word' id='word_1_238' title='bbox 1440 1925 1559 1974; x_wconf 86' lang='lat' dir='ltr'>sacta,</span> <span class='ocrx_word' id='word_1_239' title='bbox 1580 1928 1665 1967; x_wconf 91' lang='lat' dir='ltr'>rata</span> <span class='ocrx_word' id='word_1_240' title='bbox 1689 1928 1728 1966; x_wconf 82' lang='lat' dir='ltr'>et</span> <span class='ocrx_word' id='word_1_241' title='bbox 1752 1936 1850 1967; x_wconf 85' lang='lat' dir='ltr'>vera</span> 
     </span>
     <span class='ocr_line' id='line_1_28' title="bbox 224 1995 1852 2054; baseline -0.002 -13"><span class='ocrx_word' id='word_1_242' title='bbox 224 2011 314 2042; x_wconf 90' lang='lat' dir='ltr'>esse</span> <span class='ocrx_word' id='word_1_243' title='bbox 345 1999 623 2050; x_wconf 89' lang='lat' dir='ltr'>matrimonia,</span> <span class='ocrx_word' id='word_1_244' title='bbox 654 1997 854 2054; x_wconf 88' lang='lat' dir='ltr'>quamdiu</span> <span class='ocrx_word' id='word_1_245' title='bbox 888 1995 1072 2040; x_wconf 87' lang='lat' dir='ltr'>Ecclesia</span> <span class='ocrx_word' id='word_1_246' title='bbox 1107 2008 1153 2039; x_wconf 89' lang='lat' dir='ltr'>ea</span> <span class='ocrx_word' id='word_1_247' title='bbox 1187 1997 1302 2038; x_wconf 89' lang='lat' dir='ltr'>irrita</span> <span class='ocrx_word' id='word_1_248' title='bbox 1337 2008 1414 2038; x_wconf 91' lang='lat' dir='ltr'>non</span> <span class='ocrx_word' id='word_1_249' title='bbox 1450 1996 1567 2049; x_wconf 74' lang='lat' dir='ltr'>fecit3</span> <span class='ocrx_word' id='word_1_250' title='bbox 1606 1999 1644 2049; x_wconf 88' lang='lat' dir='ltr'>et</span> <span class='ocrx_word' id='word_1_251' title='bbox 1678 1995 1852 2051; x_wconf 86' lang='lat' dir='ltr'>proinde</span> 
     </span>
     <span class='ocr_line' id='line_1_29' title="bbox 225 2065 1848 2124; baseline -0.002 -13"><span class='ocrx_word' id='word_1_252' title='bbox 225 2071 313 2112; x_wconf 92' lang='lat' dir='ltr'>iure</span> <span class='ocrx_word' id='word_1_253' title='bbox 345 2068 569 2112; x_wconf 90' lang='lat' dir='ltr'>damnandi</span> <span class='ocrx_word' id='word_1_254' title='bbox 601 2070 682 2111; x_wconf 93' lang='lat' dir='ltr'>sint</span> <span class='ocrx_word' id='word_1_255' title='bbox 716 2068 787 2123; x_wconf 80' lang='lat' dir='ltr'>illi,</span> <span class='ocrx_word' id='word_1_256' title='bbox 813 2072 855 2110; x_wconf 93' lang='lat' dir='ltr'>ut</span> <span class='ocrx_word' id='word_1_257' title='bbox 887 2080 957 2110; x_wconf 91' lang='lat' dir='ltr'>eos</span> <span class='ocrx_word' id='word_1_258' title='bbox 989 2067 1027 2110; x_wconf 87' lang='lat' dir='ltr'>S.</span> <span class='ocrx_word' id='word_1_259' title='bbox 1052 2066 1244 2123; x_wconf 72' lang='lat' dir='ltr'>Synodus</span> <span class='ocrx_word' id='word_1_260' title='bbox 1276 2065 1540 2110; x_wconf 89' lang='lat' dir='ltr'>anathemate</span> <span class='ocrx_word' id='word_1_261' title='bbox 1573 2066 1754 2120; x_wconf 81' lang='lat' dir='ltr'>damnat,</span> <span class='ocrx_word' id='word_1_262' title='bbox 1778 2068 1848 2124; x_wconf 89' lang='lat' dir='ltr'>qui</span> 
     </span>
     <span class='ocr_line' id='line_1_30' title="bbox 224 2135 1849 2194; baseline -0.003 -11"><span class='ocrx_word' id='word_1_263' title='bbox 224 2152 270 2183; x_wconf 89' lang='lat' dir='ltr'>ea</span> <span class='ocrx_word' id='word_1_264' title='bbox 308 2152 405 2182; x_wconf 83' lang='lat' dir='ltr'>vera</span> <span class='ocrx_word' id='word_1_265' title='bbox 453 2152 501 2182; x_wconf 87' lang='lat' dir='ltr'>ac</span> <span class='ocrx_word' id='word_1_266' title='bbox 549 2143 634 2182; x_wconf 89' lang='lat' dir='ltr'>rata</span> <span class='ocrx_word' id='word_1_267' title='bbox 684 2152 773 2182; x_wconf 88' lang='lat' dir='ltr'>esse</span> <span class='ocrx_word' id='word_1_268' title='bbox 822 2143 1042 2194; x_wconf 78' lang='lat' dir='ltr'>negant3...</span> <span class='ocrx_word' id='word_1_269' title='bbox 1076 2136 1345 2180; x_wconf 90' lang='lat' dir='ltr'>nihilominus</span> <span class='ocrx_word' id='word_1_270' title='bbox 1376 2137 1524 2180; x_wconf 88' lang='lat' dir='ltr'>Sancta</span> <span class='ocrx_word' id='word_1_271' title='bbox 1559 2136 1630 2179; x_wconf 91' lang='lat' dir='ltr'>Dei</span> <span class='ocrx_word' id='word_1_272' title='bbox 1665 2135 1849 2180; x_wconf 86' lang='lat' dir='ltr'>Ecclesia</span> 
     </span>
     <span class='ocr_line' id='line_1_31' title="bbox 224 2205 1851 2265; baseline -0.002 -11"><span class='ocrx_word' id='word_1_273' title='bbox 224 2225 272 2254; x_wconf 86' lang='lat' dir='ltr'>ex</span> <span class='ocrx_word' id='word_1_274' title='bbox 309 2212 542 2254; x_wconf 88' lang='lat' dir='ltr'>iustissimis</span> <span class='ocrx_word' id='word_1_275' title='bbox 575 2212 710 2254; x_wconf 88' lang='lat' dir='ltr'>causis</span> <span class='ocrx_word' id='word_1_276' title='bbox 745 2209 810 2253; x_wconf 88' lang='lat' dir='ltr'>illa</span> <span class='ocrx_word' id='word_1_277' title='bbox 844 2222 1009 2265; x_wconf 89' lang='lat' dir='ltr'>semper</span> <span class='ocrx_word' id='word_1_278' title='bbox 1041 2209 1240 2252; x_wconf 89' lang='lat' dir='ltr'>detestata</span> <span class='ocrx_word' id='word_1_279' title='bbox 1275 2213 1349 2262; x_wconf 81' lang='lat' dir='ltr'>est,</span> <span class='ocrx_word' id='word_1_280' title='bbox 1373 2213 1496 2265; x_wconf 88' lang='lat' dir='ltr'>atque</span> <span class='ocrx_word' id='word_1_281' title='bbox 1530 2207 1751 2264; x_wconf 88' lang='lat' dir='ltr'>prohibuit.</span> <span class='ocrx_word' id='word_1_282' title='bbox 1782 2205 1851 2251; x_wconf 86' lang='lat' dir='ltr'>Ve-</span> 
     </span>
     <span class='ocr_line' id='line_1_32' title="bbox 225 2277 1847 2337; baseline -0.002 -13"><span class='ocrx_word' id='word_1_283' title='bbox 225 2294 331 2334; x_wconf 88' lang='lat' dir='ltr'>rum,</span> <span class='ocrx_word' id='word_1_284' title='bbox 353 2294 446 2324; x_wconf 91' lang='lat' dir='ltr'>cum</span> <span class='ocrx_word' id='word_1_285' title='bbox 480 2281 517 2323; x_wconf 81' lang='lat' dir='ltr'>S.</span> <span class='ocrx_word' id='word_1_286' title='bbox 542 2281 734 2337; x_wconf 78' lang='lat' dir='ltr'>Synodus</span> <span class='ocrx_word' id='word_1_287' title='bbox 767 2279 1088 2332; x_wconf 76' lang='lat' dir='ltr'>animadvertat,</span> <span class='ocrx_word' id='word_1_288' title='bbox 1123 2278 1420 2335; x_wconf 89' lang='lat' dir='ltr'>prohibitiones</span> <span class='ocrx_word' id='word_1_289' title='bbox 1453 2278 1557 2332; x_wconf 65' lang='lat' dir='ltr'>illas,</span> <span class='ocrx_word' id='word_1_290' title='bbox 1588 2282 1755 2335; x_wconf 88' lang='lat' dir='ltr'>propter</span> <span class='ocrx_word' id='word_1_291' title='bbox 1777 2277 1847 2321; x_wconf 93' lang='lat' dir='ltr'>ho-</span> 
     </span>
     <span class='ocr_line' id='line_1_33' title="bbox 225 2349 1848 2406; baseline -0.001 -12"><span class='ocrx_word' id='word_1_292' title='bbox 225 2354 378 2395; x_wconf 89' lang='lat' dir='ltr'>minum</span> <span class='ocrx_word' id='word_1_293' title='bbox 415 2351 751 2406; x_wconf 83' lang='lat' dir='ltr'>inobedientiam,</span> <span class='ocrx_word' id='word_1_294' title='bbox 777 2353 857 2394; x_wconf 92' lang='lat' dir='ltr'>iam</span> <span class='ocrx_word' id='word_1_295' title='bbox 884 2364 963 2394; x_wconf 92' lang='lat' dir='ltr'>non</span> <span class='ocrx_word' id='word_1_296' title='bbox 989 2350 1208 2406; x_wconf 74' lang='lat' dir='ltr'>prodesse3</span> <span class='ocrx_word' id='word_1_297' title='bbox 1243 2354 1282 2393; x_wconf 94' lang='lat' dir='ltr'>et</span> <span class='ocrx_word' id='word_1_298' title='bbox 1305 2351 1450 2406; x_wconf 80' lang='lat' dir='ltr'>gravia</span> <span class='ocrx_word' id='word_1_299' title='bbox 1476 2349 1581 2392; x_wconf 91' lang='lat' dir='ltr'>mala</span> <span class='ocrx_word' id='word_1_300' title='bbox 1608 2349 1848 2406; x_wconf 75' lang='lat' dir='ltr'>perpendat,</span> 
     </span>
     <span class='ocr_line' id='line_1_34' title="bbox 222 2420 1847 2480; baseline 0 -18"><span class='ocrx_word' id='word_1_301' title='bbox 222 2435 327 2480; x_wconf 74' lang='lat' dir='ltr'>quae</span> <span class='ocrx_word' id='word_1_302' title='bbox 361 2436 409 2466; x_wconf 76' lang='lat' dir='ltr'>ex</span> <span class='ocrx_word' id='word_1_303' title='bbox 444 2422 598 2466; x_wconf 89' lang='lat' dir='ltr'>eisdem</span> <span class='ocrx_word' id='word_1_304' title='bbox 633 2422 902 2466; x_wconf 87' lang='lat' dir='ltr'>clandestinis</span> <span class='ocrx_word' id='word_1_305' title='bbox 949 2423 1154 2477; x_wconf 81' lang='lat' dir='ltr'>coniugiis</span> <span class='ocrx_word' id='word_1_306' title='bbox 1202 2425 1337 2464; x_wconf 92' lang='lat' dir='ltr'>ortum</span> <span class='ocrx_word' id='word_1_307' title='bbox 1385 2420 1560 2468; x_wconf 84' lang='lat' dir='ltr'>habent3</span> <span class='ocrx_word' id='word_1_308' title='bbox 1607 2421 1847 2476; x_wconf 89' lang='lat' dir='ltr'>praesertim</span> 
     </span>
     <span class='ocr_line' id='line_1_35' title="bbox 226 2491 1848 2550; baseline -0.001 -16"><span class='ocrx_word' id='word_1_309' title='bbox 226 2507 323 2537; x_wconf 83' lang='lat' dir='ltr'>vero</span> <span class='ocrx_word' id='word_1_310' title='bbox 351 2506 508 2547; x_wconf 71' lang='lat' dir='ltr'>eorum,</span> <span class='ocrx_word' id='word_1_311' title='bbox 534 2496 602 2550; x_wconf 81' lang='lat' dir='ltr'>qui</span> <span class='ocrx_word' id='word_1_312' title='bbox 629 2495 666 2536; x_wconf 93' lang='lat' dir='ltr'>in</span> <span class='ocrx_word' id='word_1_313' title='bbox 691 2498 798 2536; x_wconf 85' lang='lat' dir='ltr'>statu</span> <span class='ocrx_word' id='word_1_314' title='bbox 823 2493 1105 2536; x_wconf 81' lang='lat' dir='ltr'>damnationis</span> <span class='ocrx_word' id='word_1_315' title='bbox 1124 2496 1380 2548; x_wconf 87' lang='lat' dir='ltr'>permanent,</span> <span class='ocrx_word' id='word_1_316' title='bbox 1404 2491 1518 2547; x_wconf 80' lang='lat' dir='ltr'>dum,</span> <span class='ocrx_word' id='word_1_317' title='bbox 1543 2493 1680 2547; x_wconf 90' lang='lat' dir='ltr'>priore</span> <span class='ocrx_word' id='word_1_318' title='bbox 1704 2503 1848 2542; x_wconf 73' lang='lat' dir='ltr'>uxore,</span> 
     </span>
     <span class='ocr_line' id='line_1_36' title="bbox 221 2560 1850 2622; baseline -0.004 -13"><span class='ocrx_word' id='word_1_319' title='bbox 221 2579 316 2610; x_wconf 89' lang='lat' dir='ltr'>cum</span> <span class='ocrx_word' id='word_1_320' title='bbox 349 2578 428 2622; x_wconf 79' lang='lat' dir='ltr'>qua</span> <span class='ocrx_word' id='word_1_321' title='bbox 463 2564 567 2608; x_wconf 90' lang='lat' dir='ltr'>clam</span> <span class='ocrx_word' id='word_1_322' title='bbox 604 2568 911 2619; x_wconf 75' lang='lat' dir='ltr'>contraxerant,</span> <span class='ocrx_word' id='word_1_323' title='bbox 946 2563 1104 2617; x_wconf 83' lang='lat' dir='ltr'>relicta,</span> <span class='ocrx_word' id='word_1_324' title='bbox 1138 2576 1231 2606; x_wconf 88' lang='lat' dir='ltr'>cum</span> <span class='ocrx_word' id='word_1_325' title='bbox 1256 2562 1334 2605; x_wconf 87' lang='lat' dir='ltr'>alia</span> <span class='ocrx_word' id='word_1_326' title='bbox 1361 2562 1494 2618; x_wconf 91' lang='lat' dir='ltr'>palam</span> <span class='ocrx_word' id='word_1_327' title='bbox 1524 2560 1787 2614; x_wconf 85' lang='lat' dir='ltr'>contrahunt,</span> <span class='ocrx_word' id='word_1_328' title='bbox 1810 2565 1850 2604; x_wconf 92' lang='lat' dir='ltr'>et</span> 
     </span>
     <span class='ocr_line' id='line_1_37' title="bbox 221 2620 1850 2691; baseline -0.004 -11"><span class='ocrx_word' id='word_1_329' title='bbox 221 2649 315 2680; x_wconf 89' lang='lat' dir='ltr'>cum</span> <span class='ocrx_word' id='word_1_330' title='bbox 349 2648 395 2678; x_wconf 91' lang='lat' dir='ltr'>ea</span> <span class='ocrx_word' id='word_1_331' title='bbox 431 2637 468 2677; x_wconf 86' lang='lat' dir='ltr'>in</span> <span class='ocrx_word' id='word_1_332' title='bbox 506 2640 704 2691; x_wconf 87' lang='lat' dir='ltr'>perpetuo</span> <span class='ocrx_word' id='word_1_333' title='bbox 738 2634 943 2678; x_wconf 91' lang='lat' dir='ltr'>adulterio</span> <span class='ocrx_word' id='word_1_334' title='bbox 978 2636 1149 2682; x_wconf 88' lang='lat' dir='ltr'>vivunt;</span> <span class='ocrx_word' id='word_1_335' title='bbox 1183 2636 1249 2676; x_wconf 89' lang='lat' dir='ltr'>cui</span> <span class='ocrx_word' id='word_1_336' title='bbox 1286 2632 1393 2676; x_wconf 89' lang='lat' dir='ltr'>malo</span> <span class='ocrx_word' id='word_1_337' title='bbox 1436 2645 1529 2676; x_wconf 91' lang='lat' dir='ltr'>cum</span> <span class='ocrx_word' id='word_1_338' title='bbox 1565 2620 1620 2675; x_wconf 87' lang='lat' dir='ltr'>ab</span> <span class='ocrx_word' id='word_1_339' title='bbox 1649 2630 1850 2685; x_wconf 83' lang='lat' dir='ltr'>Ecclesia,</span> 
     </span>
     <span class='ocr_line' id='line_1_38' title="bbox 222 2700 1846 2765; baseline -0.003 -17"><span class='ocrx_word' id='word_1_340' title='bbox 222 2719 328 2765; x_wconf 77' lang='lat' dir='ltr'>quae</span> <span class='ocrx_word' id='word_1_341' title='bbox 361 2706 412 2749; x_wconf 93' lang='lat' dir='ltr'>de</span> <span class='ocrx_word' id='word_1_342' title='bbox 444 2705 616 2749; x_wconf 89' lang='lat' dir='ltr'>occultis</span> <span class='ocrx_word' id='word_1_343' title='bbox 649 2718 727 2748; x_wconf 94' lang='lat' dir='ltr'>non</span> <span class='ocrx_word' id='word_1_344' title='bbox 765 2705 933 2759; x_wconf 69' lang='lat' dir='ltr'>iudicat,</span> <span class='ocrx_word' id='word_1_345' title='bbox 956 2706 1143 2748; x_wconf 90' lang='lat' dir='ltr'>succurri</span> <span class='ocrx_word' id='word_1_346' title='bbox 1169 2717 1247 2747; x_wconf 91' lang='lat' dir='ltr'>non</span> <span class='ocrx_word' id='word_1_347' title='bbox 1275 2705 1413 2760; x_wconf 84' lang='lat' dir='ltr'>possit,</span> <span class='ocrx_word' id='word_1_348' title='bbox 1438 2705 1514 2746; x_wconf 88' lang='lat' dir='ltr'>nisi</span> <span class='ocrx_word' id='word_1_349' title='bbox 1544 2703 1753 2745; x_wconf 86' lang='lat' dir='ltr'>etlicacius</span> <span class='ocrx_word' id='word_1_350' title='bbox 1775 2700 1846 2744; x_wconf 90' lang='lat' dir='ltr'>ali-</span> 
     </span>
    </p>
   </div>
   <div class='ocr_carea' id='block_1_4' title="bbox 342 2857 667 2902">
    <p class='ocr_par' dir='ltr' id='par_1_6' title="bbox 342 2857 667 2902">
     <span class='ocr_line' id='line_1_39' title="bbox 342 2857 667 2902; baseline 0 -12"><span class='ocrx_word' id='word_1_351' title='bbox 342 2858 352 2879; x_wconf 64' lang='grc' dir='ltr'>ι</span> <span class='ocrx_word' id='word_1_352' title='bbox 381 2858 402 2890; x_wconf 84' lang='lat'><strong>2</strong></span> <span class='ocrx_word' id='word_1_353' title='bbox 430 2858 533 2902; x_wconf 81' lang='lat' dir='ltr'><strong>Aug.</strong></span> <span class='ocrx_word' id='word_1_354' title='bbox 565 2857 667 2891; x_wconf 78' lang='lat'>1907.</span> 
     </span>
    </p>
   </div>
   <div class='ocr_carea' id='block_1_5' title="bbox 1942 0 1971 611">
    <p class='ocr_par' dir='ltr' id='par_1_7' title="bbox 1942 0 1971 611">
     <span class='ocr_line' id='line_1_40' title="bbox 1942 0 1971 611; baseline 0 2650"><span class='ocrx_word' id='word_1_355' title='bbox 1942 0 1971 611; x_wconf 95' lang='lat' dir='ltr'> </span> 
     </span>
    </p>
   </div>
  </div>
 </body>
</html>
