1971 3261
103 114 198 150 Can.
228 114 321 149 1077
626 112 712 146 Tl'r.
740 112 826 147 VII.
852 132 864 138 -
892 112 948 147 De
975 112 1234 147 Matrimmzio
1670 111 1739 146 593

103 233 198 277 dani
232 230 498 276 cohabitandi
532 233 854 287 consanguineis
877 230 926 273 ad
963 233 1161 285 invicem,
1186 233 1238 273 ita
1273 235 1310 274 et
1334 230 1544 283 atlinibus3
1570 234 1610 274 et
1632 232 1737 274 sicut

102 309 162 348 est
196 303 401 361 quaedam
435 304 618 346 amicitia
655 304 760 345 inter
793 304 1137 357 consanguineOS,
1163 304 1216 344 ita
1252 304 1357 344 inter
1389 302 1576 345 aflines»
1608 303 1633 346 ¹.
1658 301 1736 345 Sed

102 375 180 419 hae
214 376 393 418 rationes
425 386 506 416 non
539 372 644 416 adeo
680 377 874 428 urgentes
906 378 1013 425 sunt.
1049 374 1160 429 quia,
1195 374 1268 415 etsi
1305 373 1514 415 atiinitatis
1546 374 1738 429 cognatio

101 449 153 490 sit
186 444 398 497 naturalis,
433 443 777 500 impedimentum
814 455 892 485 non
943 446 1003 485 est
1038 442 1238 485 naturalis
1273 445 1386 496 iuris,
1423 448 1462 486 ut
1496 447 1653 486 constat
1688 456 1735 486 ex

102 514 455 561 declarationibus
488 514 526 559 S.
562 513 725 570 Congr·.
763 513 848 570 lnq.
869 514 896 553 ².
921 512 987 556 Sic
1022 515 1147 568 igitur
1182 515 1346 569 propria
1378 519 1577 569 potestate
1612 516 1740 557 utitur

102 587 302 642 Ecclesia,
326 587 424 630 dum
459 585 709 629 determinat
743 587 780 627 in
816 598 907 627 can.
944 586 1075 633 1027.
1100 585 1125 637 ἓ
1159 586 1193 628 1.
1228 584 1430 641 „ts'sim'tas
1463 585 1512 628 ad
1550 597 1735 628 normani

100 672 191 703 can.
227 658 296 712 97,
329 671 401 701 seu
435 670 542 714 quae
579 657 755 699 «oritur
788 669 835 699 ex
873 656 1136 709 matrimonio
1174 654 1310 697 valido
1344 655 1490 710 (idest2
1517 658 1554 698 in
1592 656 1735 699 intide-

103 729 209 774 libus
243 729 444 786 legitimo)
465 731 554 771 sive
580 732 666 770 rato
692 731 849 770 tantum
883 729 972 769 sire
998 731 1084 769 rato
1119 730 1159 769 et
1181 731 1467 769 consummato
1492 742 1532 780 »,
1558 726 1597 769 in
1624 726 1736 770 linea

100 806 218 844 recta
266 804 434 858 propter
476 800 878 855 consanguinitatem
914 797 1153 841 alterutrius
1198 798 1338 853 partis,
1381 811 1502 853 quani
1550 810 1741 855 praesup-

103 874 229 929 ponit,
263 870 429 914 dirimit
482 869 799 913 matrimonimn
846 882 919 912 seu
968 871 1057 912 eius
1090 872 1367 921 contractum,
1402 870 1454 911 ita
1505 873 1545 910 ut
1594 868 1659 912 liic
1691 870 1742 911 sit

104 942 337 1000 prohibitus
370 944 557 999 graviter
589 954 637 984 ac
670 939 808 984 nullus
844 942 882 982 vi
932 939 1054 983 huius
1085 940 1256 983 canonis
1291 938 1489 995 implicito
1522 941 1740 982 statuentis

104 1018 272 1071 propter
306 1013 418 1057 illam
454 1011 657 1056 inhabiles
688 1024 758 1055 eas
793 1023 989 1068 personas
1022 1010 1166 1054 affines
1209 1010 1253 1052 in
1286 1009 1467 1067 quolibet
1498 1010 1664 1067 yruilm
1696 1010 1737 1053 in

102 1084 217 1128 linea
265 1083 509 1128 collaterali
556 1083 781 1136 affinitatis,
814 1095 938 1140 quam
988 1080 1092 1125 haec
1139 1080 1264 1124 habet
1309 1083 1347 1123 in
1383 1083 1742 1137 consanguinitate

105 1158 431 1213 praesupposita,
471 1170 492 1196 <t
515 1154 711 1197 dirimit»
739 1155 846 1197 sicut
878 1157 1012 1208 antea,
1041 1152 1112 1195 sed
1139 1166 1267 1209 usque
1301 1150 1357 1194 ad
1390 1150 1617 1194 seeundum
1648 1165 1745 1208 qra-

101 1226 200 1271 dum
248 1225 465 1275 inclusive,
499 1224 669 1268 excluso
717 1238 818 1281 ergo
868 1226 987 1268 tertio
1036 1229 1075 1267 et
1108 1229 1255 1281 quarto
1304 1225 1427 1266 etiam
1481 1225 1608 1266 mixto
1643 1236 1735 1266 cum

104 1301 238 1355 primo
271 1302 341 1341 aut
372 1296 570 1349 secundo,
594 1296 644 1339 ad
680 1309 783 1353 quos
816 1298 940 1339 etiam
974 1295 1170 1353 aequales
1205 1296 1318 1351 prius
1354 1294 1658 1338 extendebatur
1691 1307 1741 1337 ex

103 1368 229 1414 Conc.
265 1368 397 1413 Later.
433 1367 499 1411 IV.

222 1437 427 1492 Quamvis
459 1439 638 1482 affinitas
687 1440 725 1480 in
762 1450 842 1481 uno
876 1439 1100 1492 coniugum
1136 1435 1380 1479 naturaliter
1416 1439 1614 1492 sequatur
1646 1448 1742 1478 con-

103 1512 395 1567 sanguinitatis
431 1509 779 1566 multiplicitatem
814 1510 852 1550 in
887 1507 1032 1560 altero,
1066 1511 1203 1550 tamen
1238 1506 1289 1550 de
1326 1520 1433 1549 novo
1467 1508 1609 1549 statuit
1640 1506 1669 1564 ξ
1700 1509 1743 1549 2.

103 1580 344 1639 Affinitutis
378 1579 720 1638 impedimentum
759 1579 1046 1622 «dirimens»
1084 1578 1192 1630 (can.
1230 1578 1360 1631 1036,
1391 1577 1420 1636 ξ
1456 1577 1503 1634 ’2)
1536 1591 1585 1621 ex
1619 1577 1665 1636 §⁰
1702 1578 1744 1620 1υ

106 1652 436 1710 multiplicatur,
471 1665 544 1695 seu
581 1651 798 1707 multiplex
832 1656 891 1693 est
935 1650 973 1704 §³
1008 1649 1046 1692 li
1080 1651 1280 1693 canonica
1315 1651 1569 1692 matrimonii
1606 1649 1743 1705 prohi-

109 1722 208 1767 bitio
241 1725 384 1780 gravis
418 1735 512 1766 cum
548 1726 664 1765 actus
698 1722 952 1764 irritatione:
972 1718 1089 1762 -1ο
1117 1717 1290 1772 Quoties
1314 1717 1642 1772 multiplicatur,
1665 1732 1743 1762 non

107 1798 187 1839 iam
236 1793 437 1838 naturalis
480 1794 834 1849 consanguinitas,
867 1792 937 1834 sed
986 1788 1328 1848 impedimentuni
1361 1789 1746 1846 consang]uinitatis

106 1867 287 1911 scilicet:
327 1881 349 1907 <‹
372 1866 533 1922 quoties
565 1864 801 1907 communis
829 1864 956 1918 stipes
991 1860 1290 1917 multiplicatur
1315 1876 1338 1901 »
1364 1860 1472 1918 (can.
1502 1861 1629 1912 1076,
1651 1860 1679 1918 ξ
1704 1861 1746 1918 2)

108 1941 146 1981 in
182 1938 554 1993 consanguinitate,
589 1948 612 1977 α
662 1947 741 1991 quo
776 1933 1074 1990 impedimento
1112 1931 1223 1974 velut
1257 1931 1308 1975 de
1353 1935 1544 1975 contenta
1580 1931 1745 1988 partiali

105 2009 176 2053 sed
228 2010 373 2065 potiori
422 2009 670 2063 cognatione
716 2003 908 2062 procedit
942 2002 1048 2046 istud
1103 2003 1337 2045 affinitatis:
1374 2002 1579 2045 —Alius
1626 2014 1746 2046 casus

109 2078 348 2136 multiplicis
382 2077 667 2134 impedimenti
700 2088 751 2118 ex
785 2074 983 2117 affinitate
1017 2078 1075 2116 est
1112 2072 1162 2115 2Ο
1185 2071 1345 2116 Iterato
1375 2086 1453 2116 non
1487 2072 1622 2128 simul,
1648 2075 1743 2130 quia

108 2150 292 2193 invalide
325 2162 372 2193 ac
407 2148 548 2192 illicite
583 2148 712 2202 fieret,
747 2147 942 2203 quamvis
990 2146 1160 2188 canonis
1193 2146 1404 2201 sequentis
1439 2148 1575 2200 posset
1607 2145 1744 2186 enasci

109 2221 468 2278 impedimentum,
502 2218 573 2262 sed
618 2216 849 2260 successive
894 2215 1116 2273 validoque
1161 2214 1447 2269 matrimonio,
1483 2219 1624 2270 utpote
1658 2227 1745 2271 pro-

108 2294 196 2350 prie
228 2291 472 2348 accipiendo
507 2289 558 2333 de
595 2302 694 2332 vero
729 2286 1021 2331 matrimoniali
1056 2290 1287 2340 contractu,
1312 2299 1399 2328 eum
1435 2285 1746 2342 eousanquineo

107 2362 300 2419 eouiuyis
331 2361 534 2420 defuncti,
569 2362 666 2418 quia
701 2360 1013 2402 matrimonium
1047 2361 1216 2414 propter
1250 2358 1652 2412 consanguinitatem
1688 2355 1744 2399 al-

108 2435 373 2477 teriusutrius
405 2433 594 2488 coniugis
617 2431 860 2473 affinitatem
895 2428 1067 2482 inducit,
1091 2432 1131 2471 et
1163 2440 1212 2470 eo
1246 2427 1355 2485 quod
1382 2426 1481 2470 illud
1516 2429 1566 2470 sit
1591 2426 1744 2483 duplex

110 2517 261 2548 novam
297 2503 455 2548 inducit
489 2503 731 2546 affinitatem
766 2514 859 2544 cum
905 2512 950 2543 ea
989 2511 1176 2556 persona,
1211 2511 1318 2556 quae
1352 2511 1401 2542 ex
1437 2501 1570 2555 primo
1605 2500 1744 2541 matri-

111 2577 248 2618 monio
284 2575 419 2618 affinis
452 2576 533 2617 iam
566 2575 670 2617 facta
706 2574 852 2616 fuerat.

230 2645 328 2688 476.
363 2647 764 2702 Impedimentum
798 2644 1028 2700 publicae
1061 2643 1354 2693 honestatis,
1376 2642 1435 2684 sic
1467 2640 1624 2684 dictum
1649 2643 1743 2697 quia

114 2733 135 2757 «
161 2715 252 2759 talis
283 2717 572 2772 propinquitas
591 2716 774 2758 instituta
800 2718 860 2756 est
883 2712 934 2756 ab
958 2711 1143 2756 Ecclesia
1179 2717 1347 2769 propter
1372 2710 1627 2755 honestatem
1666 2724 1746 2754 ma-

230 2822 241 2844 ¹
267 2821 314 2855 D.
333 2819 405 2855 Th.
429 2820 570 2865 ‹SuppL
596 2832 632 2866 q.
661 2819 740 2861 LV,
766 2831 799 2853 a.
828 2819 850 2853 6
877 2830 907 2855 c.
935 2839 978 2843 —
1004 2818 1018 2840 2
1045 2817 1083 2852 S.
1114 2817 1155 2852 C.
1185 2817 1272 2862 Inq.
1300 2817 1346 2851 26
1373 2818 1475 2860 Aug.
1500 2817 1611 2859 18913
1643 2816 1681 2852 S.
1699 2816 1742 2851 C.

109 2869 197 2914 Inq.
226 2869 247 2902 4
275 2868 381 2912 Sept.
414 2868 518 2903 1743.

196 2947 293 2976 BLA'r
315 2962 333 2969 -
360 2945 484 2977 Comm.
514 2947 599 2975 Text.
625 2945 702 2976 Cod.
728 2946 802 2975 Iur.
830 2945 912 2974 Can.
1620 2943 1660 2972 38
