1971 3261
183 133 253 168 354
576 133 662 167 Lm.
690 134 763 167 III.
792 153 804 158 -
832 132 943 167 PARS
967 132 998 166 I.
1027 151 1039 158 -
1065 132 1123 167 De
1148 132 1413 167 Sam-amentis
1532 130 1626 166 Gan.
1651 129 1810 165 948-949
1875 127 1878 130 ’

184 254 382 308 assumpti
417 252 603 305 suerunt,
633 252 671 307 cf)
705 256 744 293 et
777 250 833 293 ad
864 250 1001 293 cultus
1033 249 1169 293 divini
1199 249 1497 303 ministerium,
1530 253 1575 292 ut
1606 262 1656 291 ex
1691 260 1806 304 prae-

185 323 305 366 dictis
351 327 524 375 constat,
567 327 606 364 et
638 321 772 379 quoad
808 321 1005 364 diaconos
1036 334 1086 364 ex
1122 321 1235 363 Actis
1276 319 1583 376 Apostolorum,
1629 317 1696 362 ubi
1740 332 1811 362 eos

184 406 257 449 per
290 395 594 448 impositionem
620 404 817 435 manuum
843 390 1133 447 Apostolorum
1158 390 1354 447 Spiritum
1379 390 1574 433 Sanctum
1601 391 1810 446 recepisse

185 465 393 515 novimus,
426 467 467 505 et
500 461 613 505 verbi
649 464 877 505 ministerio
909 460 1147 505 incubuisse
1182 474 1253 518 per
1294 461 1594 517 disputationes
1639 464 1684 503 ut
1723 459 1810 503 Ste-

186 533 380 589 phanum,
416 546 463 576 ac
499 546 570 589 per
602 532 899 576 catecheticam
935 534 1245 575 instructionem
1281 536 1322 574 ut
1348 530 1599 587 Philippum,
1623 530 1673 574 ad
1697 530 1807 588 quod

191 603 368 647 «cultus
401 603 531 646 divini
567 605 886 646 ministerium»
932 604 1130 645 remotius
1178 604 1252 658 ipsi
1302 602 1457 658 gradus
1505 601 1811 644 ecclesiasticae

186 677 452 717 institutionis
484 674 748 729 deputantur,
783 673 934 730 quibus
967 672 1166 729 gradibus
1201 673 1373 728 praediti
1407 672 1481 715 soli
1513 661 1723 728 «possunt
1746 684 1812 727 po-

185 750 371 788 testatem
409 745 705 788 iurisdictionis
738 744 1043 787 ecclesiasticae
1077 744 1302 788 obtinere»
1339 744 1444 799 (can.
1483 743 1598 800 118).

306 816 401 858 295.
423 818 658 861 Ordinum
691 817 956 861 distinctio.
977 841 1028 845 -
1054 814 1204 871 Logice
1237 813 1340 858 can¹.
1366 813 1518 870 praeci.
1552 813 1812 857 subnectitur

185 900 275 929 stan.
310 888 417 929 949.
454 884 498 928 In
535 885 764 928 canonibus
798 878 869 942 qui
901 890 1134 942 sequuntur·
1166 884 1242 928 snb
1274 884 1351 928 hoc
1384 883 1534 935 Titulo‚
1568 889 1611 926 ut.
1653 887 1811 926 constat

183 957 399 999 evidenter
432 970 480 999 ex
517 961 725 1010 contextu,
761 956 831 999 sed
866 961 980 999 certo
1013 958 1135 998 etiam
1171 960 1231 998 est
1264 954 1620 1011 interpretandum
1655 953 1706 996 de
1749 952 1812 996 bis

190 1027 458 1071 «canonibus
491 1029 558 1084 qui
593 1032 862 1084 sequuntur»
903 1040 1032 1084 usque
1066 1026 1116 1069 ad
1151 1026 1313 1070 Codicis
1345 1026 1486 1079 finem,
1519 1027 1615 1082 quia
1664 1029 1725 1068 est
1771 1024 1810 1067 id

185 1098 408 1141 tenendum
441 1098 701 1141 «secundum
729 1100 938 1154 propriam
961 1096 1182 1140 verborum
1202 1097 1544 1153 significationem
1561 1111 1581 1136 ))
1604 1094 1812 1151 (can.18),

186 1173 223 1211 et
258 1171 353 1226 quia
389 1182 466 1211 non
503 1168 621 1211 aliter
658 1168 783 1211 verba
807 1167 944 1212 Codex
972 1169 1119 1222 poterit
1144 1167 1444 1210 rationabiliter
1466 1169 1812 1222 accipere,quam

188 1242 226 1281 in
261 1252 381 1282 sensu
419 1253 490 1295 per
523 1242 655 1295 ipsum
693 1239 772 1281 illis
804 1238 1014 1292 attributo,
1041 1240 1123 1280 imo
1156 1240 1261 1283 si„in
1296 1236 1525 1281 canonibus
1549 1237 1623 1279 bos
1646 1248 1812 1292 praece-

187 1311 380 1353 dentibus
412 1313 644 1354 contrarius
680 1311 741 1353 vel
778 1311 882 1354 alius
906 1310 1052 1353 borum
1083 1309 1303 1353 verborum
1330 1322 1474 1351 sensus
1497 1321 1576 1350 non
1601 1312 1812 1364 appareat,

187 1394 257 1424 seu
292 1394 434 1424 eorum
469 1383 718 1437 significatio
756 1381 923 1425 «dubia
959 1386 998 1424 et
1030 1380 1206 1424 obscura
1233 1382 1443 1432 manserit,
1468 1376 1653 1422 ad'liunc
1678 1378 1811 1421 locum

188 1452 277 1508 (seu
310 1452 530 1507 canonem)
565 1450 728 1496 Codicis
763 1452 1004 1508 parallelum
1039 1456 1099 1494 est
1124 1450 1463 1494 recurrendum»
1494 1452 1603 1492 iuxta
1628 1453 1732 1492 can⁸.
1760 1448 1812 1490 18

187 1526 359 1565 textum.

306 1592 371 1635 Sic
407 1595 532 1649 igitur
563 1594 791 1637 secundum
827 1595 1068 1636 canonicam
1102 1594 1447 1648 significationem
1492 1591 1657 1634 nomine
1701 1589 1813 1632 ordi-

189 1677 284 1705 num
322 1663 542 1717 maiorum,
576 1677 623 1707 eo
657 1664 765 1721 quod
800 1676 820 1706 a
856 1669 1042 1719 tempore
1075 1663 1212 1706 lnnoc.
1239 1662 1289 1705 lll
1323 1676 1372 1705 ex
1410 1661 1489 1705 illis
1514 1666 1702 1718 poterant
1727 1662 1815 1702 iure

189 1733 284 1790 eligi
321 1737 358 1776 in
393 1734 632 1790 Episcopos,
667 1739 706 1777 et
739 1734 795 1776 illi
828 1734 879 1777 ad
913 1734 1101 1777 divinum
1137 1734 1329 1776 sacrificii
1365 1731 1631 1776 eucharistici
1654 1730 1812 1792 cultum

191 1807 378 1860 proxime
412 1805 629 1856 accedunt,
665 1805 726 1847 rel
757 1818 989 1857 sacrorum,
1013 1807 1102 1848 sive
1133 1809 1300 1860 propter
1323 1816 1440 1847 sacra
1465 1804 1692 1846 ministeria
1718 1803 1816 1858 ipsis

188 1875 397 1921 attributa,
427 1875 487 1918 vel
524 1879 676 1919 rectius
711 1881 877 1932 propter
910 1875 1138 1919 caelibatus
1171 1888 1218 1918 ac
1253 1876 1505 1918 recitationis
1528 1873 1724 1916 horarum
1748 1883 1814 1915 ca-

191 1948 430 1989 nonicarum
467 1946 752 2002 obligationes,
787 1945 1102 2003 inlelliyuntur,
1127 1959 1205 1988 non
1241 1945 1525 2001 Episcopatus,
1548 1944 1618 1986 sed
1643 1945 1815 1986 coniun-

188 2018 283 2058 ctim
319 2015 360 2072 a)
392 2019 723 2075 presbyteratus,
768 2019 836 2073 qui
885 2018 1096 2059 confertur
1143 2029 1215 2072 per
1264 2017 1568 2071 impositionem
1617 2025 1814 2056 manuum

191 2086 451 2143 presbyterii,
485 2101 633 2143 nempe
665 2087 859 2143 Episcopi
893 2091 1005 2130 certo
1039 2085 1314 2137 essentialem,
1339 2086 1598 2142 aliorumque
1623 2096 1815 2140 praesen-

190 2160 292 2199 tium
326 2158 604 2212 sacerdotum.v
629 2170 677 2201 ac
709 2157 852 2201 saltem
879 2162 920 2200 ut
945 2159 1219 2213 integrantcm
1246 2158 1461 2199 materiam
1488 2157 1719 2212 proximam
1743 2166 1816 2210 per

191 2229 454 2271 traditionem
490 2234 661 2284 patenae
695 2242 787 2271 cum
828 2240 930 2284 pane
963 2241 1011 2271 ac
1043 2227 1185 2271 calicis
1217 2241 1311 2271 cuin
1350 2229 1457 2277 vino,
1493 2231 1616 2283 atque
1649 2227 1816 2281 insuper

192 2313 263 2355 per
297 2302 600 2356 impositionem
635 2313 831 2343 manuum
876 2298 1082 2355 Episcopi,
1129 2312 1224 2342 cum
1275 2300 1515 2354 respectivis
1556 2295 1813 2352 singulorum

190 2374 355 2413 actuum
395 2370 556 2422 verbis;
593 2373 631 2413 in
657 2370 800 2413 ultima
829 2383 925 2413 vero
950 2372 1209 2425 impositione
1234 2382 1429 2412 manuum
1456 2382 1528 2425 per
1550 2367 1678 2411 verba
1708 2367 1818 2410 «Ac-

191 2443 282 2496 cipe
317 2441 513 2496 Spiritum
540 2441 734 2484 Sanctum
760 2456 800 2494 )>,
835 2441 885 2484 de
925 2453 1004 2497 qua
1044 2440 1234 2483 definivit
1257 2439 1491 2496 dogmatice
1514 2438 1636 2482 Conc.
1661 2437 1815 2491 Trid.¹;

196 2527 214 2551 ((
236 2512 273 2554 Si
310 2514 401 2568 quis
425 2512 592 2565 dixerit,
628 2525 699 2567 per
731 2523 894 2554 sacram
928 2511 1227 2554 ordinationem
1265 2523 1344 2553 non
1380 2510 1467 2553 dari
1502 2509 1697 2565 Spiritum
1723 2508 1818 2551 San-

190 2587 325 2626 ctum:
353 2593 399 2624 ac
427 2582 599 2637 proinde
625 2583 772 2625 frustra
806 2581 1031 2638 Episcopos
1063 2581 1223 2624 dicere:
1266 2581 1422 2636 Accipe
1464 2580 1664 2636 Spiritum
1713 2583 1815 2622 >jan—

190 2657 348 2694 ctum...
383 2651 602 2695 anatliema
638 2655 743 2695 sit».
781 2678 832 2682 -
871 2652 1050 2695 Potestas
1086 2664 1184 2694 vero
1224 2654 1262 2693 in
1315 2650 1602 2708 presbyteratu
1652 2654 1816 2705 recepta

191 2727 250 2765 est
295 2721 448 2778 duplex
495 2725 605 2765 iuxta
651 2722 842 2779 Episcopi
879 2721 1023 2765 verba:
1064 2722 1257 2777 «Accipe
1292 2726 1532 2778 potestatem
1567 2721 1715 2763 offerre
1747 2720 1816 2763 Sa-

311 2876 322 2897 1
351 2874 452 2909 Sess.
480 2874 633 2918 XXIII,
660 2886 722 2908 an.
743 2877 778 2908 4.
