1971 3261
133 146 227 183 Gans
252 145 323 181 985
708 145 793 180 TIT.
821 145 888 180 VI.
915 166 927 171 -
954 147 1010 181 De
1041 148 1185 182 Ordine
1694 147 1763 181 429

132 268 414 309 necessarium
452 264 675 320 praebente
708 267 1047 309 communissima
1082 274 1279 323 certaque
1316 271 1402 310 erat
1443 268 1479 309 in
1522 268 1636 322 praxi
1676 279 1764 309 sen·

133 339 275 389 tentia,
310 334 484 378 testibus
516 334 636 379 Card.
671 333 929 378 D'Annibale
964 341 1087 392 atque
1120 336 1241 380 Card.
1275 336 1383 393 Lega
1409 337 1435 381 ¹.
1475 354 1496 378 «
1523 336 1576 380 De
1611 351 1658 380 eo
1691 339 1760 394 qui

131 419 250 464 opem
274 409 504 463 proximam
526 405 753 461 praebuit»
782 407 837 449 ait
862 404 981 449 Card.
1008 405 1276 459 D’Annibale,
1305 423 1324 447 «
1351 408 1463 450 illum
1491 407 1760 464 irregularem

132 478 219 520 lieri
255 478 594 520 communissima
629 478 837 519 sententia
872 481 931 519 est
956 492 1002 528 »ς
1035 483 1158 533 atque
1192 478 1427 534 subiungit:
1458 495 1478 518 «
1502 478 1565 522 Ab
1591 478 1656 521 illa
1683 491 1760 521 non

130 549 263 591 ausim
299 547 554 590 recedere».

247 640 345 676 Nunc
374 641 558 676 videamus
586 640 714 687 quibus
742 641 826 676 iuris
853 640 1003 675 textibus
1032 641 1094 676 bae
1120 642 1328 677 assertiones
1355 643 1566 677 innitantur.
1595 642 1628 676 si
1649 642 1692 677 ab
1712 642 1763 676 ul-

130 695 215 730 timo
241 695 443 740 incipiatur,
474 694 612 729 videtur
640 704 737 740 posse
763 698 856 729 certo
884 693 1020 740 probari
1049 705 1087 728 ex
1115 705 1145 730 c.
1176 697 1194 727 ti
1223 699 1254 737 ξ.
1286 694 1345 730 Illi
1371 696 1468 730 eliani
1493 696 1537 731 De
1558 695 1761 737 homicidi0;

129 753 176 789 ibi
203 754 299 789 enim
329 753 473 798 legitur:
508 767 522 785 «
544 752 594 788 llli
622 753 728 789 etiam
757 752 817 799 qui
847 764 916 788 non
944 757 980 788 ut
1009 753 1163 793 ferirent,
1200 755 1257 789 sed
1295 759 1329 789 ut
1367 755 1627 800 percussoribus
1660 765 1760 800 opem

130 814 274 857 ferrent,
302 812 329 847 si
359 813 444 848 forte
472 823 530 858 per
555 812 705 848 aliorum
724 811 930 847 violentiam
950 811 1216 858 impedirentur,
1238 813 1339 858 paulo
1360 814 1485 848 minori
1505 814 1631 849 debent
1652 824 1762 859 poena

129 871 305 913 mulctari,
334 872 416 918 quia
442 876 577 907 constat
601 871 645 906 ab
665 871 842 906 homicidii
864 875 962 906 reatu
982 871 1158 906 immunes
1178 882 1247 906 nou
1267 883 1339 907 csse
1354 873 1411 918 qui
1432 872 1643 908 occisoribus
1661 883 1760 918 opem

128 936 249 967 contra
286 931 374 967 alios
413 936 588 977 praestare
615 936 838 966 venerunt».
868 951 912 956 -
942 929 1038 966 Unde
1064 930 1092 965 si
1121 931 1162 966 de
1191 931 1278 966 facto
1307 932 1552 977 praestiterunt
1579 943 1677 978 opem
1707 942 1762 967 ne-

127 991 316 1026 cessariam
344 991 486 1036 quidem
513 990 555 1025 ad
584 990 761 1026 homicidii
792 990 1036 1036 patrationem,
1066 1001 1137 1025 non
1165 990 1232 1025 iam
1259 994 1361 1036 paulo
1389 990 1511 1025 minori
1549 992 1607 1026 sed
1640 991 1760 1026 eadem

129 1060 239 1095 poena
278 1049 470 1084 mulctandi
498 1054 614 1091 erunt,
646 1048 858 1095 proindeque
884 1053 921 1084 ut
946 1048 1057 1094 ipsius
1083 1049 1130 1084 rei
1159 1049 1352 1084 homicidii.
1382 1070 1425 1074 —
1454 1049 1552 1089 Eum,
1571 1049 1628 1095 qui
1653 1049 1763 1084 consi-

128 1108 215 1143 lium
242 1108 360 1144 efficax
390 1108 561 1154 praebuit,
590 1107 655 1143 sub
681 1107 825 1143 nomine
850 1107 1070 1153 suggerentis
1100 1108 1364 1154 comprehendit
1403 1109 1560 1143 eiusdem
1589 1108 1713 1154 capitis
1746 1112 1765 1150 ξ

128 1178 299 1213 sequens:
347 1166 448 1211 «Qui
489 1178 568 1203 vero
605 1178 641 1201 se
666 1172 828 1203 asserunt
853 1166 1014 1202 animum
1045 1167 1145 1212 Regis
1172 1167 1410 1202 inflammasse
1437 1169 1478 1202 ad
1507 1168 1640 1208 odium,
1669 1167 1761 1203 unde

127 1225 356 1261 homicidium
385 1225 449 1260 fuit
475 1230 688 1272 sequutum:
717 1226 814 1266 dure,
843 1231 876 1261 et
902 1236 1036 1272 aspere,
1066 1226 1124 1261 sed
1153 1237 1222 1260 non
1252 1227 1299 1261 ita
1326 1236 1442 1261 severe
1469 1230 1551 1260 sunt
1573 1225 1760 1268 puniendi;

126 1284 194 1319 nisi
224 1285 309 1320 forte
339 1284 462 1329 Regem
493 1285 607 1331 ipsum
633 1285 676 1320 ad
704 1285 790 1320 illud
817 1285 1046 1320 homicidium
1074 1284 1146 1319 suis
1172 1285 1455 1330 suggestionibus
1472 1289 1761 1331 provocassent».

128 1343 215 1389 Ergo
251 1344 287 1378 in
327 1344 391 1379 hac
430 1344 554 1380 ultima
581 1344 833 1390 suppositione,
861 1344 911 1380 ila
936 1355 1044 1379 severe
1069 1351 1147 1379 sum
1171 1343 1334 1390 puniendi
1358 1355 1397 1379 ac
1426 1343 1614 1384 homicida,
1644 1348 1761 1389 utpote

127 1402 324 1439 homicidae
349 1404 455 1439 etiam
483 1404 562 1449 ipsi.
593 1424 635 1429 --
665 1403 805 1448 Ultimo,
834 1404 876 1440 de
903 1404 1095 1440 mandante
1122 1403 1275 1449 loquitur
1301 1414 1461 1449 expresse
1489 1404 1523 1437 in
1551 1414 1582 1438 c.
1609 1401 1627 1437 3
1660 1403 1694 1437 in
1726 1400 1763 1435 6⁰

129 1461 243 1497 Bonis.
275 1461 358 1497 Vlll.
391 1477 409 1496 «
429 1462 472 1506 ls,
501 1463 558 1508 qui
589 1463 733 1498 mandat
758 1463 910 1509 aliquem
940 1463 1126 1508 verberari,
1157 1463 1234 1498 lieet
1261 1473 1422 1509 expresse
1448 1462 1618 1502 inhibeat,
1649 1473 1692 1497 ne
1711 1473 1763 1497 oc-

126 1521 263 1557 cidatur
290 1522 478 1563 ullatenus,
508 1522 560 1557 vel
588 1522 745 1558 membro
771 1522 890 1568 aliquo
917 1522 1110 1565 mutiletur,
1138 1521 1340 1567 irregularis
1366 1522 1528 1565 efficitur,
1557 1522 1582 1555 si
1616 1521 1761 1556 manda-

125 1581 235 1617 tarius
262 1581 349 1617 fines
377 1580 531 1616 mandati
559 1581 729 1617 excedens
756 1582 904 1622 mutilet,
931 1581 984 1616 vel
1010 1581 1195 1617 occidat».
1226 1581 1402 1626 Additque
1421 1581 1613 1616 motivum:
1640 1596 1653 1610 «
1673 1579 1761 1615 Cum

127 1640 330 1676 mandando
356 1640 393 1675 in
420 1641 523 1687 culpa
551 1641 666 1681 fuerit,
695 1646 727 1676 et
754 1641 817 1676 hoc
843 1641 983 1677 evenire
1010 1651 1108 1687 posse
1134 1640 1293 1676 debuerit
1320 1640 1471 1685 cogitare
1492 1656 1524 1674 ›>.
1548 1639 1634 1685 Ergo
1653 1639 1762 1675 multo

127 1700 239 1745 magis
264 1700 366 1736 debet
392 1699 594 1746 irregularis
619 1700 720 1742 effici,
746 1701 804 1746 qui
835 1700 1041 1736 mandatum
1067 1699 1247 1735 occidendi
1276 1699 1328 1735 vel
1365 1699 1550 1734 mutilandi
1590 1699 1761 1745 praebuit.

126 1759 308 1806 Amplius:
338 1759 419 1805 quia
449 1759 657 1795 mandatum
685 1758 802 1794 influit
828 1759 872 1794 ad
898 1759 1034 1795 crimen
1061 1769 1241 1805 usquequo
1267 1758 1487 1794 mandatario
1515 1763 1596 1793 nota
1625 1758 1682 1793 fiat
1712 1768 1763 1793 re-

127 1819 260 1854 vocatio
287 1818 460 1863 mandati,
490 1830 561 1854 non
588 1824 767 1854 excusaret
787 1818 1016 1854 mandantem
1030 1818 1075 1854 ab
1095 1818 1350 1863 irregularitate
1368 1818 1621 1858 contrahenda,
1641 1817 1763 1852 effectu

125 1882 285 1923 sequuto,
317 1869 534 1923 poenitentia
560 1878 702 1913 interim
731 1877 851 1912 habita
877 1889 956 1913 cum
983 1877 1214 1913 revocationis
1242 1877 1431 1917 voluntate,
1465 1877 1531 1911 nisi
1564 1887 1640 1912 eam
1672 1886 1766 1911 revo-

126 1937 299 1973 cationem
328 1937 549 1973 mandatario
576 1937 776 1984 patefecerit
802 1942 884 1973 aute
912 1937 1066 1973 mandati
1095 1937 1376 1983 exequutionem.
1402 1957 1446 1962 -——
1466 1936 1693 1982 Nuncipsum
1709 1946 1764 1970 ca-

127 2007 255 2033 nonem
282 1997 555 2037 considerantes,
573 1997 775 2033 invenimus
792 1997 884 2043 quod
904 1997 1079 2034 mandans
1096 1997 1270 2032 actionem
1291 1997 1326 2031 in
1346 2007 1415 2042 qua
1431 1996 1473 2031 de
1493 1996 1580 2031 facto
1600 1999 1764 2041 sequatur

127 2054 354 2089 homicidium
371 2055 421 2091 vel
438 2054 623 2096 mutilatio,
639 2055 684 2090 ab
701 2056 773 2101 ipso
802 2055 987 2101 prohibita,
1012 2055 1159 2091 efficitur
1185 2054 1646 2099 nihilominusirregularis,
1667 2053 1764 2088 dum-

126 2112 228 2147 modo
253 2117 322 2148 tres
349 2113 574 2148 verificentur
600 2113 835 2154 conditiones,
863 2113 1043 2149 videlicet:
1071 2114 1163 2159 quod
1189 2113 1378 2148 mandando
1397 2113 1431 2147 in
1450 2112 1545 2158 calpa
1565 2111 1680 2158 fuerit,
1703 2111 1762 2145 Ιιοει

125 2171 253 2207 evenire
275 2183 372 2218 posse
399 2172 608 2216 (moraliter)
636 2172 784 2207 debuerit
810 2172 964 2219 coqitare,
991 2178 1097 2218 atque
1123 2178 1160 2208 ut
1185 2172 1304 2208 occisio
1330 2172 1380 2207 rel
1406 2171 1575 2207 ηιιιεὶῖαιὶο
1602 2182 1642 2206 ea:
1667 2182 1761 2205 mun-

125 2229 197 2265 dati
222 2231 444 2278 exequutione
469 2237 648 2278 sequatur,
676 2231 738 2267 etsi
766 2231 809 2267 ob
835 2231 1046 2272 inandalarii
1071 2243 1250 2267 excessum.

243 2312 419 2367 Quando
454 2315 767 2372 praemeditatio
801 2315 917 2359 deest
950 2321 1074 2373 atque
1117 2318 1367 2372 conspiratio
1418 2317 1524 2358 inter
1575 2315 1762 2357 criminis

126 2387 273 2441 socios,
308 2389 362 2429 ita
397 2391 441 2429 ut
474 2389 580 2429 inter
614 2386 752 2443 plures
786 2388 824 2429 in
860 2389 948 2430 rixa
983 2388 1255 2443 confligentes
1287 2386 1559 2430 homicidium
1587 2385 1648 2428 vel
1676 2398 1763 2427 mu-

127 2455 259 2500 tilatio
292 2462 509 2514 sequatur,
543 2457 611 2500 ille
645 2462 804 2500 tantum
838 2462 899 2501 est
932 2458 1174 2514 irregularis
1207 2460 1276 2515 qui
1310 2458 1461 2501 occidit
1498 2457 1559 2500 vel
1590 2455 1764 2506 mutilat,

126 2527 359 2571 secundum
394 2527 492 2571 illud
531 2530 632 2571 iuris
664 2527 946 2572 Romanorum
973 2528 1008 2570 ²:
1048 2544 1067 2570 c<
1090 2531 1123 2572 si
1160 2531 1248 2572 rixa
1282 2542 1506 2585 percussus
1540 2527 1661 2570 homo
1698 2539 1764 2582 pe-

128 2600 261 2654 rierit,
296 2601 403 2642 ictus
437 2601 766 2657 uniuscuiusque
789 2601 828 2642 in
853 2599 932 2643 hoc
956 2599 1225 2643 collectorum
1251 2599 1521 2656 contemplari
1547 2602 1705 2654 oportet
1724 2612 1762 2640 n.

247 2684 347 2729 Quae
373 2686 426 2721 lex
453 2690 595 2732 aptatur
622 2686 869 2732 irregularitati
896 2698 937 2723 ex
964 2687 1152 2723 homicidio
1178 2687 1213 2721 in
1242 2698 1272 2722 c.
1302 2685 1345 2721 ‘24
1373 2687 1407 2721 h.
1429 2691 1454 2721 t.
1475 2686 1518 2721 ab
1538 2685 1688 2720 Honorio
1708 2683 1762 2718 ill.

129 2744 188 2791 qui
214 2744 304 2780 ait...
339 2759 354 2777 «
375 2745 481 2791 quod,
508 2757 586 2781 cum
615 2746 749 2781 inimici
779 2746 982 2782 Dominicae
1008 2746 1187 2788 Crucis,...
1221 2750 1374 2781 castrum
1405 2745 1595 2791 quoddam.
1630 2744 1665 2778 in
1697 2754 1764 2788 quo

246 2847 258 2868 1
285 2846 619 2882 Praelectiones...
649 2846 696 2881 de
722 2847 881 2882 iudiciis
907 2847 1230 2882 ecelesiasticis...
1259 2846 1348 2881 Lib.
1367 2846 1418 2880 ΙΙ.
1441 2846 1518 2880 vol.
1540 2845 1661 2879 111.n.
1680 2844 1764 2880 31⁵2.

129 2913 169 2920 --
198 2893 212 2916 2
242 2894 283 2929 17
312 2892 351 2927 ff.
382 2893 430 2928 ad
457 2894 534 2940 leg.
564 2895 652 2930 Cor.
681 2894 726 2929 de
752 2895 822 2929 sic.
