1971 3261
185 158 279 195 Can.
306 158 374 193 821
570 157 656 191 Trr.
685 155 757 190 ΙΙΙ.
779 176 791 181 -
809 156 866 190 De
891 158 1145 190 sanctissima
1174 156 1427 190 Eucharistz‘a
1754 152 1819 186 13¹3.

187 278 296 322 illius
328 277 540 321 Ecclesiae
563 276 689 320 choro
714 275 885 328 addicti,
909 277 1022 318 iuxta
1059 275 1168 318 locos
1194 273 1414 331 paralellos
1440 275 1449 295 ¹
1486 286 1576 318 can.
1603 274 1703 328 413,
1723 274 1824 326 «510,

125 361 137 373 ·
188 348 230 406 b)
261 347 520 406 paroecialis
553 346 734 391 scilicet:
771 347 937 402 proprie
971 358 991 388 a
1029 345 1209 401 parocho
1243 344 1451 388 celebrata
1490 344 1551 388 rel
1587 343 1638 388 ab
1672 357 1719 388 co
1753 346 1821 401 qni

186 419 330 463 saltem
366 419 501 476 quoad
538 418 614 461 lioc
648 420 736 461 eius
771 419 884 459 vices
902 420 1019 472 gerat
1057 419 1094 458 in
1131 417 1340 472 paroecia,
1372 418 1483 459 iuxta
1520 415 1653 459 locum
1690 414 1822 471 paral-

187 489 347 534 lelum2
381 502 468 534 can.
507 489 589 531 466
623 488 678 547 §g
710 488 748 543 4,
785 488 822 538 5,
859 501 937 530 non
975 492 1116 530 (rectem
1151 486 1240 529 alia
1291 486 1395 529 ultra
1434 486 1542 529 illam
1578 486 1723 538 solam,
1760 485 1823 529 vel

188 563 224 604 in
251 561 341 604 aliis
363 560 551 604 ecclesiis
574 561 849 615 oratoriisque
883 558 974 600 sine
997 557 1230 615 apostolico
1255 556 1421 600 indullo
1445 570 1517 600 seu
1541 559 1824 607 concessione,

186 634 275 675 sive
309 630 522 688 peculiari,
547 633 635 673 sive
674 643 723 673 ex
751 632 840 672 iure
865 634 950 672 tum
988 631 1025 671 in
1060 628 1088 686 ξ
1121 629 1160 683 3,
1198 633 1281 671 tum
1320 631 1356 671 in
1393 641 1482 672 can.
1520 628 1618 682 239,
1643 630 1686 671 n⁰
1727 628 1770 670 4⁰
1797 628 1823 670 ³.

305 702 362 746 De
397 701 595 758 peculiari
636 703 920 754 concessione,
969 700 1050 743 duo
1085 713 1192 757 quae
1241 705 1478 757 sequuntur
1526 699 1698 743 Decreta
1732 709 1827 742 sunt

188 773 481 817 memoranda:
521 773 777 829 «Proposito
810 771 972 815 dubio⁴
1009 776 1146 814 utrum
1183 775 1272 827 post
1298 769 1435 815 Const.
1470 773 1695 827 “Sapienti
1730 783 1825 814 con-

187 845 320 899 silio„
354 849 511 901 spectet
546 845 595 887 ad
631 845 670 888 S.
694 842 821 899 Cong.
856 843 907 886 de
940 842 1159 898 disciplina
1193 844 1561 886 sacramentorum
1597 842 1828 885 concedere

189 915 427 960 facultatem
463 915 626 971 legendi
663 920 745 958 tres
780 916 925 957 missas
948 912 1185 956 Nativitatis
1210 912 1391 966 Domini,
1422 917 1559 965 noctu,
1594 915 1631 955 in
1666 912 1829 956 sacellis

192 987 367 1044 publicis
401 991 439 1030 et
473 985 684 1039 Ecclesiis‚
719 997 825 1042 quae
858 985 906 1028 ad
946 984 1021 1027 lioc
1056 984 1278 1041 privilegio
1317 984 1466 1040 Aplc0.
1503 984 1700 1040 indigent,
1735 997 1829 1027 cum

189 1057 481 1102 distributione
514 1057 656 1100 Ssmac
690 1055 976 1108 Eucharitiae3
1013 1068 1062 1098 an
1098 1055 1175 1098 hoc
1211 1056 1346 1110 potius
1373 1054 1640 1097 tribuendum
1676 1058 1727 1098 sit
1760 1056 1827 1099 SS.

191 1127 272 1171 Rit.
304 1125 486 1183 Congu-12⁷
520 1125 609 1169 Emi
646 1126 716 1169 ΡΙ).
752 1126 790 1169 S.
824 1123 990 1180 Congr.i
1034 1123 1222 1168 Consist.¹
1273 1127 1536 1180 praepositi...
1579 1125 1826 1181 responden—

191 1198 290 1240 dum
325 1201 598 1240 censuerunt:
634 1196 897 1238 Affirmative
931 1195 980 1238 ad
1017 1196 1194 1251 primam
1247 1198 1421 1250 partem,
1456 1197 1649 1250 negative
1683 1195 1732 1238 ad
1768 1208 1828 1238 se-

191 1267 370 1311 cundam
392 1283 429 1311 ³).
464 1267 555 1322 Qua
589 1267 898 1323 dispensatione
923 1265 1111 1321 indigent
1144 1267 1268 1307 etiam
1308 1264 1522 1321 regulares
1548 1268 1660 1308 iuxta
1685 1267 1723 1308 5.
1750 1265 1828 1309 Rit.

188 1336 339 1394 Congr.
359 1338 386 1382 ⁵.
427 1353 446 1378 «
465 1336 568 1380 Cum
601 1336 888 1393 superioribus
921 1335 1069 1379 diebus
1092 1334 1279 1379 consulta
1306 1335 1381 1379 hac
1405 1339 1443 1379 5.
1471 1336 1549 1380 Rit.
1575 1335 1616 1381 C.
1642 1351 1691 1379 an
1717 1342 1823 1380 esset

197 1408 520 1465 permittendum
559 1411 595 1450 in
633 1408 768 1451 media
803 1412 922 1450 nocte
970 1406 1126 1450 Natalis
1161 1406 1324 1449 Domini
1361 1412 1449 1464 post
1485 1406 1645 1450 Missam
1682 1408 1830 1451 decan-

191 1483 316 1523 tatam
351 1480 590 1523 successive
624 1478 725 1521 alias
759 1478 863 1521 duas
888 1480 1046 1531 missas,
1071 1482 1111 1520 et
1136 1479 1174 1520 in
1199 1479 1258 1520 eis
1290 1491 1452 1521 sacram
1487 1477 1830 1522 Communionem

190 1550 390 1595 exhibere
423 1549 618 1593 fidelibus
672 1549 784 1592 illam
834 1548 1175 1605 deposcentibusg
1212 1553 1252 1592 et
1287 1549 1579 1606 respondisset,
1616 1563 1694 1593 non
1745 1564 1834 1594 esse

193 1621 532 1678 permittendum,
581 1620 653 1664 sed
703 1622 872 1663 omnino
922 1624 1146 1676 utrumque
1198 1619 1530 1676 prohibem1um3
1566 1620 1835 1665 nihilominus

192 1692 378 1736 nonnulli
412 1691 641 1747 Regulares
688 1695 922 1734 asserentes
957 1690 1033 1734 boc
1070 1690 1209 1744 licere,
1260 1691 1548 1748 supplicarunt
1592 1692 1750 1735 audiri:
1786 1692 1834 1736 Et

311 1823 322 1844 1
351 1822 443 1858 Can.
470 1822 552 1856 413.
580 1825 598 1863 ξ
627 1822 659 1855 1.
690 1820 904 1863 Quodlibet
932 1820 1167 1865 Capitulum
1194 1821 1439 1866 obligatione
1466 1826 1630 1856 tenetur
1655 1822 1832 1867 quotidie

196 1870 330 1904 divina
355 1868 482 1904 officia
509 1869 549 1903 in
577 1869 698 1903 choro
724 1869 801 1902 rite
828 1868 1095 1914 persolvendi,
1127 1868 1250 1902 salvis
1276 1868 1525 1903 fundationis
1551 1869 1717 1915 legibus

312 1921 330 1959 g
355 1918 389 1951 2.
424 1917 615 1951 Divinum
640 1915 812 1950 officium
849 1915 1149 1960 comprehendit
1175 1916 1433 1961 psalmodiam
1468 1916 1653 1951 horarum
1679 1917 1834 1952 canoni-

194 1977 327 2000 carum
353 1970 392 1999 et
419 1964 724 1998 celebrationem
751 1975 840 1998 cum
867 1968 988 1997 cantu
1018 1963 1162 1997 Missae
1190 1965 1512 1998 conventualis...

314 2015 329 2055 ᾇ
355 2013 386 2046 3.
415 2012 577 2046 Missam
603 2011 911 2046 conventualem
931 2012 1016 2045 sine
1040 2016 1163 2044 cantu
1191 2011 1386 2046 celebrare
1406 2012 1498 2046 licet
1517 2012 1834 2054 hebdomadario.

195 2071 282 2094 cum
310 2060 350 2093 in
377 2059 553 2102 ecclesia,
579 2058 801 2104 pontificali
835 2059 931 2099 ritu,
961 2059 1183 2103 Episcopus
1220 2059 1282 2093 vel
1306 2059 1409 2093 alius
1444 2060 1528 2094 loeo
1561 2060 1743 2105 Episcopi
1771 2072 1834 2094 ce-

201 2107 342 2142 lebrat.

315 2155 408 2189 Can.
438 2154 508 2188 610
534 2158 552 2195 ἓ
581 2155 612 2187 1.
639 2154 685 2188 In
714 2154 983 2199 religionibus
1011 2154 1095 2188 sive
1124 2154 1299 2188 virorum
1327 2155 1410 2188 sive
1443 2155 1664 2195 mulierum,
1693 2155 1836 2201 quibus

195 2206 256 2236 est
282 2202 390 2236 chori
415 2201 666 2246 obligati0‚...
697 2201 813 2236 debet
831 2201 878 2236 ad
905 2213 1082 2236 normam
1098 2202 1437 2236 constitutionum
1464 2202 1638 2247 quotidie
1657 2203 1837 2237 divinum

197 2248 369 2284 officium
395 2249 657 2284 communiter
681 2250 866 2295 persolvi.

316 2301 335 2339 ἓ
360 2298 392 2330 ’2.
419 2297 541 2331 Missa
566 2308 720 2342 quoque
747 2295 873 2331 officio
901 2296 981 2330 diei
1009 2295 1250 2340 respondens
1271 2296 1492 2330 secundum
1512 2297 1684 2331 rubricas
1711 2298 1836 2342 quoti-

198 2344 261 2379 die
287 2344 471 2378 celebrari
498 2344 614 2378 debet
640 2345 682 2379 in
709 2344 972 2390 religionibus
999 2344 1174 2378 virorum
1200 2348 1240 2378 et
1268 2345 1402 2388 etiam⁷
1432 2344 1558 2389 quoad
1587 2344 1671 2378 fieri
1696 2346 1834 2390 possit,

199 2392 241 2426 in
267 2392 530 2437 religionibus
556 2393 785 2428 mulierum.

317 2439 331 2461 ‘³
357 2439 451 2474 Can.
480 2439 593 2474 466...
624 2443 643 2481 ξ
670 2441 708 2474 4.
731 2439 930 2473 Parochus
950 2438 1110 2472 Missam
1125 2449 1193 2482 pro
1213 2438 1358 2483 populo
1377 2439 1651 2483 applicandam
1669 2439 1838 2473 celebret

199 2486 241 2520 in
267 2487 431 2520 ecclesia
455 2487 676 2532 paroeciali,
705 2487 784 2521 nisi
810 2497 941 2520 rerum
958 2485 1147 2519 adiuncta
1165 2485 1328 2519 Missam
1347 2486 1441 2519 alibi
1469 2486 1739 2520 celebrandam
1759 2486 1836 2520 exi-

200 2538 298 2579 gant
324 2539 394 2568 aut
421 2534 627 2569 suadeant.

317 2584 333 2624 ᾇ
358 2583 390 2616 5.
417 2581 615 2626 Legitima
641 2582 783 2616 absens
809 2580 1002 2626 parochus
1030 2584 1162 2624 potest
1189 2580 1351 2614 Missam
1378 2592 1446 2625 pro
1475 2581 1618 2625 populo
1645 2582 1838 2626 applicare

200 2628 262 2662 vel
288 2628 371 2673 ipse
397 2640 465 2674 per
490 2640 530 2663 se
557 2630 598 2663 in
626 2630 708 2663 loco
736 2629 776 2662 in
804 2639 879 2673 quo
907 2627 1031 2673 degit,
1064 2628 1124 2661 vel
1152 2639 1220 2672 per
1246 2628 1491 2662 sacerdotem
1522 2629 1589 2673 qui
1617 2629 1703 2662 eius
1732 2629 1836 2663 vices

201 2681 313 2721 gerat
340 2676 380 2709 in
411 2679 600 2721 paroecia.

317 2723 331 2745 3
359 2723 439 2757 Can
466 2724 546 2758 239.
577 2727 591 2767 ᾆ
620 2727 651 2758 1.
680 2723 841 2757 Praeter
879 2723 957 2757 alia
996 2722 1253 2767 privilegia...
1296 2723 1523 2758 Cardinales
1561 2735 1696 2757 omnes
1722 2735 1743 2757 a
1769 2735 1838 2757 sua

201 2771 445 2815 promotione
470 2771 511 2804 in
548 2771 792 2806 Consistorio
817 2770 1007 2804 facultate
1043 2769 1282 2814 gaudentz...
1319 2772 1375 2804 4.0
1414 2771 1647 2805 Celebrandi
1680 2771 1739 2804 vel
1768 2771 1837 2804 alii

201 2818 458 2862 permittendi
486 2824 531 2852 ut
557 2830 685 2852 coram
711 2829 750 2851 se
778 2818 947 2851 celebret
965 2829 1085 2850 unam
1105 2817 1266 2851 Missam
1286 2818 1327 2851 in
1353 2818 1451 2852 feria
1472 2818 1503 2851 V
1517 2818 1677 2852 maioris
1696 2817 1837 2852 hebdo-

200 2863 334 2898 madae
361 2877 404 2899 ac
430 2871 511 2899 tres
537 2866 678 2899 Missas
706 2866 747 2898 in
775 2871 889 2898 nocte
917 2864 1155 2898 Nativitatis
1183 2865 1357 2899 Domini.
1603 2907 1605 2910 Α

319 2914 333 2934 4
361 2914 404 2946 14
432 2913 548 2946 Mart.
583 2913 687 2955 1910,
718 2911 793 2947 CO.
819 2912 870 2945 Π.
899 2912 980 2945 229.
1009 2933 1050 2936 —
1078 2912 1091 2933 ²3
1118 2912 1163 2946 N.
1194 2912 1281 2952 7si;
1311 2913 1331 2947 7
1358 2912 1450 2946 Dec.
1482 2913 1584 2945 1341.
