1971 3261
217 171 310 208 Can.
341 172 490 208 790-792
705 173 787 207 ΤιΤ.
815 172 866 207 1Ι.
897 193 910 199 -
935 173 992 208 De
1035 173 1348 218 Confirmatione
1810 175 1856 208 Sa

214 291 511 335 confirmandis
533 307 555 332 »
592 294 676 335 ait:
716 291 848 335 «Hoc
880 297 1188 336 sacramentum
1225 296 1356 348 potest
1389 293 1569 335 conferri
1610 295 1746 335 minus
1794 306 1856 336 so-

215 362 419 416 lemniter,
453 374 718 420 quocumque
751 362 831 412 (lie,
867 361 980 416 hora,
1016 366 1055 405 et
1100 362 1203 417 loco,
1251 376 1299 405 ex
1351 375 1476 406 causa
1533 363 1582 405 acl
1634 362 1852 406 arbitrium

218 431 471 489 Episcopi».
506 431 605 476 Tres
637 433 746 476 solos
778 446 958 476 canones
991 437 1117 488 caput
1162 433 1238 476 hoc
1289 432 1434 476 babet:
1484 446 1531 476 ac
1580 435 1738 489 primus
1782 446 1853 476 seu

217 503 301 546 790
335 503 387 546 ile
420 508 606 560 tempore
641 503 835 562 loquitur,
870 516 961 548 can.
995 504 1072 546 791
1114 504 1166 547 (le
1199 503 1289 547 loco
1322 504 1674 547 administrationi
1701 517 1853 547 conre-

218 576 370 627 niente,
403 579 442 617 et
475 586 564 618 can.
600 574 683 617 792
718 574 907 631 designat
942 574 1028 618 loca
1065 577 1101 617 in
1137 575 1289 632 quibus
1325 574 1527 631 Episcopo
1567 577 1629 618 ius
1683 580 1742 618 est
1791 588 1854 618 sa-

217 648 478 688 cramentum
514 644 613 688 illud
647 645 904 689 conferendi.

333 717 401 760 86.
436 717 511 762 De
541 720 781 774 tempore.
816 742 837 748 -
876 716 1099 761 Rubricam
1137 717 1266 762 Pont.⁵
1298 716 1437 762 Ιὶοῐῐι.1
1473 719 1511 760 in
1540 716 1616 761 hac
1645 722 1759 771 parte
1782 716 1852 760 atl-

218 788 341 830 mittit
375 787 494 843 plene
527 801 618 832 can.
655 790 761 833 790.
796 787 884 831 Hoc
930 793 1243 831 sacramentam
1292 788 1437 846 quovis
1493 793 1680 846 tempore
1727 788 1853 832 idest:

220 873 242 900 «
264 870 529 916 quocumque
561 858 628 902 (lie
662 864 699 902 et
735 858 835 902 liora
860 874 880 900 ›>
918 858 1106 916 conferri
1136 864 1287 916 potest,
1323 858 1433 902 nulla
1473 860 1599 916 igitur
1625 864 1736 902 extat
1762 871 1854 915 pro-

215 927 383 984 bibit103
419 928 600 972 maoeime
632 934 772 972 autem
805 928 919 972 (lecet
955 934 1124 986 propter
1158 934 1348 973 naturam
1403 934 1444 973 et
1491 930 1662 973 ett'ectus
1709 930 1855 973 Sacra-

215 1001 343 1042 menti
380 998 515 1053 liuius,
548 1000 599 1043 ile
632 999 784 1057 quibus
816 1013 941 1057 supra
977 1000 1133 1044 dictum
1180 1005 1252 1055 est,
1303 999 1413 1042 illud
1461 999 1762 1043 administrari
1809 1000 1853 1042 in

216 1067 474 1113 hebdomada
512 1069 784 1126 Pentecostes‚
820 1072 988 1129 quantlo
1022 1070 1260 1115 celebratur
1288 1071 1538 1114 *solemniter
1588 1072 1735 1114 festum
1780 1071 1851 1114 (le-

214 1153 385 1184 scensus
417 1141 595 1197 Spiritus
628 1144 768 1186 Sancti
804 1144 842 1184 in
878 1141 1040 1185 Domini
1066 1141 1311 1199 discipulos3
1335 1142 1407 1185 sed
1433 1141 1620 1186 decentia
1644 1141 1708 1185 illa
1736 1154 1851 1198 prae-

214 1216 382 1268 ceptum
416 1225 547 1269 grave
581 1226 659 1256 non
695 1215 898 1256 enuntiat.

334 1283 403 1326 87.
440 1285 512 1330 De
544 1285 669 1330 loco.
701 1310 727 1314 -
765 1282 866 1327 Can.
900 1286 1001 1326 791.
1036 1282 1153 1326 Licet
1183 1283 1386 1342 proprias
1419 1283 1755 1339 confirmationis
1779 1282 1854 1326 ad-

214 1353 526 1397 ministrandae
557 1353 672 1397 locas
705 1353 880 1397 ecclesia
903 1354 976 1406 sil,
1001 1359 1143 1411 utpote
1166 1355 1291 1398 aedes
1313 1366 1430 1398 sacra
1461 1370 1482 1395 «
1505 1354 1648 1397 (lirino
1673 1353 1800 1397 cultui
1826 1370 1848 1395 »

212 1437 284 1467 seu
319 1428 531 1482 tamquam
566 1425 716 1468 domus
749 1427 948 1468 orationis
987 1425 1242 1481 «dedicata,
1279 1429 1321 1469 ut
1354 1423 1548 1468 omnibus
1581 1424 1731 1469 Christi
1759 1425 1853 1468 tide-

213 1493 321 1538 libus
354 1498 444 1539 usui
476 1498 528 1539 sit
551 1511 571 1537 ³)
609 1494 718 1552 (can.
756 1495 909 1552 1161);
945 1500 984 1540 et
1017 1498 1084 1540 cui
1126 1499 1351 1540 «oratoria
1388 1495 1551 1553 publica
1604 1498 1692 1539 iure
1716 1512 1736 1537 »
1790 1508 1852 1539 ae-

212 1569 486 1623 quiparantur
519 1566 628 1624 (can.
665 1567 771 1610 1191
810 1567 838 1625 ἓ
872 1566 929 1624 1),
964 1581 1015 1610 eoe
1048 1581 1178 1610 caasa
1213 1572 1350 1610 tamen
1400 1581 1523 1625 qaam
1572 1568 1609 1623 a)
1659 1567 1854 1610 mi'nister

212 1638 341 1693 ipsius
373 1637 596 1694 singularis
628 1640 878 1681 sacramenti
914 1638 1158 1682 conserendi
1196 1637 1236 1694 b)
1269 1637 1427 1681 iustam
1459 1651 1530 1681 seu
1567 1640 1850 1694 proportiona-

212 1712 293 1752 tam
329 1722 379 1751 ac
409 1707 707 1752 rationabilem
741 1709 864 1753 idest:
901 1711 1049 1752 rationi
1086 1722 1165 1752 non
1201 1711 1381 1766 passioni
1414 1722 1487 1752 seu
1513 1708 1641 1752 lubito
1666 1711 1850 1753 innixam

211 1778 480 1833 iudicaverit,
508 1784 650 1838 potest
683 1778 758 1823 lzoc
790 1785 1105 1823 sacramentum
1139 1780 1190 1824 ad
1237 1792 1426 1823 normam
1479 1780 1730 1824 Pontilicalis
1772 1780 1850 1824 Ro-

212 1853 321 1894 mani
355 1850 399 1893 in
431 1849 614 1908 quolibet
646 1850 733 1894 alio
767 1850 934 1894 decenti
967 1850 1069 1906 loco,
1103 1853 1177 1894 etsi
1216 1852 1392 1907 profano
1427 1853 1466 1894 in
1492 1853 1660 1895 oratorii
1686 1852 1851 1895 delectu

216 1919 417 1979 conferri.

329 1993 396 2036 88.
434 1994 506 2039 De
537 1995 642 2039 iure
677 1995 926 2050 Episcopi.
961 2016 984 2025 -
1025 1991 1124 2036 Can.
1162 1995 1269 2038 792.
1303 1991 1514 2051 Episcopo
1536 1998 1778 2037 consecrato
1802 2006 1850 2037 ac

209 2062 477 2119 residentiali,
513 2062 706 2120 illiusque
740 2066 907 2107 nomine
943 2063 1006 2107 bic
1046 2078 1067 2104 c(
1094 2065 1207 2107 venit
1240 2077 1406 2122 quoque
1442 2063 1581 2108 Abbas
1621 2064 1681 2107 vel
1726 2064 1846 2108 Prae-

212 2133 317 2178 latus
349 2133 525 2191 millias,
560 2133 668 2192 (can.
704 2134 801 2190 215,
836 2137 861 2189 ἓ
895 2134 956 2191 2))
992 2134 1059 2177 ias
1092 2139 1154 2177 est
1186 2134 1305 2178 intra
1352 2134 1453 2191 fines
1496 2149 1598 2178 suae
1631 2134 1847 2186 dioecesis,

208 2206 298 2248 sive
331 2203 523 2248 abbatiae
559 2204 621 2248 vel
658 2207 919 2261 praelaturae
953 2204 1120 2260 nulliuS,
1153 2205 1417 2249 exclusivum
1467 2218 1565 2262 erga
1610 2205 1712 2249 alios
1756 2205 1848 2262 Epi-

209 2289 357 2332 scopos
376 2281 418 2319 ut
436 2289 481 2319 su
490 2288 575 2332 pra,
595 2275 958 2332 confirmationem
977 2275 1315 2319 administrandi
1337 2275 1492 2333 ubique
1506 2276 1548 2319 iii
1565 2275 1667 2319 loeis
1682 2290 1842 2334 qaoque

209 2346 425 2404 eoeemptis,
460 2349 512 2389 ita
548 2351 591 2389 ut
631 2346 747 2390 salva
802 2347 982 2403 regulari
1033 2347 1316 2402 observantia,
1349 2348 1438 2390 eius
1475 2346 1675 2390 voluntati
1721 2348 1842 2390 ratio-

207 2416 333 2461 nabili
367 2417 503 2475 quoad
538 2416 644 2461 hanc
679 2430 765 2460 rem
802 2422 983 2475 nequeat
1017 2417 1183 2461 obstare
1217 2419 1342 2461 etiam
1382 2418 1581 2474 Superior
1631 2417 1842 2473 religionis

206 2487 412 2531 clericalis
444 2493 678 2544 exemptae,
712 2490 938 2546 quominus
973 2488 1152 2545 idipsum
1189 2493 1373 2545 peragat.
1411 2488 1457 2531 Et
1508 2489 1719 2545 praedicto
1765 2491 1841 2531 turi

207 2561 400 2615 congruit
434 2561 739 2615 praescriptum
773 2572 863 2603 can.
900 2560 1001 2613 783,
1032 2561 1059 2616 ᾖ
1104 2559 1126 2602 2
1177 2559 1232 2603 ibi
1280 2559 1555 2613 declaratum,
1598 2573 1644 2603 ac
1696 2559 1847 2602 intelli-

206 2630 387 2686 gendum
423 2630 473 2673 de
505 2630 568 2673 bis
602 2630 701 2674 locis
734 2633 860 2674 etiam
895 2633 1116 2688 exemptis,
1150 2631 1317 2688 quando
1350 2634 1434 2674 ait:
1464 2647 1486 2672 α
1511 2633 1548 2674 ἰι]
1574 2630 1708 2674 aliena
1733 2630 1843 2674 illoe-

204 2703 287 2744 cesi
313 2716 352 2753 )),
385 2714 466 2758 quo
500 2714 598 2744 casu
632 2714 825 2745 assensus
859 2701 1060 2758 praedicti
1096 2702 1332 2758 Superioris
1367 2715 1534 2746 necesse
1568 2706 1626 2745 est
1654 2701 1837 2745 accedat.
