1971 3261
90 112 164 145 -250
488 108 570 142 ΜΒ.
596 107 668 142 III.
699 129 711 134 -
738 109 848 143 PARS
874 110 904 144 Ι.
935 131 947 136 -
974 111 1031 147 De
1056 112 1324 147 Sam-amentis
1530 114 1622 151 Can.
1652 116 1723 151 889

88 235 132 273 et
164 234 324 273 tenetur
357 228 507 278 celare,
540 230 733 285 quamvis
773 231 937 285 proprie
970 229 1187 287 loquendo,
1222 231 1405 288 sigillum
1453 234 1722 279 confessionis

94 314 172 344 non
207 300 354 343 habeat
380 315 418 340 >).
456 325 508 329 —
543 298 620 342 Hic
654 304 826 355 apparet
873 312 996 356 quam
1032 305 1143 344 recte
1176 314 1222 344 ac
1263 304 1429 359 proprie
1476 303 1586 347 dicat
1616 305 1645 363 ξ
1679 305 1715 349 2.

96 370 366 427 Obliqatione
398 368 596 412 servandi
638 369 948 413 sacramentale
984 370 1172 427 siqillam
1221 374 1280 416 sic
1318 373 1474 416 dictum
1522 387 1570 417 eo
1611 377 1720 433 quod

89 442 286 486 eumdem
321 442 522 496 originem
550 442 710 496 repetit,
735 453 905 497 nempe:
946 443 1247 486 confessionem
1282 445 1624 489 sacramentalem
1660 451 1724 490 eass

89 513 270 568 demque
304 524 397 554 cum
432 510 648 566 explicatis
681 513 921 554 extensione
954 524 1002 556 ac
1033 513 1168 567 modo,
1203 520 1398 557 tenemur
1430 529 1601 574 qaoque,
1627 516 1723 561 binc

89 585 213 625 etiam
249 594 346 638 erga
379 582 676 624 confessarium
711 583 817 624 sicut
841 582 908 625 ille
931 595 1029 639 erga
1063 597 1148 637 eos,
1172 584 1383 642 interpres
1405 586 1573 630 forsitan
1605 587 1721 630 adhi-

94 653 201 696 bitus
235 652 344 695 licite
367 665 417 695 ex
451 653 718 695 concessione
751 664 841 696 can.
877 653 959 696 903
985 655 1091 697 infra
1125 655 1361 711 explicandi
1401 656 1561 715 aliique
1583 671 1722 701 omnes

91 723 270 766 scilicet:
307 725 382 765 viri
422 722 484 766 vel
527 722 734 777 mulieres,
769 726 842 767 etsi
875 737 955 767 non
991 725 1200 780 catholici,
1232 725 1288 769 aa'
1320 740 1420 784 quos
1453 728 1608 771 notitia
1642 742 1720 772 non

91 797 170 837 iam
193 796 349 850 peccati
368 794 543 837 confessi
563 794 874 851 quomodolibet
899 794 1051 850 habita7
1088 797 1160 840 sed
1196 797 1423 841 formaliter
1446 798 1722 856 confessionis

92 867 247 920 peccati
283 878 354 908 seu
391 878 441 908 ex
475 866 742 919 confessione,
769 866 1072 923 quoquomodo
1110 881 1145 908 v.
1180 881 1240 924 gr.
1266 868 1365 911 dum
1404 870 1723 914 circumstantes

87 935 374 979 confessionali
409 935 637 992 quidquam
674 935 904 980 voluntarie
940 937 1003 980 vel
1038 937 1317 982 involuntarie
1350 939 1583 996 audierunt,
1626 954 1720 998 per-

89 1006 263 1049 venerit.
289 1032 341 1036 —
368 1005 473 1049 Hinc
506 1008 628 1049 etiam
664 1007 934 1050 confirmatur
967 1007 1012 1050 D.
1047 1007 1228 1052 Thomae
1261 1009 1449 1054 doctrina
1484 1010 1526 1055 *ε
1565 1012 1720 1069 «quod

92 1077 171 1131 ille,
207 1077 257 1120 ad
282 1090 406 1134 quem
430 1079 571 1120 notitia
598 1080 754 1134 peccati
779 1078 948 1121 devenit
967 1079 1175 1123 mediante
1199 1081 1414 1124 sacerdote
1437 1081 1488 1125 de
1510 1081 1722 1126 voluntate

89 1149 336 1193 confitentis,
371 1149 589 1204 participat
613 1150 650 1190 in
676 1148 814 1205 aliquo
837 1153 932 1192 actu
955 1150 1196 1205 sacerdotis,
1221 1155 1261 1193 et
1284 1151 1377 1194 ideo
1409 1152 1545 1196 simile
1578 1157 1638 1196 est
1671 1153 1721 1197 de

89 1233 138 1262 eo
171 1224 210 1262 et
243 1219 294 1262 de
320 1221 557 1274 interprete,
581 1220 657 1261 nisi
684 1220 786 1262 forte
826 1224 1018 1275 peccator
1045 1220 1156 1276 velit,
1180 1221 1289 1278 quod
1317 1221 1383 1265 ille
1411 1222 1598 1267 absolute
1620 1226 1722 1267 sciat

91 1295 132 1333 el
165 1289 293 1333 libere
328 1306 365 1332 )).
425 1326 429 1330 .

207 1395 286 1430 0213.
317 1398 624 1439 Obligationes
652 1399 982 1432 ordinariorum
1011 1410 1060 1434 ac
1093 1402 1375 1442 superiorum
1415 1401 1719 1443 religiosorum

97 1457 175 1489 hac
199 1457 250 1490 de
277 1464 406 1490 causa
433 1455 564 1491 edictae
590 1461 671 1490 sunt
699 1456 734 1490 in
775 1455 808 1491 S.
836 1455 984 1501 Congr.S
1012 1456 1047 1492 S.
1078 1456 1189 1493 Officii
1220 1458 1453 1494 instructione
1484 1473 1498 1491 α
1519 1458 1720 1495 Naturalem

87 1518 122 1548 et
148 1513 304 1549 divinam
325 1528 340 1546 »
363 1514 376 1536 2
402 1514 445 1549 ad
465 1525 521 1550 eos
542 1515 659 1555 missa,
683 1515 764 1560 quia
782 1515 874 1561 ipsos
893 1516 1034 1557 directe,
1056 1517 1249 1553 sacerdotes
1267 1522 1385 1553 autem
1404 1518 1573 1554 indirecte
1591 1518 1721 1564 obligat

90 1572 195 1608 etiam
224 1578 297 1619 post
325 1572 461 1608 Codicis
490 1574 654 1618 vigorem,
688 1585 726 1609 eo
759 1575 849 1620 quod
883 1575 917 1609 in
953 1583 1048 1610 cans.
1080 1584 1205 1622 praees.
1242 1577 1428 1622 perfectam
1462 1577 1721 1613 observantiam

89 1631 205 1672 ducat,
237 1632 451 1678 fundataque
478 1632 521 1667 sit
549 1632 584 1667 in
611 1633 842 1668 confessionis
870 1635 1135 1670 sacramentalis
1173 1640 1311 1671 natura.
1341 1635 1587 1672 Transcribere
1625 1636 1720 1672 illam

94 1690 242 1726 utilitate
268 1702 338 1726 non
367 1696 475 1726 vacat.
511 1705 525 1723 <r
546 1690 620 1726 Non
647 1692 773 1727 desunt
800 1692 1032 1728 nihilominus
1059 1694 1271 1740 quandoque
1298 1694 1460 1730 salutaris
1488 1695 1590 1730 huius
1609 1706 1722 1731 sacra-

97 1750 203 1785 menti
230 1750 430 1785 administri
460 1750 533 1796 qui.
562 1751 705 1786 reticitis
732 1762 948 1797 quamquam
974 1752 1152 1794 omnibus,
1181 1764 1269 1799 quae
1298 1753 1507 1799 poenitentis
1539 1765 1721 1800 personam

92 1809 420 1855 quomodocumque
451 1809 593 1855 prodere
619 1815 760 1856 queant,
789 1810 831 1846 de
857 1811 1041 1846 submissis
1069 1812 1104 1846 in
1132 1812 1374 1847 sacramentali
1403 1812 1619 1849 confessione
1649 1813 1717 1848 cla-

93 1868 186 1902 vium
215 1868 387 1914 potestati.
416 1868 489 1904 sive
518 1868 552 1902 in
582 1869 725 1914 privatis
744 1870 1033 1905 collocutionibus
1059 1871 1130 1906 sive
1158 1871 1192 1905 in
1223 1871 1369 1917 publicis
1387 1871 1430 1907 ad
1455 1872 1622 1917 populum
1641 1883 1721 1907 con-

91 1926 251 1962 cionibus
282 1927 337 1971 (ad
364 1927 578 1969 auditorum,
606 1932 642 1962 ut
667 1928 777 1969 aiunt,
804 1929 1100 1975 aedificationem)
1126 1934 1253 1965 temere
1280 1941 1477 1966 sermonem
1512 1930 1622 1967 facere
1648 1942 1719 1967 non

96 1991 291 2022 vereantur.
322 1985 410 2022 Cum
439 1992 555 2022 autem
595 1987 630 2021 in
658 1998 694 2023 re
719 1988 806 2022 tanti
848 1989 1009 2034 ponderis
1035 1994 1068 2025 et
1108 1990 1274 2025 momenti
1305 1990 1433 2025 nedum
1473 1990 1660 2036 perfectam
1687 1995 1719 2026 et

89 2050 369 2080 consummatam
400 2045 568 2081 iniuriam
596 2046 653 2081 sed
679 2051 712 2081 et
737 2057 877 2082 omnem
909 2047 1058 2084 iniuriae
1084 2049 1233 2095 speciem
1260 2053 1292 2084 et
1330 2049 1564 2095 suspicionem
1591 2049 1720 2085 studio-

92 2104 229 2139 sissime
257 2104 354 2139 vitari
383 2109 547 2150 oporteat,
576 2105 690 2151 palam
717 2112 767 2141 est
794 2107 960 2142 omnibus
987 2118 1091 2153 quam
1121 2119 1194 2143 mos
1221 2108 1419 2144 huiusmodi
1447 2109 1492 2143 sit
1518 2108 1720 2155 improban-

89 2163 165 2198 dus.
196 2162 282 2198 Nam
308 2164 370 2199 etsi
399 2163 432 2198 id
463 2164 521 2198 fiat
548 2164 643 2199 salvo
669 2164 947 2201 substantialiter
973 2171 1102 2202 secreto
1128 2167 1387 2208 sacramentali,
1424 2167 1498 2214 pias
1524 2172 1640 2203 autem
1659 2178 1719 2203 au-

86 2223 259 2258 dientium
286 2233 386 2258 aures
415 2223 505 2258 haud
545 2223 718 2259 offendere
748 2233 781 2259 et
812 2225 1043 2261 diffidentiam
1070 2226 1104 2260 in
1133 2237 1251 2261 eorum
1278 2226 1407 2260 animis
1445 2226 1537 2262 haud
1571 2226 1720 2262 excitare

91 2292 174 2317 sane
201 2292 269 2317 non
299 2286 419 2327 potest.
455 2281 554 2326 Quod
582 2283 723 2328 quidem
741 2284 785 2318 ab
805 2283 907 2319 buius
934 2285 1142 2320 sacramenti
1170 2289 1295 2320 natura
1323 2296 1462 2331 prorsus
1480 2289 1531 2321 est
1547 2285 1716 2326 alienum,

87 2351 155 2386 quo
180 2340 361 2376 clementis
373 2341 484 2376 simus
512 2340 613 2382 Deus,
643 2354 725 2388 qaae
748 2354 808 2389 per
841 2342 1065 2389 fraqilicatem
1099 2343 1263 2378 humanae
1297 2343 1556 2380 conversationis
1583 2350 1719 2391 peccata

88 2399 321 2440 commisimas,
351 2399 691 2436 misericordissimae
716 2413 797 2437 suae
824 2401 960 2448 pietatis
993 2401 1084 2437 venia
1100 2402 1235 2449 penitas
1261 2402 1419 2449 absterqit
1444 2407 1548 2449 atque
1573 2403 1718 2439 omnino

92 2457 321 2493 obliviscitur.

207 2516 299 2553 Haec
324 2518 443 2553 animo
470 2523 636 2565 reputans
668 2519 771 2566 Supr.
813 2521 897 2556 haec
925 2519 959 2555 S.
990 2519 1116 2566 Congr.
1148 2519 1183 2556 S.
1228 2519 1340 2556 Officii
1370 2522 1527 2557 muneris
1564 2523 1618 2557 sui
1645 2532 1720 2558 esse

88 2576 184 2612 ducit
210 2576 374 2612 omnibus
419 2578 570 2613 locorum
599 2576 798 2614 Ordinariis
825 2577 1072 2625 Ordinumque
1098 2579 1322 2624 Regularium
1361 2585 1393 2616 et
1419 2591 1719 2627 quorumcumque

96 2635 345 2680 Religiosorum
375 2636 614 2672 institutorum
642 2636 898 2684 Superioribus⁷
927 2638 1079 2683 graviter
1103 2643 1246 2674 onerata
1279 2649 1397 2674 eorum
1430 2639 1654 2681 conscientia,
1681 2639 1716 2674 in

94 2694 239 2730 Domino
267 2694 464 2741 praecipere
492 2699 527 2730 ut
554 2696 752 2731 huiusmodi
779 2697 923 2739 abusus,
950 2696 977 2731 si
1005 2708 1090 2743 quos
1115 2697 1242 2732 alicubi
1263 2698 1539 2743 deprehendant,
1562 2703 1718 2744 prompte

93 2814 231 2894 XXIX¹
250 2812 384 2895 Sluggpl.
411 2826 446 2858 q.
476 2813 545 2853 XI,
575 2819 646 2848 art.
671 2816 693 2848 4
723 2815 769 2848 ad
795 2816 857 2849 4¹¹².
896 2834 940 2842 —
966 2815 980 2836 ²
1006 2815 1027 2848 9
1054 2815 1140 2848 fun.
1174 2815 1275 2851 1915.
1319 2813 1484 2850 Monaore
1522 2814 1716 2857 ecclesiast„
