1971 3261
685 149 771 183 Trr.
799 147 886 182 VII.
915 168 927 173 -
954 147 1012 182 De
1043 147 1303 182 Matrimonio
1724 145 1795 180 693

162 152 256 188 Gan.
283 150 375 187 1132

163 276 204 316 et
235 272 480 315 auctoritate
511 273 607 312 sunt
641 268 833 325 ponendi,
870 270 926 311 uti
973 269 1115 324 regula
1158 265 1365 323 generalis
1408 266 1618 323 profluens
1662 264 1795 322 logice

163 357 212 387 ex
237 341 588 396 circumstantiis;
622 340 693 383 sed
718 341 814 397 quia
842 338 962 382 valde
995 338 1193 381 damnum
1219 339 1279 380 eis
1303 339 1555 391 immineret,
1580 350 1654 380 nec
1688 341 1796 380 esset

166 412 358 471 possibile
392 413 636 468 praecaveri
670 409 722 454 ab
756 409 939 453 Ecclesia
976 412 1013 452 in
1048 411 1236 466 sequenti
1272 420 1386 462 casu,
1418 408 1587 451 additur
1619 407 1697 450 alia
1732 421 1795 451 re-

164 485 258 542 gula
291 482 369 527 sub
400 482 665 527 conditione:
710 487 750 524 et
792 480 830 523 si
872 480 984 523 alter
1026 480 1263 538 comaqum,
1296 493 1475 536 nempe:
1521 481 1694 522 maritus
1730 479 1794 523 vel

165 569 282 611 uxor,
315 553 371 597 sit
404 551 679 608 acatholicus,
714 554 911 610 quamvis
948 557 1086 595 sectae
1125 565 1204 595 non
1248 551 1498 607 adscriptuS,
1530 550 1600 594 sed
1637 555 1796 594 tantum

164 626 400 670 haereticus
432 623 500 668 vel
533 624 825 668 schismaticus
867 628 906 667 et
939 635 960 666 a
1004 624 1162 666 fortiori
1207 622 1399 676 inlidelis,
1438 638 1460 663 «
1483 621 1554 664 tilii
1589 622 1795 665 educandi

163 701 321 750 sunt»,
355 701 398 740 ut
444 708 568 753 supra
619 695 876 739 declaratum
926 699 1000 750 est,
1051 694 1093 751 b)
1124 708 1252 752 penes
1289 693 1506 750 coniuyem
1544 691 1797 736 catholicam

163 769 298 812 forsan
344 780 423 811 non
473 769 736 810 innocentem
787 768 825 809 in
875 779 999 809 causa
1047 767 1333 821 separationis.
1370 790 1421 795 —
1457 763 1650 807 Attamen
1700 766 1795 821 quia

163 841 502 884 circumstantiae
524 851 696 882 casuum
723 837 974 894 multiplices
998 837 1243 894 prudentem
1278 834 1514 879 suadebunt
1546 835 1798 893 quandoque

163 924 297 965 secus,
331 923 380 954 ac
412 910 569 953 dictum
604 914 678 964 est,
713 911 778 966 agi
813 913 1018 966 oportere,
1055 907 1229 951 multum
1267 907 1388 950 laude
1421 907 1546 964 digna
1583 911 1643 950 est
1676 919 1796 950 exce-

166 985 276 1039 ptio:
310 981 397 1025 nisi
438 981 483 1024 in
526 987 704 1039 utroque
745 993 846 1023 casu
888 979 965 1024 sub
999 979 1146 1023 litteris
1178 979 1220 1035 a)
1253 983 1293 1022 et
1327 978 1370 1035 b)
1408 976 1671 1021 Ordinarius
1705 991 1799 1034 pro-

165 1056 360 1097 nuntians
391 1053 442 1096 de
474 1054 750 1109 separatione,
776 1051 841 1094 vel
871 1054 1030 1095 tantum
1056 1051 1107 1093 de
1132 1051 1315 1106 praefata
1350 1049 1596 1093 educatione
1631 1051 1668 1091 in
1698 1061 1796 1092 casu

164 1126 373 1169 discessus
404 1123 577 1181 legitimi
612 1136 660 1166 ex
695 1125 942 1166 auctoritate
978 1124 1154 1178 privata,
1200 1120 1242 1179 a)
1273 1134 1352 1179 pro
1385 1120 1574 1179 ipsoram
1613 1119 1799 1177 filiorum

164 1196 267 1240 bono
300 1197 422 1239 unice
445 1195 711 1250 intendendO,
736 1194 846 1251 quod
882 1206 1078 1251 praesens
1100 1206 1233 1237 canon
1259 1194 1441 1249 respicit,
1472 1192 1543 1236 sed
1579 1192 1797 1248 temporali

164 1279 345 1325 quoque,
379 1278 474 1310 nam
508 1268 724 1323 sequitur:
759 1264 804 1322 b)
835 1264 957 1308 salva
988 1277 1154 1322 semper
1184 1262 1425 1307 eorumdem
1457 1261 1670 1306 catholica
1703 1262 1801 1306 edu-

165 1337 345 1391 catione,
375 1349 483 1395 quae
517 1338 789 1393 praecipuum
823 1340 884 1378 est
917 1335 1068 1379 bonum
1107 1336 1292 1378 fortassis
1326 1347 1452 1391 penes
1484 1335 1704 1390 coniugem
1743 1347 1802 1377 re-

163 1411 351 1466 spective
383 1407 634 1465 culpabilem
669 1412 739 1450 aut
771 1405 1049 1450 acatholicum
1085 1405 1281 1462 possibile
1327 1418 1399 1462 per
1446 1404 1663 1448 formalem
1697 1403 1798 1448 obli-

164 1481 375 1537 gationem
407 1491 507 1536 erga
549 1477 781 1522 Ecclesiam
818 1477 881 1520 vel
929 1476 1106 1520 alterum
1150 1478 1387 1533 coniugem,
1420 1475 1542 1519 aliud
1578 1488 1626 1520 ac
1658 1477 1801 1519 statuit

165 1551 415 1609 generaliter
447 1563 595 1606 canon,
635 1565 655 1591 «
678 1546 930 1594 Ordinarius
952 1564 972 1590 ι)
1011 1547 1258 1600 decreverit,
1294 1549 1427 1605 prouti
1452 1547 1530 1591 hoc
1553 1559 1712 1591 canone
1745 1548 1800 1590 ei-

164 1622 259 1666 dem
294 1626 474 1679 potestas
505 1620 761 1666 attribuitur.

868 1797 1015 1835 CAPUT
1043 1798 1099 1834 Xl.

649 1884 704 1918 De
728 1882 969 1918 matrimonii
993 1881 1320 1917 convalidatione.

508 2003 606 2046 Aur.
643 2002 670 2046 1.
707 2029 761 2034 -
798 2001 857 2046 Dc
888 2000 1231 2046 convalidatione
1262 1999 1461 2058 simplici.

214 2108 300 2146 CAN.
323 2108 423 2144 1133.
442 2130 459 2135 -
476 2113 496 2152 ξ
520 2108 548 2143 1.
579 2108 629 2144 Ad
649 2108 946 2144 convalidandum

166 2157 432 2193 matrimonium
446 2157 584 2192 irritum
596 2156 640 2191 ob
653 2156 946 2202 impedimentum

165 2205 348 2247 dirimens,
374 2204 568 2250 requiritur
602 2209 640 2239 ut
673 2208 783 2239 cesset
808 2203 861 2239 vel
899 2203 949 2238 di-

166 2257 352 2300 spensetur
371 2252 663 2298 impedimentum
684 2256 718 2287 et
734 2262 947 2287 consensum

166 2304 310 2336 renovet
318 2299 440 2335 saltem
453 2311 531 2345 pars
542 2299 785 2346 impedimenti
796 2299 949 2335 conscia.

214 2351 234 2390 g
253 2347 285 2382 2.
316 2346 407 2382 Haec
425 2348 604 2383 renovatio
623 2347 697 2382 iure
714 2346 949 2382 ecclesiastico

166 2394 358 2441 requiritur
374 2395 418 2430 ad
438 2395 667 2434 validitatem.
688 2394 825 2430 etiamsi
847 2394 949 2430 initio

167 2447 315 2488 utraque
332 2453 409 2488 pars
428 2453 638 2478 consensum
657 2442 866 2488 praestiterit
885 2452 949 2477 nec

170 2495 287 2536 postea
312 2490 538 2525 revocaverit.

215 2537 302 2573 cm.
343 2535 443 2572 1134.
479 2557 500 2564 -
540 2536 730 2573 Renovatio
756 2547 949 2572 consensus

168 2584 272 2620 debet
308 2594 385 2620 esse
421 2596 531 2620 novus
558 2584 749 2619 voluntatis
786 2589 885 2619 actus
911 2584 947 2618 in

170 2632 435 2667 matrimonium
463 2633 555 2678 qnod
593 2636 728 2667 constet
766 2631 810 2667 ab
849 2631 949 2667 initio

170 2679 309 2714 nullum
338 2679 457 2715 tuisse.

218 2726 304 2762 CAN.
337 2725 425 2761 1135
447 2746 463 2754 -
484 2730 503 2769 ξ
532 2726 561 2761 1.
589 2725 623 2762 Si
656 2726 949 2772 impedimentum

170 2774 216 2809 sit
255 2773 445 2820 publicum,
491 2784 683 2809 consensus
721 2774 766 2809 ah
804 2779 951 2819 utraque

172 2826 269 2868 parte
294 2821 517 2856 renovandus
543 2826 595 2857 cst
615 2821 725 2856 forma
751 2821 825 2856 iure
853 2832 950 2866 prae-

171 2870 237 2905 scri
268 2873 314 2904 ta.

219 2880 296 2959 592.
325 2914 359 2951 Si
379 2916 424 2950 sit
441 2915 616 2951 occultum
643 2919 676 2950 et
701 2915 840 2961 utrique
862 2914 949 2961 parti

1022 2111 1158 2148 notum,
1186 2106 1271 2142 satis
1297 2110 1348 2142 est
1367 2110 1404 2141 ut
1419 2116 1613 2142 consensus
1639 2105 1683 2142 ab
1709 2111 1803 2142 utra-

1019 2166 1088 2201 que
1127 2159 1223 2201 parte
1262 2158 1449 2190 renovetur
1488 2153 1651 2200 privatim
1688 2159 1721 2189 et
1755 2165 1804 2190 se-

1020 2207 1127 2238 creto.

1068 2254 1087 2292 g
1114 2248 1147 2284 3.
1169 2247 1205 2284 Si
1224 2249 1268 2283 sit
1283 2248 1457 2284 occultum
1471 2252 1506 2284 et
1522 2248 1582 2283 uni
1601 2248 1687 2295 parti
1706 2249 1805 2294 igno-

1020 2302 1110 2339 tum,
1131 2297 1215 2332 satis
1231 2301 1284 2332 est
1302 2300 1340 2332 ut
1358 2296 1431 2331 sola
1449 2307 1530 2343 pars
1557 2295 1802 2342 impedimenti

1021 2344 1162 2381 conscia
1187 2355 1400 2380 consensum
1422 2343 1585 2390 privatim
1612 2348 1646 2379 et
1671 2348 1804 2380 secreto

1021 2396 1176 2435 renovet,
1204 2391 1396 2427 dummodo
1421 2391 1532 2427 altera
1564 2393 1602 2426 in
1628 2402 1803 2428 consensu

1022 2440 1189 2487 praestito
1218 2443 1424 2486 perseveret.

1070 2486 1154 2523 CAN.
1181 2486 1283 2522 1136.
1315 2507 1331 2512 -
1360 2490 1380 2528 ξ
1410 2486 1440 2521 l.
1471 2485 1735 2522 Matrimonium
1765 2487 1806 2521 ir-

1021 2535 1129 2570 ritum
1155 2536 1199 2570 ob
1225 2535 1400 2570 defectum
1427 2544 1621 2569 consensus
1651 2534 1804 2570 convali-

1023 2583 1136 2623 datur.
1162 2582 1189 2616 si
1227 2593 1307 2628 pars
1340 2592 1429 2627 quae
1463 2592 1533 2617 non
1569 2587 1807 2623 consenserat,

1023 2630 1091 2666 iam
1112 2630 1323 2670 consentiat,
1340 2629 1531 2664 dummodo
1549 2639 1743 2664 consensus
1761 2630 1805 2665 ab

1023 2678 1134 2714 altera
1162 2682 1258 2723 parte
1287 2676 1473 2723 praestitus
1501 2681 1708 2723 perseveret.

1071 2729 1090 2768 ξ
1110 2725 1144 2759 2.
1162 2724 1197 2761 Si
1213 2724 1369 2760 defectus
1384 2735 1578 2759 consensus
1594 2724 1697 2759 fuerit
1713 2734 1806 2760 mere

1024 2772 1199 2812 internus,
1229 2772 1313 2807 satis
1352 2776 1404 2807 est
1439 2776 1476 2806 ut
1505 2782 1584 2818 pars
1618 2782 1707 2816 quae
1735 2782 1805 2806 non

1023 2824 1262 2862 consenserat,
1293 2819 1440 2854 interius
1466 2818 1676 2854 consentiat.

1071 2870 1090 2913 ξ
1109 2867 1141 2901 3.
1163 2865 1198 2902 Si
1221 2867 1323 2902 fuerit
1341 2866 1447 2902 etiam
1466 2871 1630 2902 externus
1665 2876 1806 2902 necesse

1023 2919 1075 2950 est
1099 2925 1310 2950 consensum
1336 2913 1443 2949 etiam
1470 2913 1624 2949 exterius
1658 2913 1805 2948 manife-
