1971 3261
147 149 236 184 Can.
264 146 421 182 974-975
718 146 801 180 Ti‘r.
832 146 893 180 VI.
920 166 932 171 -
961 146 1014 180 De
1052 147 1194 181 Ordine
1703 143 1773 178 395

142 264 201 300 alii
228 267 312 309 (non
338 263 525 306 exclusive)
553 263 803 307 religiosorum.
830 267 860 297 et
890 274 980 297 unus
1010 264 1168 309 proprius
1194 263 1339 298 omnino
1367 262 1591 305 regularium.
1625 261 1769 297 Demum

144 323 237 357 inter
262 322 379 357 titulos
406 322 479 357 iure
504 321 674 356 admissos
700 326 799 356 erant
827 321 914 355 tituli
944 322 1125 362 ordinarii,
1155 322 1211 367 qui
1240 321 1396 356 absolute
1422 320 1708 358 admittebantur,
1732 331 1771 355 ac

142 381 233 416 tituli
260 380 523 416 extraordinarii
552 391 611 415 seu
638 379 851 420 subsidiarii,
880 380 961 425 quia
990 381 1022 414 in
1053 381 1205 425 priorum
1234 385 1370 415 tantum
1406 380 1540 415 defectu
1571 390 1630 414 seu
1657 379 1774 414 condi·

142 441 272 476 tionate
300 440 438 475 fuerunt
467 439 629 474 admissi.

263 498 297 533 ln
325 498 444 534 eadem
474 499 596 544 praec-i.
624 497 811 543 disciplina
833 502 980 542 quatuor
1009 498 1145 532 suerunt
1174 509 1290 532 sacrae
1317 498 1547 533 ordinationis
1587 497 1679 532 tituli
1716 508 1769 532 ca·

143 558 270 592 nonico
298 557 370 592 iure
395 556 555 596 admissi,
583 566 731 601 quorum
759 560 826 590 tres
853 555 943 589 clero
969 556 1135 590 saeculari
1167 556 1307 601 proprii.
1339 567 1428 590 uuus
1456 567 1533 590 vero
1559 555 1769 599 regularium

142 617 218 656 fuit,
248 616 397 651 scilicet:
430 615 655 661 paupertatis
685 614 734 649 llli
762 619 880 649 autem
908 620 989 649 sunt
1018 615 1138 648 titulus
1165 615 1361 649 ordinarius
1399 615 1570 655 beneticii,
1600 626 1639 649 ac
1679 615 1767 650 tituli

141 675 406 712 extraordinarii
438 674 634 720 patrimonii
663 678 767 719 atque
795 673 973 719 pensionis
998 673 1264 708 ecclesiasticae.
1299 673 1506 709 §lutationes
1543 674 1706 719 patebunt
1735 673 1769 707 in

146 746 224 769 ean.
254 732 422 768 979-982.

262 829 370 872 Talis
402 834 460 872 est
497 834 612 871 tenor
644 830 684 883 {¹
720 830 762 873 3.
800 827 920 881 Quod
940 827 1122 885 perlinel
1147 827 1202 869 αι]
1227 828 1577 870 consecra{ionem
1613 829 1767 885 episeo-

143 900 296 959 palem,
321 902 429 944 circa
455 913 501 943 ea
525 912 630 956 quae
657 902 693 941 in
720 898 1005 955 promovendo
1034 914 1055 939 «
1080 900 1353 955 requiruntur
1378 916 1416 952 n,
1439 905 1774 956 .s·ere=elm·71rae-

145 971 349 1029 seo-ipim
387 985 477 1013 ean..
510 972 610 1025 331,
659 972 696 1013 in
740 972 858 1013 cuius
907 969 994 1027 «ξο
1031 969 1067 1013 1.
1112 968 1161 1013 Ut
1205 972 1296 1026 quis
1346 970 1516 1012 idoneus
1561 970 1773 1025 habeatur,

146 1043 243 1100 quid
279 1041 402 1085 debet
434 1055 521 1084 esse
545 1057 564 1081 ³>
603 1040 680 1084 sub
703 1043 886 1098 quinque
921 1041 1104 1083 numeris
1127 1040 1291 1089 dicitur,
1323 1042 1359 1081 iu
1385 1040 1535 1096 quibus
1560 1040 1622 1083 liic
1647 1054 1775 1084 enun-

147 1107 244 1157 tiata
270 1115 480 1170 requisita,
503 1112 573 1156 sed
601 1114 758 1168 potiora
791 1115 1070 1154 recensentur.
1097 1110 1201 1153 Hine
1225 1117 1445 1167 sequentes
1468 1124 1647 1154 canones
1670 1115 1774 1155 sicut

148 1186 376 1241 praesentis
407 1184 469 1242 §¹¹¹³
498 1184 510 1225 l
541 1183 591 1226 de
615 1182 706 1226 aliis
729 1182 861 1225 solum
887 1181 1103 1225 ordinibus
1134 1182 1430 1238 interpretandi
1460 1184 1641 1234 xeniunt,
1666 1183 1773 1239 quod

146 1268 194 1297 ex
235 1253 373 1297 verbis
408 1256 505 1309 ipsis
540 1253 795 1297 ostendetur.

265 1324 361 1367 326.
399 1326 550 1370 Aetas
584 1327 823 1370 canonica
857 1339 947 1381 pro
985 1326 1197 1369 diversis
1226 1325 1480 1369 ordinibus
1517 1326 1777 1380 suscipien-

144 1397 234 1442 dis.
271 1419 325 1426 -
357 1394 417 1438 Ex
455 1394 682 1438 Pontificali
712 1394 923 1438 Romano:
965 1394 1146 1437 «Prima
1181 1398 1347 1436 tonsura
1382 1399 1419 1436 et
1456 1396 1634 1437 minores
1667 1394 1776 1437 ordi-

147 1480 218 1510 nes
250 1471 344 1509 ante
378 1466 401 1508 7
438 1478 592 1508 annum
628 1465 881 1521 completum
927 1465 1016 1508 dari
1062 1478 1141 1507 non
1186 1463 1338 1508 debent
1364 1480 1400 1518 »,
1446 1478 1517 1507 seu
1564 1469 1603 1508 ut
1643 1464 1776 1508 aiebat

149 1538 274 1581 Bonis.
313 1535 398 1580 Vlll
431 1550 520 1593 cap.
557 1536 578 1579 4
614 1536 664 1580 de
689 1535 947 1593 temporibus
981 1536 1288 1579 ordinationum
1323 1535 1371 1592 (1,
1397 1534 1439 1592 9)
1466 1538 1502 1578 iu
1530 1536 1572 1577 (5⁰
1601 1535 1777 1578 «nullus

149 1608 374 1665 Episcopus
409 1607 472 1651 vel
507 1610 645 1665 quivis
678 1610 783 1651 alius
817 1609 960 1650 infanti
993 1607 1122 1664 (iuxta
1163 1605 1368 1650 Glossam:
1412 1609 1558 1649 minori
1593 1607 1616 1649 ‘A'
1651 1620 1776 1649 anno-

147 1684 255 1734 rum)
288 1679 525 1723 clericalem
563 1683 798 1736 praesumat
833 1680 1024 1722 conferre
1050 1684 1261 1721 tonsuram
1285 1694 1323 1722 )).
1349 1677 1418 1721 llla
1458 1678 1685 1734 «liturgica
1712 1678 1776 1721 lex

150 1753 232 1793 vim
269 1762 384 1794 suam
411 1752 573 1804 retinet,
607 1763 700 1793 cum
737 1751 774 1792 in
809 1748 960 1794 Codice
996 1762 1191 1806 expresse
1227 1748 1342 1806 (nou)
1376 1750 1672 1803 corrigatur»,
1705 1749 1775 1792 sed

149 1824 279 1865 maior
311 1826 423 1865 aetas
458 1821 658 1865 indirecte
692 1820 743 1864 ob
776 1827 894 1864 caum.
929 1826 1042 1878 seqm.
1069 1822 1145 1863 erit
1171 1822 1414 1863 necessaria.
1442 1845 1493 1849 —
1519 1820 1619 1862 (jum
1653 1818 1776 1863 Cone.

144 1892 255 1935 Trid.
283 1891 295 1914 ¹
332 1894 523 1948 congruit
555 1905 678 1935 seusu
715 1891 852 1935 verbis
885 1891 1081 1934 differens
1113 1889 1342 1946 aptioribus
1383 1889 1433 1933 ad
1478 1892 1780 1946 interpretatio-

148 1976 255 2007 nem.
291 1977 382 2006 can.
420 1965 527 2006 975.
565 1962 901 2006 Subdiaconatus
934 1976 985 2005 ne
1017 1961 1264 2019 conferatur
1306 1966 1404 2003 ante
1438 1974 1594 2003 (uirium
1635 1961 1777 2005 ric-esi-

147 2048 257 2076 mum
289 2034 473 2091 primum
507 2033 767 2092 completum,
788 2034 955 2091 quando
995 2045 1213 2089 «persona
1249 2034 1380 2074 maior
1421 2036 1481 2075 est
1507 2048 1525 2072 »
1565 2031 1672 2089 (ean.
1709 2033 1776 2077 88.

143 2104 173 2163 ἓ
207 2103 264 2161 1),
300 2106 337 2147 in
373 2104 450 2147 hoc
485 2103 562 2148 sibi
613 2109 807 2147 constans
839 2103 977 2148 Codex
1024 2103 1213 2147 eamdem
1258 2107 1444 2146 statuens
1487 2107 1662 2145 aetatem
1705 2117 1777 2159 pro

147 2175 384 2218 emittendis
422 2190 442 2215 ((
469 2177 574 2217 votis
610 2174 786 2229 publicis
811 2190 830 2215 ))
872 2179 1093 2231 perpetuae
1127 2174 1326 2216 castitatis
1375 2172 1482 2230 (can.
1521 2172 1647 2227 1308,
1680 2173 1698 2223 ‚S
1737 2174 1776 2230 1)

147 2250 234 2288 tum
269 2247 307 2288 in
343 2245 615 2301 ordinatione,
653 2250 740 2288 tum
774 2245 1100 2301 in-professione
1147 2243 1337 2299 religiosa
1384 2248 1643 2299 «perpetua,
1687 2246 1777 2287 sive

146 2315 350 2371 sollemni,
384 2318 473 2360 sive
506 2316 730 2373 simplici»
769 2315 878 2374 (can.
915 2315 1039 2371 573):
1074 2314 1326 2357 (liaconatus
1358 2313 1527 2370 supple:
1568 2329 1587 2354 ((
1612 2327 1662 2358 ne
1685 2328 1778 2358 con·

146 2387 302 2430 feratur
324 2385 344 2428 >5
383 2392 482 2430 ante
515 2386 758 2430 vicesimum
790 2385 1013 2429 seeundum
1050 2384 1321 2441 commentum
1341 2383 1661 2442 presbyteratus
1680 2390 1778 2428 ante

146 2457 390 2515 viqesimum
425 2462 623 2515 quartum
658 2457 917 2515 completura,
963 2459 999 2499 in
1041 2455 1214 2512 singulis
1256 2454 1422 2499 casibus
1466 2456 1774 2512 supputandum

146 2531 252 2572 sicut
287 2531 400 2585 prius
432 2542 454 2572 a
477 2529 544 2572 die
580 2531 821 2583 nativitatis,
866 2531 978 2571 iuxta
1011 2539 1163 2569 annum
1203 2525 1379 2568 solarem
1412 2539 1484 2569 seu
1533 2532 1700 2582 «prout
1736 2528 1774 2569 iu

146 2598 384 2642 calendario
407 2615 446 2653 n,
482 2604 522 2642 et
555 2599 604 2642 ad
640 2612 828 2642 normam
864 2611 953 2642 can.
990 2597 1056 2651 34,
1090 2604 1114 2650 ξ
1149 2597 1188 2648 3
1222 2609 1259 2638 n.
1296 2595 1352 2649 3⁰,
1391 2610 1484 2639 cum
1509 2598 1603 2639 anni
1630 2596 1776 2640 diebus

145 2675 334 2713 constent
366 2671 416 2713 ad
452 2683 638 2713 normam
671 2683 760 2713 can.
797 2670 864 2724 32,
898 2672 922 2723 ξ
958 2668 980 2711 2
1015 2670 1319 2724 exiganturque
1352 2666 1560 2723 completi.
1596 2666 1643 2710 Et
1678 2670 1773 2724 quia

145 2752 277 2783 canon
311 2741 363 2783 de
396 2740 655 2784 ordinatione
689 2743 726 2783 in
752 2753 794 2783 se
820 2743 903 2796 ipsa
930 2739 1124 2795 loquitur,
1148 2737 1428 2781 Tridentiuam
1457 2737 1654 2794 implicite
1678 2751 1773 2781 con-

265 2893 276 2916 1
305 2893 395 2938 Cap.
427 2895 483 2939 12,
511 2904 593 2929 sess
631 2893 770 2928 XXIII
797 2892 842 2927 de
870 2891 955 2927 Res.
