1971 3261
176 162 270 198 Gan.
300 160 390 195 1012
681 158 765 193 Tl'r.
797 159 882 192 VlI.
918 180 926 184 -
963 159 1016 194 De
1046 160 1305 193 Matrimonia
1744 156 1814 189 489

176 279 401 324 subiiciunt
451 283 594 322 mutuo
644 281 808 335 propria
859 291 1031 335 (eorpora
1080 281 1116 321 in
1162 279 1308 321 ordine
1342 278 1391 320 a‹l
1427 279 1738 334 generationem
1776 283 1813 319 et

177 352 397 408 acquirunt
434 351 615 393 vicissim
653 352 715 392 ius
749 351 787 392 in
822 349 993 392 alterius
1025 364 1190 400 colpus,
1224 349 1333 406 qnotl
1381 354 1549 404 possunt
1594 349 1729 391 t'acere
1776 351 1838 389 vi·

179 423 280 464 iuris
312 420 362 464 ad
400 421 734 480 matrimonium;
775 418 900 462 verba
950 424 1087 463 autem
1139 419 1229 462 illos
1277 433 1504 462 consensus
1552 432 1629 461 non
1679 418 1812 462 solum

177 493 433 548 exprimunt,
465 491 536 534 sed
572 490 852 534 determinant
887 504 984 547 erga
1019 504 1122 547 sitias
1164 492 1462 534 determinatas
1507 502 1704 546 personas
1747 489 1815 532 ille

179 567 346 606 mutuus
379 575 606 605 consensus
634 566 824 604 versetur
847 565 887 604 et
910 562 1007 618 quid
1046 564 1262 618 respiciat:
1299 567 1431 617 posset
1457 564 1565 604 enim
1591 573 1817 603 consensus

178 638 345 676 mutuus
379 635 484 675 inter
521 634 655 675 virum
691 636 731 675 et
766 632 983 675 mulierem
1019 632 1069 675 (le
1105 632 1181 675 alia
1219 646 1261 675 re
1295 645 1398 683 esse,
1427 632 1488 675 vel
1517 644 1593 674 non
1630 633 1814 687 praecise

176 705 282 746 inter
316 715 512 759 personas
545 715 652 760 quae
688 704 997 745 matrimonium
1033 701 1247 746 celebrare
1283 707 1520 746 noscuntur.
1551 701 1597 745 Et
1621 704 1680 745 sic
1706 706 1813 758 patet

177 787 254 816 non
291 775 328 816 in
365 773 586 817 traditione
620 778 743 831 atque
777 777 1063 830 acceptatione
1099 787 1172 829 per
1210 773 1333 816 verba
1370 775 1579 829 expressis
1604 772 1815 828 ponendas

175 858 264 888 esse
290 847 506 888 materiam
534 846 766 900 proximam
792 849 829 887 et
855 845 1031 887 formam
1058 843 1180 888 huius
1212 846 1476 895 sacramenti,
1500 844 1570 886 sed
1599 843 1707 887 illam
1735 855 1815 886 ma-

174 918 319 960 teriam
356 918 393 958 in
428 915 590 959 actibus
617 915 841 958 voluntatis
873 915 1207 959 contrahentium
1245 917 1554 958 matrimonium
1592 914 1815 971 praedictis

173 1000 220 1030 ac
248 989 471 1043 expressis,
495 992 533 1029 et
558 987 733 1030 sormam
760 988 796 1028 in
822 1000 966 1029 eorum
1004 985 1142 1029 verbis
1170 986 1231 1029 vel
1257 985 1635 1043 aequipollentibus
1667 986 1810 1041 signis.

296 1058 392 1101 399.
428 1059 640 1104 Ministri
675 1060 818 1104 huius
851 1060 1150 1104 sacramenti
1185 1062 1297 1103 sunt
1330 1059 1423 1114 ipsi
1449 1059 1815 1102 contrahentes.

177 1155 228 1160 ——
251 1128 424 1172 Intentio
450 1130 624 1172 ministri
652 1129 829 1172 faciendi
854 1128 999 1171 saltem
1024 1128 1133 1185 quod
1162 1129 1257 1172 facit
1277 1127 1475 1182 Ecclesia,
1499 1130 1535 1169 in
1561 1127 1652 1170 aliis
1675 1128 1815 1170 Sacra-

177 1201 325 1243 mentis
358 1199 550 1253 habetur,
574 1203 780 1256 quatenus
802 1198 953 1256 aliquis
977 1200 1089 1255 ponit
1115 1198 1243 1242 libere
1267 1210 1314 1241 ac
1338 1212 1431 1242 cum
1461 1202 1634 1242 veritate
1657 1212 1727 1240 seu
1763 1211 1811 1240 ex

173 1272 312 1313 animo
346 1271 521 1313 formam
556 1270 830 1325 Sacramenti,
865 1269 995 1313 libere
1028 1282 1076 1313 ac
1113 1282 1210 1312 vere
1243 1269 1365 1313 dicit:
1402 1268 1576 1326 baptizo,
1599 1269 1813 1314 confirmo,

173 1340 360 1395 absolvo,
393 1340 471 1384 hoc
505 1345 565 1384 est
603 1354 756 1397 corpus
806 1354 942 1384 meum
971 1341 998 1380 ¹.
1032 1339 1142 1397 Ergo
1178 1342 1332 1397 pariter
1367 1342 1403 1382 in
1438 1344 1699 1383 sacramento
1735 1352 1814 1382 ma-

174 1413 355 1455 trimonii
391 1414 564 1455 intentio
597 1416 658 1455 est
690 1416 809 1455 actus
854 1411 1078 1454 voluntatis
1120 1410 1454 1454 contrahentium
1489 1424 1571 1468 quo
1607 1410 1734 1454 libere
1767 1423 1814 1454 a(-

177 1495 274 1526 vere
322 1485 563 1539 exprimunt
610 1495 858 1526 consensum
908 1495 1052 1525 eorum
1104 1481 1468 1536 matrimonialem,
1504 1486 1628 1538 atque
1661 1494 1682 1525 a
1718 1495 1813 1525 con-

172 1566 294 1597 sensu
330 1554 418 1609 ipso
453 1565 531 1596 non
567 1552 705 1595 differt
739 1554 816 1595 nisi
848 1552 901 1595 ob
934 1551 1122 1595 additum
1161 1555 1394 1608 respectum
1430 1551 1479 1595 ad
1517 1550 1635 1608 plene
1678 1551 1814 1594 ‹leter-

175 1627 371 1668 minatam
407 1626 719 1681 expressionem
755 1626 856 1667 eius.

293 1716 374 1753 400.
407 1720 516 1760 Quid
536 1721 578 1752 in
600 1728 650 1753 eo
670 1721 741 1758 sit,
761 1723 1086 1753 sacramentum
1110 1722 1302 1758 tantum,
1322 1729 1392 1754 res
1411 1723 1457 1753 et
1474 1722 1814 1758 sacramentum,

176 1788 227 1813 ac
252 1779 441 1820 denique
467 1787 539 1812 res
564 1780 740 1812 tantum
777 1778 1040 1821 significata,
1067 1781 1114 1813 et
1139 1778 1379 1821 quotuplex
1406 1780 1465 1812 sit
1492 1779 1610 1812 haec.
1642 1798 1683 1802 ——
1712 1777 1814 1823 Apud

174 1836 364 1882 'theologos
390 1836 503 1882 quoad
532 1847 642 1872 novae
669 1836 756 1881 legis
782 1836 1010 1872 Sacramenta
1039 1841 1181 1872 vocatur
1211 1851 1225 1868 a
1247 1841 1507 1872 sacramentum
1537 1841 1673 1871 tantum
1697 1850 1710 1868 ι)
1738 1847 1815 1872 sen-

174 1896 275 1932 sibile
301 1895 444 1941 signum
470 1906 488 1930 a
517 1894 656 1931 Christo
684 1895 832 1931 Domino
859 1895 1061 1931 institutum
1087 1896 1130 1931 ad
1158 1896 1374 1931 causandam
1405 1895 1553 1940 gratiam
1583 1896 1617 1929 in
1646 1895 1815 1942 recipien-

174 1954 268 1990 tibus
295 1953 394 1994 illud,
420 1958 586 1989 constans
614 1954 760 1989 materia
785 1959 818 1990 et
847 1954 968 1995 torma,
1004 1965 1093 1989 «res
1119 1959 1151 1989 et
1178 1959 1439 1989 sacramentum
1462 1967 1476 1985 »
1507 1954 1635 1988 dicitur
1663 1954 1695 1989 id
1722 1953 1813 2000 quod

176 2024 234 2060 per
272 2017 493 2049 sacramenta
531 2012 733 2049 immediate
771 2012 1002 2058 significatur,
1032 2013 1123 2049 alius
1161 2013 1456 2058 significationem
1498 2024 1579 2059 prae
1613 2025 1649 2049 se
1686 2014 1812 2053 ferens,

174 2084 206 2107 v.
235 2083 288 2118 gr.
317 2072 498 2108 character
524 2071 561 2106 in
588 2072 820 2108 sacramentis
854 2083 944 2118 quae
978 2073 1041 2108 boc
1073 2072 1295 2118 imprimunt,
1324 2072 1503 2107 vinculum
1530 2083 1569 2107 ex
1598 2071 1813 2107 matrimonii

173 2136 405 2175 sacramento,
434 2142 473 2166 ac
507 2131 661 2177 denique
690 2143 779 2166 «res
806 2136 945 2167 tantum
972 2131 1206 2176 significata»
1237 2131 1365 2166 dicitur
1401 2131 1459 2166 illa
1493 2142 1582 2177 quae
1603 2143 1623 2166 a
1652 2131 1815 2178 predictis

172 2190 377 2235 designatur
402 2189 489 2235 quin
515 2189 611 2225 aliud
639 2190 730 2225 ultra
756 2190 942 2236 significet.
963 2190 1013 2225 Ad
1034 2190 1248 2225 matrimonii
1277 2194 1536 2225 sacramentum
1556 2190 1646 2236 quod
1667 2195 1813 2236 spectat,

172 2249 222 2284 ait
248 2247 283 2284 S.
313 2248 466 2284 Thomas
483 2249 518 2283 2:
551 2262 566 2281 α
586 2248 692 2284 etiam
720 2249 755 2283 in
783 2249 848 2284 hoc
874 2253 1094 2285 sacramento
1120 2253 1203 2284 sunt
1230 2249 1290 2284 illa
1317 2249 1403 2289 tria;
1440 2248 1523 2294 quia
1553 2253 1814 2285 sacramentum

173 2313 312 2343 tantum
351 2313 434 2343 sunt
472 2312 571 2343 actus
608 2307 760 2344 exterius
797 2312 1027 2354 appa1·entes;
1061 2308 1119 2343 sed
1148 2319 1201 2343 res
1227 2312 1260 2343 et
1286 2312 1545 2344 sacramentum
1573 2314 1624 2344 est
1650 2308 1815 2354 obligatio

173 2369 326 2412 (mutua)
353 2377 442 2413 quae
469 2367 666 2402 innascitur
694 2367 756 2402 viri
783 2368 826 2403 ad
855 2367 1038 2403 mulierem
1067 2370 1121 2412 (ac
1148 2367 1339 2411 viceversa)
1366 2378 1405 2403 ex
1432 2367 1562 2403 talibus
1588 2367 1734 2408 actibus,
1754 2368 1812 2403 sed

173 2437 228 2463 res
254 2427 380 2462 ultima
405 2431 571 2463 contenta
596 2432 647 2463 est
672 2427 815 2463 effectus
841 2427 946 2462 huius
970 2427 1181 2462 sacramenti
1209 2430 1374 2473 (nempe:
1402 2427 1515 2472 gratia
1544 2427 1603 2462 illa
1631 2427 1815 2473 peculiaris

174 2497 278 2532 quam
319 2486 404 2522 illud
444 2491 705 2522 sacramentum
744 2487 1018 2533 suscipientibus
1057 2486 1221 2529 confert),
1251 2497 1321 2521 non
1348 2491 1513 2522 contenta
1538 2491 1655 2522 autem
1683 2492 1734 2522 est
1762 2498 1814 2522 res

173 2556 278 2591 quam
306 2544 470 2591 Magister
496 2544 793 2585 (Sententiarum)
819 2546 1082 2582 determinat».
1106 2545 1292 2581 Videlicet:
1326 2560 1340 2577 «
1362 2546 1445 2581 unio
1472 2545 1601 2581 Christi
1629 2546 1672 2581 ad
1702 2546 1813 2582 Eccle-

173 2604 260 2639 siam
288 2615 359 2640 non
386 2609 438 2640 est
463 2615 518 2640 res
543 2609 709 2640 contenta
736 2604 772 2639 in
800 2605 863 2640 hoc
890 2609 1122 2647 sacramento,
1151 2604 1210 2641 sed
1245 2615 1299 2639 res
1334 2604 1546 2649 significata.
1576 2610 1607 2640 et
1636 2616 1705 2640 non
1733 2616 1814 2640 con-

172 2668 280 2704 tenta,
310 2668 343 2698 et
369 2663 474 2699 talem
501 2675 574 2699 rem
603 2664 741 2699 nullum
769 2669 1028 2700 sacramentum
1056 2664 1163 2699 elficit
1184 2678 1213 2700 ».

294 2772 304 2792 1
334 2769 471 2815 Suppl.
497 2782 532 2815 q.
562 2771 688 2812 XLII,
717 2783 751 2805 a.
783 2773 800 2806 1
829 2772 874 2806 ad
902 2773 923 2806 5
949 2777 990 2805 et
1016 2773 1048 2805 4.

245 2841 249 2845 «
294 2818 307 2840 2
335 2817 396 2851 lta
428 2818 477 2851 D.
514 2817 585 2852 Th.
622 2819 665 2852 in
699 2818 745 2853 P.
782 2819 855 2853 III.
893 2831 928 2864 q.
958 2818 1086 2853 LXIV
1113 2830 1147 2853 a.
1174 2821 1210 2854 8.
1247 2819 1332 2854 «Et
1359 2819 1453 2854 haec
1487 2820 1660 2853 intentio
1687 2821 1813 2864 expli

175 2865 299 2898 mitur
325 2876 393 2909 per
419 2864 537 2899 verba.
562 2876 660 2911 quae
687 2866 729 2900 in
756 2867 1014 2901 sacramentis
1046 2866 1250 2904 dicuntur.
1280 2872 1376 2911 puta
1402 2878 1489 2901 cum
1517 2867 1634 2900 dicit:
1666 2866 1748 2912 Ego
1777 2874 1815 2901 te

176 2911 332 2957 baptizo
361 2912 400 2946 in
428 2913 590 2948 nomine
616 2913 761 2957 Patris,
790 2918 865 2948 etc.
889 2930 917 2948 ι.
