1971 3261
194 182 234 212 14
779 170 863 203 LIB.
892 167 963 201 III.
993 185 1005 192 ·
1037 166 1088 199 De
1116 165 1225 198 rebus
1620 159 1713 196 Can.
1742 159 1808 194 731

191 296 465 341 stabiliuntur,
500 291 708 334 distinctio
751 299 893 330 eorum
939 282 1072 341 quoad
1120 282 1379 324 iterationem
1415 281 1454 322 in
1489 290 1577 322 can.
1614 278 1697 321 732
1733 291 1812 321 me-

194 370 387 414 moratur,
421 360 821 405 commemlationem
856 356 994 411 legum
1028 353 1316 408 liturgicarum
1349 351 1491 392 statuit
1513 361 1602 393 can.
1624 348 1724 402 733,
1743 348 1811 392 alii
1846 361 1851 366 ·

191 448 367 479 canones
400 432 480 475 734
516 436 552 473 et
587 429 670 472 735
707 438 911 485 memores
944 422 1135 466 rubricae
1176 418 1454 463 Decretalium
1497 419 1591 462 «de
1625 419 1812 462 custodia

193 504 489 553 Eucharistiae,
520 499 752 543 chrismatis
795 500 834 538 et
876 493 1050 536 aliorum
1091 493 1492 533 sacramentorum»
1532 490 1629 543 (Tit.
1666 487 1738 543 44)
1774 492 1813 530 et

191 574 363 617 aliarum
400 575 436 613 in
464 567 739 613 Decretalium
777 565 881 608 Lib.O
903 563 950 605 lll
977 564 1038 605 ius
1070 562 1286 618 antiquum
1321 559 1372 602 de
1405 560 1534 602 sacris
1572 558 1673 601 oleis
1708 559 1812 601 refe-

195 649 299 694 runt,
334 647 370 684 et
406 641 573 682 ultimus
606 650 693 681 can.
729 636 810 678 73ss
846 634 896 677 de
929 634 1108 688 gratuita
1143 630 1502 673 administratione
1526 629 1813 672 Sacramento-

198 724 287 753 rum
323 714 380 752 est
414 708 626 751 sollicitus.
1477 745 1481 749 .

318 778 378 819 to.
415 778 486 821 De
519 778 664 821 modo
698 774 1139 819 administrationis
1172 786 1231 818 ae
1268 773 1610 828 susceptionis,
1633 774 1682 816 et
1705 784 1815 816 con-

195 861 404 905 sequens
438 848 651 892 vetitum.
688 869 710 876 -
740 843 839 886 Can.
866 846 891 885 7
895 845 963 886 31.
990 842 1016 900 ἓ
1043 842 1078 885 1.
1106 841 1209 886 Cum
1242 841 1382 885 onmia
1417 841 1691 884 Sacramenta
1720 853 1816 883 vere

192 925 228 961 et
265 920 427 973 proprie
460 917 567 959 dicta
604 914 742 960 Novae
774 913 898 971 Leqis
933 918 1053 970 prout
1086 926 1108 956 a
1141 914 1413 957 sacramentis
1439 914 1590 955 veteris
1615 911 1717 968 legis
1740 911 1815 954 dit'·

195 991 340 1037 t'erunt,
374 988 423 1030 de
467 1000 546 1044 qua
590 986 823 1029 differentia
865 986 996 1042 inquit
1020 984 1032 1005 ¹
1068 982 1190 1027 Couc.
1226 982 1361 1026 Trid.:
1402 998 1422 1023 ((
1446 983 1484 1027 Si
1519 984 1612 1040 quis
1649 983 1817 1034 dixerit,

195 1072 240 1102 ea
275 1062 358 1114 ipsa
394 1070 524 1100 novae
559 1057 659 1112 legis
693 1060 952 1099 sacramenta
997 1067 1018 1098 a
1062 1055 1335 1097 sacramentis
1373 1055 1567 1110 antiquae
1602 1053 1704 1109 legis
1738 1066 1816 1095 non

194 1131 371 1177 differre,
407 1130 480 1170 nisi
515 1130 609 1184 quia
645 1128 934 1170 caeremoniae
965 1130 1060 1169 sunt
1093 1125 1211 1180 aliae,
1237 1124 1366 1167 etalii
1392 1126 1494 1167 ritus
1527 1126 1702 1172 externi,
1721 1135 1816 1166 ana-

196 1200 330 1243 thema
365 1201 475 1241 sit».
511 1197 622 1241 Haec
655 1201 811 1253 septem
846 1195 1108 1239 solummodo
1141 1207 1230 1238 esse
1263 1194 1460 1238 dicuntur
1482 1206 1530 1237 ac
1570 1205 1817 1237 enumeran-

197 1275 275 1323 tur,
309 1270 514 1325 fuisseque
538 1283 561 1309 a
591 1266 757 1309 (Verislo
787 1265 960 1309 Domino
984 1271 1127 1308 nostro
1162 1265 1376 1318 instituto,
1398 1265 1596 1308 delinitur
1621 1266 1658 1307 in
1683 1276 1773 1307 can.
1794 1267 1814 1307 ‘l

200 1342 278 1395 pit.
315 1339 389 1382 loc.
423 1337 543 1383 Conc.
579 1337 723 1394 Trid.).
759 1337 938 1380 Additur
962 1338 1000 1379 in
1024 1335 1188 1379 Codicis
1219 1347 1332 1379 can.:
1358 1348 1451 1379 cum
1476 1335 1562 1378 siut
1587 1334 1820 1392 praecipua

194 1409 539 1465 sanetifieau'onis
576 1422 647 1465 per
681 1410 874 1465 gratiam,
907 1420 1030 1464 quam
1066 1408 1277 1450 continent
1309 1411 1348 1449 et
1380 1407 1616 1463 significant
1641 1405 1748 1462 (cau.
1775 1405 1818 1462 6)

195 1487 231 1524 et
266 1494 314 1523 ex
349 1493 471 1536 opere
504 1484 672 1535 operato
706 1479 923 1522 conserunt
957 1478 1065 1534 (ean.
1101 1476 1144 1534 8)
1178 1490 1342 1534 semper
1385 1482 1424 1520 et
1463 1476 1657 1520 omnibus
1691 1490 1817 1534 quan-

198 1557 281 1594 tum
316 1556 374 1594 est
408 1564 456 1594 ex
493 1555 606 1607 parte
640 1549 711 1593 Dei
748 1549 856 1606 (cau.
893 1548 951 1606 7),
985 1554 1025 1591 et
1057 1547 1211 1591 salutis
1244 1547 1296 1592 ab
1329 1547 1641 1591 infirmitatibus
1675 1559 1818 1604 peeca-

198 1628 348 1675 torum,
386 1634 433 1664 ac
478 1623 719 1678 praesertim
766 1625 922 1663 remota
961 1618 1148 1663 «salutis
1172 1634 1192 1660 ))
1232 1623 1425 1662 aeternae
1458 1617 1611 1674 media,
1645 1631 1820 1669 summo,

197 1698 399 1750 quatenus
424 1693 639 1735 intirmitas
663 1691 843 1735 humana
869 1692 1034 1747 patitur,
1058 1690 1102 1732 iu
1135 1690 1190 1732 iis
1222 1695 1468 1748 opportune,
1498 1691 1674 1732 «omnia
1709 1691 1818 1732 enim

199 1770 358 1819 tenipus
393 1763 542 1807 habent
565 1779 586 1803 n
616 1762 629 1784 ²
663 1768 715 1817 et,
752 1766 794 1805 ut
832 1760 1074 1818 iniungebat
1105 1760 1340 1818 Apostolus,
1376 1762 1414 1803 in
1459 1759 1645 1804 Ecclesia
1683 1761 1820 1802 omnia

203 1851 220 1873 «
247 1834 415 1877 honeste
447 1841 486 1877 et
517 1833 745 1877 secundum
781 1833 968 1876 ordinem
1004 1832 1104 1875 fiant
1126 1847 1146 1873 ›>
1175 1831 1205 1886 ³,
1239 1831 1414 1888 riteque,
1436 1842 1605 1874 normas
1639 1830 1822 1886 legitime

199 1907 438 1947 constitutas
470 1904 691 1956 servando,
725 1902 1096 1957 ‹nlmiui‘sli'aucli3,
1120 1907 1241 1959 prout
1265 1902 1357 1946 illae
1391 1914 1561 1945 normae
1594 1903 1821 1957 respiciunt

201 1977 431 2018 ministrum
475 1979 514 2018 et
557 1979 672 2018 aetus
710 1975 1055 2024 circumstantias,
1078 1987 1127 2016 ac
1149 1972 1445 2030 suscipiendis,
1479 1977 1684 2030 quatenus
1716 1971 1821 2015 aliae

201 2058 369 2088 normae
404 2045 670 2088 moderantur
714 2047 1005 2101 dispositiones
1044 2044 1281 2088 accedentis
1323 2044 1373 2087 ad
1413 2047 1688 2095 sacramenta,
1722 2041 1822 2085 dili·

198 2116 356 2171 petilia,
389 2127 495 2172 quae
530 2117 677 2158 mentis
710 2117 978 2158 attentionem
1011 2126 1059 2158 ac
1095 2114 1318 2158 voluntatis
1356 2113 1726 2170 promptitudinem
1762 2115 1820 2155 in-

201 2186 344 2239 cludit,
375 2191 413 2227 e!
446 2186 696 2237 reverentia,
729 2199 776 2229 eo
809 2186 917 2242 quod
952 2190 1213 2229 sacramenta
1255 2189 1351 2228 suut
1383 2184 1433 2228 ad
1467 2184 1641 2228 salutem
1680 2195 1821 2226 neces-

201 2258 306 2299 saria
331 2256 438 2312 (can.
464 2255 516 2309 4),
541 2261 580 2299 et
605 2261 770 2312 propter
793 2269 936 2318 eorum
958 2258 1232 2299 institutorem
1254 2255 1473 2298 Dominum
1490 2254 1638 2298 lesum.
1660 2280 1710 2284 ——
1732 2252 1823 2301 Hic,

209 2342 227 2365 ι(
253 2329 491 2383 inquantum
528 2326 650 2380 Deus,
684 2326 807 2370 habet
840 2330 1084 2383 potestatem
1110 2328 1323 2369 ministerii
1359 2324 1609 2382 principalis,
1633 2327 1722 2368 sive
1752 2337 1821 2380 po-

204 2402 388 2440 testatem
423 2396 704 2451 excellentiae,
740 2409 845 2454 quae
879 2397 1047 2454 quidem
1071 2398 1257 2440 consistit
1281 2399 1318 2438 iu
1342 2401 1542 2454 quatuor,
1577 2398 1710 2452 primo
1733 2397 1822 2451 qui-

203 2467 295 2509 dem
333 2469 369 2508 in
406 2466 481 2510 hoe
513 2467 621 2524 quod
659 2469 849 2510 meritum
884 2472 924 2510 et
960 2469 1089 2510 virtus
1124 2468 1324 2523 passionis
1357 2468 1445 2509 eius
1477 2470 1674 2522 operatur
1697 2467 1734 2507 in
1759 2477 1821 2508 sa-

204 2540 435 2580 cramentis.
472 2536 519 2580 Et
552 2539 647 2594 quia
686 2540 815 2581 virtus
848 2540 1048 2594 passionis
1080 2536 1298 2594 copulatur
1332 2536 1448 2580 nobis
1482 2549 1554 2592 per
1587 2535 1728 2584 tidem,
1761 2549 1824 2579 se-

206 2607 384 2649 cundum
421 2607 518 2649 illud
545 2608 582 2651 ⁴:
619 2613 642 2628 ‘⁸
666 2606 798 2660 Quem
837 2611 1049 2664 proposuit
1080 2607 1190 2651 Deus
1229 2609 1538 2663 propitiatorem
1583 2619 1657 2663 per
1700 2607 1823 2650 tidem

208 2678 243 2717 in
278 2679 477 2731 sanguine
511 2678 637 2732 ipsius
661 2712 709 2731 „,
743 2690 866 2735 quam
903 2677 1025 2721 fidem
1052 2690 1123 2734 per
1148 2679 1451 2720 invocationem
1477 2678 1655 2719 nominis
1673 2675 1823 2719 Christi

208 2750 494 2801 protestamur,
515 2748 605 2790 ideo
628 2749 811 2791 secundo
834 2748 885 2791 ad
911 2752 1154 2804 potestatem
1183 2746 1468 2800 excellentiae,
1492 2758 1616 2803 quam
1639 2745 1826 2791 Christus

327 2852 334 2871 ¹
363 2850 455 2899 Can,
484 2852 518 2884 ’2.
547 2851 604 2885 De
633 2851 890 2886 sacramentis
917 2852 958 2886 in
986 2862 1139 2894 genere.
1174 2851 1275 2886 Sess.
1305 2851 1390 2886 VII.
1430 2870 1472 2878 -—
1506 2851 1520 2874 ‘2
1545 2851 1666 2886 Ecoli.
1696 2850 1768 2893 ΠΙ,
1795 2852 1824 2891 l.

209 2915 251 2921 —
278 2899 291 2917 ’ἱ
319 2897 334 2929 l
361 2896 406 2930 ad
436 2899 519 2931 (jor.
542 2897 648 2939 XIV,
670 2900 728 2932 40.
750 2920 795 2924 —
814 2899 827 2921 4
846 2898 906 2933 Ad
926 2909 1038 2942 rom.,
1055 2898 1130 2941 ΙΙΙ,
1158 2900 1215 2933 25.
