1971 3261
177 112 246 147 170
579 110 663 144 LIB.
690 109 760 143 ΙΙΙ.
787 128 799 135 ·
828 108 938 142 PARS
965 110 993 143 Ι.
1019 128 1031 133 -
1057 108 1115 143 De
1138 108 1406 144 Sacramentz's
1531 108 1624 143 Can.
1651 107 1808 143 840-841

178 233 264 281 cit.,
299 234 369 273 aut
404 229 479 272 loci
516 230 555 270 in
590 241 671 284 quo
705 229 781 270 sita
817 230 877 269 est
913 226 1112 277 fundatio,
1146 225 1219 269 sed
1251 225 1294 269 in
1328 240 1410 284 qua
1458 226 1637 270 dioecesi
1674 225 1805 269 Missa

177 303 345 345 remissa
381 299 630 352 celebratur,
664 297 740 341 sub
773 297 1035 341 conditione:
1070 297 1108 340 si
1139 297 1313 355 pinquis
1345 296 1610 353 eleemosyna
1643 296 1805 354 praedi-

175 377 285 416 ctam
319 376 458 414 taxam
492 369 715 418 excedens,
757 386 771 407 «
799 372 839 411 et
871 380 977 425 quae
1012 370 1050 411 in
1085 368 1325 411 fundatione
1362 368 1427 411 vel
1477 370 1515 411 in
1570 366 1810 411 successivo

177 443 429 486 reductionis
464 439 621 483 indulto
642 440 847 495 reperitur
872 440 910 481 in
937 443 1184 496 perpetuum
1210 443 1347 482 taxata
1371 455 1391 480 ))
1421 438 1537 497 (Dec.
1563 441 1629 483 cit.
1657 451 1695 481 n.
1724 438 1811 496 15),

176 512 307 555 lorum
339 525 416 568 pro
447 516 572 568 parte
604 509 833 552 excedente
874 514 1011 552 teneat
1056 508 1167 552 dotis
1211 508 1412 566 beneficii,
1462 522 1586 568 quam
1632 509 1813 566 explicat

175 596 264 627 can.
304 582 411 625 1410
437 581 465 629 ¹,
499 585 573 623 azel
605 593 759 622 consae
789 579 899 637 piae,
934 580 985 623 de
1018 582 1137 624 cuius
1172 581 1267 624 dote
1306 580 1531 638 loquuntur
1568 580 1811 636 can.>1545‚
1834 621 1838 635 ,Ι

180 654 304 708 1489,
339 652 366 710 ξ
401 652 423 695 Ξ)
459 653 486 705 ²,
523 663 628 708 quae
666 650 861 694 videlicet
895 651 968 694 dos
1002 653 1040 694 in
1077 650 1333 695 beneficiarii
1368 653 1709 695 sustentationem
1743 656 1843 695 aut*

180 724 470 767 illius·causae
506 721 722 765 utilitatem
757 734 779 765 a
812 722 1029 765 tundatore
1064 724 1284 765 constituta
1318 725 1391 765 est.
1427 721 1513 765 Hoc
1539 722 1814 765 videturesse

177 793 527 851 praesumendum
570 805 617 836 ac
650 795 737 835 sine
771 792 1016 835 difficultate
1049 805 1100 835 ex
1135 791 1286 836 tabulis
1317 794 1406 836 erui
1441 795 1603 849 poterit.

295 864 357 908 Ad
393 864 514 907 liuius
552 869 655 907 can⁸.
691 866 743 917 ξω
779 865 833 906 1¹¹¹
868 868 906 906 et
940 863 990 907 ad
1025 876 1115 906 can.
1167 863 1248 906 8⁶27
1295 866 1470 919 pertinet
1518 863 1728 907 Resolutio
1773 863 1811 907 S.

176 936 302 992 Cong.
335 934 474 989 Cone„
499 935 521 977 ³,
547 947 653 992 quae
692 949 712 975 «
738 933 1052 977 rescribendum
1087 947 1212 990 super
1248 933 1386 976 relatis
1412 933 1604 990 precibus
1627 935 1810 977 censuit:

175 1007 232 1063 (in
268 1005 526 1049 Montisvidei
562 1010 598 1048 et
634 1004 828 1061 aliarum)
867 1004 1122 1060 Propositam
1145 1005 1488 1047 consuetudinem
1516 1004 1808 1047 remunerandi

177 1077 440 1121 coadiutores
476 1079 652 1120 vicarios
694 1075 861 1119 tolerari
896 1088 1027 1132 posse.
1076 1074 1125 1118 Et
1158 1075 1207 1118 ad
1245 1079 1485 1118 mentem».
1536 1074 1651 1129 Quae
1697 1088 1811 1118 mens

182 1148 571 1192 Administratorem
606 1146 796 1203 Aplcum.
834 1145 887 1190 ibi
923 1146 1187 1202 designatum
1223 1147 1403 1202 respicit.

303 1219 395 1262 154.
433 1220 504 1265 De
537 1220 843 1275 obligatione
891 1219 1170 1264 remittendi
1221 1218 1499 1263 Ordinariis
1549 1219 1811 1263 missarum

179 1305 347 1336 onera.
379 1314 436 1321 —
470 1289 528 1332 Ex
565 1303 601 1332 n.
637 1287 680 1331 4⁰
720 1288 826 1331 neci.
868 1303 887 1329 ε(
913 1287 960 1332 Ut
993 1288 1170 1331 debita»
1210 1287 1320 1345 (can.
1356 1289 1394 1341 6,
1430 1287 1491 1345 ⁶30)
1533 1303 1553 1329 r<
1582 1290 1643 1331 ius
1689 1300 1809 1344 prae-

180 1361 334 1404 cedens
368 1374 417 1404 ex
457 1362 616 1416 integro
652 1361 835 1402 referunt
861 1374 880 1399 »
918 1363 1139 1416 sequentes
1165 1358 1430 1415 paragraphi,
1454 1371 1630 1416 quorum
1658 1360 1816 1414 primus

182 1434 364 1476 continet
399 1436 596 1474 statutum
632 1429 742 1473 Dec¹.
783 1445 801 1469 <i
830 1428 1021 1486 vigilanti
1047 1446 1067 1470 »
1096 1430 1110 1451 4
1145 1434 1184 1472 et
1231 1429 1440 1472 secundus
1489 1429 1813 1472 declarationem

181 1503 370 1547 additam
408 1505 444 1545 in
481 1501 612 1545 nnm0.
647 1500 735 1558 cit.⁰
773 1500 879 1545 Dec&
920 1500 1014 1545 «Ut
1048 1499 1184 1544 debita
1209 1516 1249 1541 ».
1286 1499 1385 1543 Can.
1420 1502 1521 1543 841.
1545 1500 1573 1558 g
1599 1500 1634 1542 1.
1666 1498 1816 1543 Omnes

182 1579 222 1617 et
254 1572 414 1631 singuli
448 1574 486 1622 a)
518 1571 890 1615 aclministratores
924 1584 1149 1614 cansarum
1180 1570 1351 1628 piarum
1386 1571 1515 1614 idest:
1543 1573 1703 1627 piarum
1731 1571 1818 1613 fun-

182 1644 412 1691 dationum,
445 1656 620 1701 quarum
661 1645 873 1686 «nomine
906 1643 1194 1698 significantur
1244 1641 1348 1685 bona
1399 1641 1644 1698 temporalia
1692 1641 1814 1684 alicui

185 1728 384 1772 personae
421 1714 565 1758 morali
598 1717 635 1756 in
687 1714 869 1757 Ecclesia
916 1726 1083 1771 quoquo
1135 1713 1256 1756 modo
1306 1713 1415 1768 data,
1459 1726 1552 1756 cum
1603 1725 1729 1755 onere
1776 1714 1814 1754 in

186 1792 430 1843 perpetuum
470 1785 530 1829 vel
568 1787 604 1828 in
640 1785 883 1828 diuturnum
918 1789 1080 1840 tempus
1123 1797 1171 1827 ex
1223 1783 1424 1827 reditibus
1464 1785 1612 1826 annuis
1655 1782 1816 1840 aliquas

185 1857 327 1901 Missas
361 1856 690 1900 celebrandi...»
730 1855 837 1913 (can.
875 1855 1002 1911 1544,
1035 1855 1062 1913 ξ
1098 1856 1150 1909 ti,
1184 1860 1257 1897 ant
1292 1854 1333 1912 b)
1379 1868 1541 1912 quoquo
1591 1853 1710 1897 modo
1761 1852 1816 1896 ad

186 1928 417 1972 lilissarnm
449 1941 578 1972 onera
613 1926 825 1985 implenda
875 1940 947 1979 per
994 1940 1036 1969 se
1082 1931 1123 1969 ut
1172 1926 1440 1980 beneficiarii,
1485 1925 1547 1968 vel
1598 1938 1668 1979 per
1716 1924 1818 1968 alios

183 1999 374 2057 obliyati,
408 2012 502 2042 nam
537 1998 727 2041 additur:
761 1997 846 2040 sive
893 1996 1168 2040 ecclesiastici
1211 1996 1297 2038 sive
1339 1995 1456 2048 laici,
1501 2000 1706 2052 quatenus
1755 1994 1818 2038 his

190 2075 373 2127 «partes
420 2069 623 2127 quaedam
675 2070 712 2111 in
762 2068 1119 2111 administratione
1181 2067 1382 2110 bonorum
1433 2066 1815 2110 ecclesiasticorum

306 2201 317 2222 1
369 2199 574 2233 Can.1410.
605 2198 748 2232 Dotem
775 2196 959 2231 beneficii
986 2196 1241 2231 constituunt
1268 2196 1352 2230 sive
1390 2196 1492 2230 bona
1527 2206 1695 2240 quorum
1732 2204 1818 2239 pro-

188 2247 335 2292 prietas
362 2253 422 2280 est
448 2257 566 2291 penes
593 2246 722 2288 ipsum
748 2256 817 2279 ens
844 2244 1066 2285 iufldicum,
1093 2244 1176 2277 sive
1203 2247 1332 2278 certae
1370 2248 1410 2277 et
1449 2242 1601 2277 debitae
1638 2246 1817 2286 praesta-

186 2295 316 2328 tiones
342 2294 514 2327 alicuius
540 2292 713 2326 familiae
741 2292 802 2327 vel
829 2303 1016 2337 personae
1044 2291 1215 2332 moralis,
1245 2292 1328 2325 sive
1357 2295 1488 2324 certae
1508 2294 1547 2323 et
1566 2289 1815 2323 voluntariae

187 2341 366 2375 fidelium
392 2341 625 2383 oblationes,
655 2351 752 2384 quae
779 2339 827 2373 ad
855 2338 1032 2373 beneficii
1061 2342 1249 2372 rectorem
1276 2343 1469 2382 spectent,
1511 2338 1595 2371 sive
1633 2336 1731 2376 iura,
1772 2340 1817 2369 ut

188 2389 349 2429 dicitur,
402 2388 635 2422 stolaeintra
662 2386 760 2421 fines
787 2387 1006 2421 taxationis
1033 2385 1284 2419 dioecesanae
1310 2385 1374 2419 vel
1393 2385 1592 2430 legitimae
1612 2387 1818 2418 consuetu-

186 2436 304 2475 dinis,
334 2435 418 2469 sive
445 2435 620 2469 chorales
655 2434 971 2472 distributiones,
1011 2433 1171 2466 exclusa
1209 2432 1330 2466 tertia
1368 2431 1591 2466 earumdem
1628 2435 1751 2476 parte,
1786 2430 1816 2464 si

189 2495 323 2517 omnes
350 2483 500 2516 reditus
528 2481 708 2516 beneficii
736 2481 960 2515 choralibus
987 2479 1340 2514 distributionibus
1366 2484 1564 2513 constent.

308 2530 321 2552 2
349 2530 441 2564 Can.
474 2530 576 2563 1545.
603 2529 694 2563 Loci
723 2529 923 2563 Ordinarii
952 2533 1012 2562 est
1039 2538 1195 2561 normas
1222 2526 1482 2571 praescribere
1501 2526 1546 2559 de
1568 2525 1673 2559 dotis
1692 2535 1817 2569 quan-

188 2578 309 2611 titate
337 2577 439 2610 infra
465 2588 579 2621 quam
607 2578 670 2620 pia
695 2576 877 2610 iundatio
904 2575 1062 2609 admitti
1089 2581 1262 2618 nequeat
1288 2577 1329 2607 et
1355 2573 1400 2607 de
1427 2573 1511 2607 eius
1530 2571 1726 2606 fructibus
1744 2571 1820 2605 rite

189 2624 495 2658 distribuendis.

310 2671 402 2705 Can.
437 2672 534 2711 1489,
563 2675 581 2713 ξ
607 2673 640 2706 2.
667 2671 759 2706 Loci
787 2670 1015 2706 Ordinarius
1054 2669 1150 2703 haec
1188 2669 1379 2702 instituta
1417 2680 1465 2702 ne
1505 2666 1704 2712 approbet,
1741 2665 1819 2699 nisi

191 2718 283 2752 finis
309 2718 557 2753 fundationis
583 2719 697 2752 utilis
723 2730 855 2763 reapse
881 2719 943 2758 sit,
972 2722 1012 2751 et
1040 2716 1132 2750 talis
1171 2716 1393 2750 constituta
1426 2714 1545 2749 fuerit
1586 2714 1665 2755 dos,
1705 2724 1815 2757 quae,

189 2766 373 2800 omnibus
400 2766 613 2810 perpensis,
643 2765 813 2800 sufficiat
840 2766 900 2801 vel
929 2763 1130 2798 sufficiens
1167 2763 1249 2797 fore
1288 2762 1503 2807 prudenter
1543 2760 1820 2806 praevideatur

190 2813 242 2846 ad
269 2813 385 2846 illum
413 2812 710 2858 assequendum.

309 2861 323 2882 3
354 2862 394 2894 1⁴)
421 2860 502 2894 Ian.
535 2861 636 2894 1920.
668 2859 743 2894 CO.
774 2859 865 2902 ΧΠ,
894 2860 949 2894 73.
980 2879 1022 2884 —-
1048 2859 1061 2880 4
1087 2859 1132 2892 25
1165 2858 1257 2892 Maii
1288 2858 1385 2893 1893.
