1971 3261
157 151 226 184 5:24
558 149 641 183 Lm.
671 148 740 183 111.
769 168 782 174 -
810 149 914 182 PARs
941 148 973 183 I.
1002 168 1016 174 -
1042 149 1099 183 De
1125 149 1391 184 Sacramentis

158 280 246 311 can.
285 266 535 310 1038-1040
570 271 748 311 tractant
786 267 838 310 de
877 271 1077 323 potestate
1120 269 1157 309 in
1201 266 1438 310 huiusmodi
1489 267 1784 324 impedimenta

158 337 450 381 universaliter
473 337 749 392 considerata,
767 342 806 380 et
839 337 891 381 de
923 338 1236 381 consuetudinis
1263 340 1300 380 vi
1325 350 1413 381 can.
1440 338 1568 382 1041.
1592 338 1787 396 Sequitur

158 412 195 451 in
230 421 321 452 can.
358 408 468 451 1042
503 420 610 451 nova
645 408 1037 464 impedimentorum
1072 409 1223 452 divisio
1267 413 1457 465 respectu
1490 409 1539 452 ad
1574 408 1785 465 dispensa—

157 482 309 522 tionem
345 478 497 531 habito‚
533 484 656 536 atque
691 478 812 522 huius
844 478 1017 522 facultas
1049 479 1292 523 conceditur
1325 493 1399 535 pro
1432 492 1602 523 casuum
1636 493 1788 536 urgen-

157 552 307 593 tiorum
343 550 586 593 diversitate
620 555 704 592 tum
740 547 990 605 Ordinariis,
1024 554 1109 593 tum
1145 549 1348 607 parochis,
1383 550 1557 608 aliisque
1595 550 1788 594 sacerdo-

157 620 267 664 tibus
302 634 373 676 per
406 632 495 664 can.
532 620 797 675 1043-1045,
833 620 985 664 additis
1017 632 1106 664 can.
1145 620 1404 673 ι1046,104Ἶ
1439 621 1490 664 de
1522 621 1786 665 adnotatione

155 691 526 748 dispensationum,
575 693 634 735 sic
682 691 935 734 transeundo
985 691 1033 734 ad
1084 690 1321 749 huiusmodi
1370 691 1699 748 dispensationes
1747 694 1787 735 vi

156 762 193 806 S.
229 762 346 806 Sedis
379 762 526 805 indulti
571 767 641 805 aut
684 764 873 819 rescripti
911 775 1142 806 concessas.
1177 788 1228 793 —-
1265 762 1487 806 Facultatis
1519 763 1786 819 dispensandi

158 846 277 876 usum
313 833 584 876 moderantur
617 845 707 877 can.
742 833 1014 886 1048-1050,
1047 845 1095 877 ac
1128 833 1179 876 de
1213 833 1511 890 legitimatione
1548 833 1673 890 prolis
1716 847 1788 890 per

158 904 510 960 dispensationem
536 904 804 948 concedenda
831 904 1012 961 loquitur
1034 903 1110 947 sub
1131 904 1395 948 distinctione
1419 917 1509 948 can.
1534 904 1636 947 1051
1662 909 1789 948 trans·

156 977 243 1018 iens
286 974 335 1018 ad
381 975 418 1018 S.
460 968 577 1018 Sedis
620 977 819 1031 rescripta
864 975 915 1018 de
956 974 1033 1019 hac
1076 978 1264 1028 materia,
1296 988 1473 1031 quorum
1522 975 1711 1019 validitas
1744 980 1784 1018 et

158 1045 355 1102 implicita
406 1045 635 1102 amplitudo
684 1045 988 1090 determinatur
1031 1059 1104 1102 per
1136 1058 1226 1089 can.
1266 1046 1528 1094 1052-1054,
1562 1048 1787 1104 exequutio

157 1121 294 1160 autem
330 1116 546 1159 ordinatur
580 1116 711 1161 tribus
745 1115 901 1160 ultimis
934 1128 1025 1160 can.
1060 1117 1327 1159 1055-1057.

273 1188 370 1231 4ἓ7.
407 1189 615 1240 Quinam
649 1191 858 1245 possunt
892 1190 1186 1234 contrahere
1218 1190 1598 1234 matrimonium.
1633 1213 1685 1218 ——
1721 1187 1786 1231 Ad

156 1259 514 1302 determinandam
553 1271 822 1315 personarum
854 1257 1109 1302 habilitatem
1135 1258 1419 1302 contrahendo
1444 1261 1707 1302 matrimonio
1733 1272 1790 1302 re-

159 1329 295 1373 colere
328 1334 490 1386 oportet
523 1334 790 1386 praeceptum
827 1334 973 1373 natura
1008 1329 1187 1373 hominis
1219 1332 1413 1386 exigente
1442 1329 1623 1373 humano
1647 1331 1788 1386 generi

159 1400 300 1444 datum
326 1413 346 1444 a
369 1399 474 1444 Deo:
500 1416 522 1441 «
544 1402 718 1444 crescite
751 1405 790 1443 et
826 1399 1160 1457 multiplicamini
1196 1405 1236 1444 et
1269 1400 1423 1457 replete
1447 1405 1598 1443 terram
1626 1416 1644 1441 »
1670 1398 1787 1453 (Gen.

158 1471 227 1523 lx,
264 1474 320 1529 1),
355 1471 464 1529 quod
500 1476 540 1515 ut
576 1471 746 1515 honeste
790 1472 874 1526 fiat,
910 1473 1220 1515 matrimonium
1266 1477 1326 1515 est
1370 1472 1556 1515 naturale
1592 1472 1789 1527 medium,

163 1545 303 1600 «quia
348 1545 451 1586 ratio
496 1542 695 1586 naturalis
728 1543 778 1586 ad
815 1545 948 1599 ipsum
994 1542 1164 1586 inclinat
1196 1548 1234 1586 et
1268 1547 1427 1598 natura,
1467 1543 1536 1586 sed
1584 1542 1791 1586 mediante

158 1613 287 1658 libero
330 1614 502 1657 arbitrio
546 1614 904 1670 complendum»,
941 1619 985 1657 ut
1018 1614 1139 1658 (locet
1172 1613 1217 1657 D.
1252 1613 1323 1657 Th.
1347 1614 1375 1657 ¹.
1413 1640 1460 1644 —
1497 1613 1614 1657 Nunc
1652 1627 1751 1657 vero
1775 1613 1789 1635 ²

162 1690 352 1728 «natura
388 1684 559 1728 inclinat
591 1685 641 1728 ad
677 1685 832 1741 aliquid
869 1684 1115 1741 dupliciter:
1151 1698 1232 1728 uno
1268 1685 1390 1728 modo
1413 1687 1518 1728 sicut
1542 1685 1590 1728 ad
1618 1684 1655 1728 id
1680 1684 1790 1742 quod

157 1761 218 1799 est
251 1757 531 1799 necessarium
566 1755 615 1799 ad
653 1756 947 1812 perfectionem
982 1758 1175 1807 unius‚et
1201 1755 1292 1799 talis
1318 1755 1530 1799 inclinatio
1563 1754 1792 1813 quemlibet

157 1825 327 1882 obligat,
361 1828 457 1883 quia
491 1825 703 1869 naturales
737 1827 1012 1882 perfectiones
1049 1826 1242 1870 omnibus
1275 1831 1369 1870 sunt
1402 1839 1669 1881 communes,
1712 1825 1791 1869 alio

158 1896 281 1940 modo
330 1896 498 1940 inclinat
531 1897 580 1940 ad
616 1896 772 1954 aliquid
822 1897 931 1955 quod
982 1902 1042 1941 est
1090 1899 1372 1941 necessarium
1407 1898 1456 1940 ad
1493 1898 1787 1954 perlectionem

159 1967 458 2022 multitudinis3
494 1972 531 2010 et
566 1981 661 2011 cum
695 1967 822 2010 multa
856 1969 937 2010 sint
961 1967 1213 2020 huiusmodi,
1238 1981 1416 2026 quorum
1452 1981 1579 2011 unum
1615 1967 1790 2024 impedit

160 2038 288 2092 aliud,
311 2051 362 2081 ex
393 2038 462 2081 tali
498 2038 764 2082 inclinatione
798 2052 876 2081 non
912 2038 1121 2095 obligatur
1153 2038 1325 2096 quilibet
1361 2038 1482 2081 homo
1518 2052 1589 2095 per
1622 2037 1790 2081 modum

162 2111 397 2166 praecepti;
431 2108 532 2152 alias
564 2108 738 2166 quilibet
770 2109 893 2152 homo
926 2108 1184 2166 obligaretur
1215 2109 1264 2152 ad
1301 2109 1598 2165 agriculturam
1625 2114 1663 2152 et
1686 2108 1795 2151 aedi-

162 2181 407 2232 ticatoriam,
431 2185 470 2224 et
503 2180 552 2223 ad
589 2180 826 2224 huiusmodi
861 2180 994 2224 officia
1029 2194 1137 2238 quae
1169 2185 1261 2224 sunt
1296 2183 1526 2224 necessaria
1562 2180 1792 2223 communi-

162 2253 233 2294 tati
269 2251 497 2303 humanae;
543 2251 612 2294 sed
660 2251 916 2295 inclinationi
962 2256 1135 2294 naturae
1173 2252 1332 2305 satistit,
1367 2264 1461 2294 cum
1498 2264 1569 2307 per
1602 2250 1792 2293 diversos

163 2321 330 2365 diversa
366 2321 416 2364 de
451 2321 674 2377 praedictis
715 2322 992 2377 complentur.
1028 2320 1129 2366 Cum
1163 2335 1263 2378 ergo
1296 2322 1346 2365 ad
1390 2322 1682 2378 perfectionem
1716 2319 1790 2363 hu-

165 2404 311 2435 manae
361 2391 636 2435 multitudinis
669 2395 719 2435 sit
753 2395 1034 2436 necessarium
1083 2392 1244 2450 aliquos
1291 2392 1639 2448 contemplativae
1686 2393 1793 2433 vitae

165 2465 382 2514 inservire,
406 2475 512 2520 quae
548 2465 728 2506 maxime
764 2477 835 2520 per
869 2465 1178 2506 matrimonium
1215 2463 1454 2519 impeditur,
1479 2462 1690 2506 inclinatio
1723 2473 1792 2504 na-

163 2537 280 2576 turae
305 2533 354 2576 ad
381 2535 690 2577 matrimonium
726 2547 804 2576 non
839 2533 996 2590 obligat
1029 2546 1101 2590 per
1136 2533 1303 2576 modum
1339 2535 1563 2590 praecepti,
1587 2534 1709 2576 etiam
1734 2544 1793 2575 se-

165 2603 346 2647 cundum
385 2603 661 2660 philosophos.
694 2604 812 2648 Unde
836 2603 1144 2661 Theophrastus
1179 2603 1323 2660 probat
1357 2603 1466 2662 quod
1501 2605 1677 2659 sapienti
1712 2614 1791 2645 non

165 2675 334 2731 expedit
367 2674 537 2730 nubere,
573 2680 615 2718 ut
649 2676 774 2718 refert
808 2674 1130 2731 Hieronymus»
1155 2674 1181 2717 ³.

283 2745 340 2789 Ex
365 2746 487 2789 dictis
508 2748 696 2803 sequitur
720 2746 936 2790 individua
960 2745 1167 2789 humanae
1190 2748 1342 2803 speciei
1366 2746 1543 2802 singula,
1567 2745 1664 2788 dum
1692 2743 1790 2800 phy·

282 2853 293 2873 1
322 2850 456 2895 Suppl.
487 2863 522 2896 q.
552 2851 643 2885 XLI
669 2863 703 2890 a.
739 2853 751 2884 t
780 2862 882 2896 corp.
913 2870 955 2877 --
981 2851 995 2873 2
1021 2850 1077 2885 Ib.
1107 2856 1181 2885 art.
1212 2851 1232 2884 2
1260 2862 1361 2896 corp.
1398 2872 1432 2876 —
1461 2851 1476 2873 3
1503 2849 1624 2885 Lib.I
1651 2853 1791 2884 contra

164 2898 291 2933 Iovin.
320 2910 398 2943 cap.
426 2898 483 2932 28.
