1971 3261
145 94 214 129 186
546 95 631 129 Lm.
661 94 732 128 111.
762 114 773 120 -
802 94 912 128 PARS
937 94 967 128 Ι.
997 114 1011 120 -
1036 94 1094 130 De
1119 94 1384 130 Sam-amentis
1496 94 1589 130 Gan.
1616 94 1774 131 853-854

144 226 219 256 nec
253 214 461 257 fructuose
495 215 709 270 percipere
743 216 887 268 potest,
921 212 1031 270 quod
1057 217 1117 256 est
1142 225 1239 256 vere
1272 217 1358 256 tum
1390 225 1550 258 sacram
1585 227 1770 258 commu·

145 286 307 327 nionem
342 287 528 341 recipere
563 286 674 327 iuxta
708 283 1028 340 explicationem
1062 296 1188 340 supra
1210 283 1347 327 datam
1372 284 1423 328 de
1447 284 1528 340 illa,
1553 289 1637 328 tum
1663 287 1770 329 eius-

141 354 236 398 dem
270 354 502 398 snbiectum
537 368 640 398 esse.

260 425 373 469 Haec
406 427 542 469 omnia
585 427 878 481 exprimuntur
921 428 960 469 in
994 425 1072 470 Rit.
1108 425 1225 470 Rom.
1262 427 1289 479 ²,
1324 425 1392 470 ubi
1433 429 1556 471 etiam
1592 426 1772 484 prohibi-

142 498 273 539 tiones
305 495 620 539 subnectuntur.
660 494 885 539 Videlicet:
921 496 959 540 8.
999 512 1021 537 c<
1043 495 1205 540 Fideles
1230 510 1373 540 omnes
1397 497 1447 540 ad
1472 510 1633 541 sacram
1657 510 1768 541 com—

141 568 379 610 munionem
428 566 673 610 admittendi
723 571 829 622 sunt,
864 561 1050 623 exceptis
1097 569 1159 624 iis,
1192 570 1261 625 qui
1307 570 1409 612 iusta
1445 570 1603 612 ratione
1637 567 1771 625 prohi-

140 637 344 680 bentur»
381 637 561 694 ldipsum
596 637 686 681 aliis
723 637 861 681 verbis
893 640 1098 694 expressit
1142 652 1230 680 ean.
1267 639 1374 682 853.
1413 637 1598 692 Quilibet
1631 638 1766 697 bapti-

135 713 256 750 zatus
288 713 567 765 congruenter
600 711 746 752 canoni
782 709 834 752 87
870 709 901 763 ²,
935 708 1007 766 qui
1049 709 1144 751 iure
1186 709 1330 752 divino
1367 714 1438 752 aut
1471 709 1765 764 ecclesiastiCO,

134 781 289 835 scripto
327 779 389 822 vel
424 779 789 823 consuetudinariO
838 793 917 823 non
962 778 1227 837 prohibetur,
1278 784 1317 823 et
1364 780 1532 838 quidem
1574 794 1647 837 pro
1680 782 1767 824 foro

134 854 322 901 externo,
357 849 579 907 prohibitio
618 853 727 894 enim
753 853 791 892 in
818 849 895 894 hoc
919 851 1006 894 foro
1030 855 1223 894 constans
1246 853 1479 894 necessaria
1502 856 1575 903 est,
1598 850 1768 895 admitti

133 920 177 976 a)
209 926 345 978 potest
380 921 490 964 licite
523 934 544 964 a
579 921 794 965 sacerdote
847 920 911 964 vel
962 921 1137 965 diacono
1186 923 1459 975 ministrante,
1503 920 1546 978 b)
1581 927 1619 964 et
1652 920 1768 965 debet

135 996 276 1047 utpote
310 993 372 1035 ius
405 991 562 1035 habens
593 991 649 1035 ad
681 1005 847 1035 sacram
891 992 1233 1036 commzmionem.

254 1063 350 1106 172-
387 1065 459 1110 De
492 1066 657 1121 pueris
691 1066 1109 1110 communicandis
1143 1066 1219 1110 vel
1264 1078 1374 1110 non.
1409 1090 1435 1094 -
1469 1063 1551 1107 Has
1585 1063 1768 1120 prohibi-

134 1136 266 1178 tiones
300 1148 549 1178 recensurus
582 1134 720 1178 Codex
757 1137 900 1192 incipit
933 1134 984 1178 ab
1019 1134 1086 1178 illa
1119 1147 1243 1192 quam
1293 1134 1371 1179 Rit.
1421 1134 1537 1178 Rom.
1571 1135 1662 1188 (loc.
1697 1137 1765 1179 cit.

135 1220 171 1248 n.
213 1205 281 1263 11)
317 1207 461 1249 iisdem
515 1205 651 1250 verbis
684 1209 880 1263 exprimit
914 1219 961 1250 ac
995 1221 1085 1249 ean.
1121 1208 1228 1249 854.
1263 1208 1288 1258 ξ
1324 1207 1335 1248 1
1396 1205 1543 1249 Pueris
1580 1206 1763 1250 scilicet:

68 1330 70 1332 Ι
131 1279 279 1320 aetatis
311 1282 468 1333 septem
503 1289 704 1320 annorum
742 1277 831 1334 plus
857 1280 1061 1331 minusve,
1088 1277 1159 1334 qui
1182 1276 1222 1334 a)
1245 1282 1421 1335 propter
1444 1276 1600 1319 aetatis
1625 1279 1663 1320 in
1688 1275 1765 1321 hoc

129 1361 290 1391 canone
323 1348 609 1392 consideratae
643 1347 971 1391 imbecillitatem
1017 1348 1197 1392 scilicet:
1243 1349 1561 1391 secumserentis
1595 1350 1766 1391 rationis

130 1419 354 1472 delectum,
404 1418 586 1462 nondum
637 1418 764 1461 leuius
806 1419 1065 1462 sacramenti
1098 1431 1179 1476 qua
1212 1418 1305 1462 talis
1340 1418 1381 1475 b)
1416 1418 1692 1476 eoym'lionem
1727 1423 1766 1461 et

130 1495 434 1547 consequenter
467 1490 700 1534 defectibus
735 1492 985 1547 cognitionis
1008 1502 1055 1533 ac
1078 1492 1224 1533 aetatis
1247 1503 1323 1532 nec
1346 1489 1385 1546 c)
1407 1495 1574 1546 qustum
1601 1488 1763 1545 liabent,

129 1575 181 1604 -ex
216 1560 292 1605 hac
329 1561 604 1618 prohibitione
640 1564 739 1605 iuris
773 1561 1044 1605 ecclesiastici
1079 1560 1356 1604 Euchariston
1402 1574 1452 1603 ne
1483 1560 1763 1612 ‘nez'm‘stretm3

128 1634 325 1690 quamvis
374 1638 540 1689 propter
591 1632 855 1689 baptismum,
905 1631 1160 1675 habitualem
1212 1632 1351 1687 tidem,
1386 1636 1423 1674 et
1458 1629 1649 1687 gratiam,
1683 1634 1762 1674 sint

127 1691 273 1746 ..sacrae
307 1706 612 1746 communionis
642 1693 853 1746 'fructuose
885 1703 1176 1759 suscipiendae
1215 1702 1462 1745 subiectum.

248 1773 352 1828 Quia
394 1790 412 1814 (ι
439 1778 476 1817 in
513 1774 698 1831 periculo
749 1777 893 1817 mortis
943 1773 1085 1818 tideles
1133 1786 1276 1817 sacrae
1323 1775 1630 1816 communionis
1665 1776 1764 1816 reci-

133 1846 306 1901 piendae
340 1851 558 1902 praecepto
601 1851 791 1888 tenentur
814 1861 835 1886 ›>
867 1845 976 1902 (can.
1003 1845 1101 1898 864,
1124 1844 1152 1902 ς’
1180 1845 1236 1897 l),
1261 1847 1372 1887 iuxta
1398 1857 1540 1887 omnes
1569 1848 1764 1887 Doctores

129 1919 287 1969 divino,
322 1920 386 1960 cui
422 1917 571 1960 cedere
607 1916 730 1960 (lebet
756 1919 820 1959 ius
844 1916 1195 1967 ecclesiasticiin13
1230 1915 1413 1958 Ecclesia
1449 1914 1571 1957 huius
1606 1927 1764 1957 memor

128 1992 169 2030 et
202 1994 309 2031 can.⁵
345 1987 392 2030 lV
427 1988 544 2044 (sess.
582 1987 672 2030 ΧΧΙ
699 1987 749 2030 (le
773 1989 1110 2031 communione...
1144 1985 1266 2030 Conc.
1301 1984 1430 2042 Trid.)
1469 2001 1488 2026 c(
1512 1987 1551 2029 Si
1577 1987 1669 2042 quis
1702 1985 1761 2028 di-

132 2061 251 2111 xerit,
287 2059 472 2115 parvulis
505 2064 728 2116 antequam
766 2058 815 2102 ad
851 2071 980 2102 annos
1012 2057 1274 2101 discretionis
1307 2058 1587 2113 pervenerint,
1623 2069 1762 2099 neces-

110 2132 279 2172 sariam
315 2144 404 2173 esse
438 2130 715 2174 eucharistiae
749 2131 1100 2183 communionem,
1137 2127 1354 2171 anatliema
1389 2130 1506 2181 sit›>;
1540 2129 1676 2170 statim
1710 2140 1759 2170 ex

132 2199 247 2244 Dec.O
277 2216 296 2241 «
317 2201 448 2256 Quam
470 2201 669 2258 singulari
691 2218 709 2241 ))
740 2202 753 2223 3
772 2199 995 2244 subnexuit
1014 2202 1038 2253 ἓ
1058 2200 1095 2242 Εὶ.
1132 2197 1175 2241 In
1194 2198 1383 2256 periculo
1402 2198 1549 2241 mortis
1573 2200 1761 2255 «quavis

128 2286 180 2314 ex
214 2284 336 2315 causa
374 2272 610 2328 procedat»
650 2272 759 2328 (can.
796 2271 897 2324 864,
928 2270 956 2328 ξ
991 2270 1049 2327 1),
1084 2276 1125 2312 m
1169 2269 1439 2311 smectissima
1482 2267 1758 2312 Eueliaristia

125 2343 272 2400 pueris
305 2343 547 2385 'nzina'slrari
579 2342 621 2399 a)
652 2343 786 2400 possit
820 2341 872 2386 ob
896 2341 1180 2384 limitationem
1207 2353 1344 2397 praec.
1365 2339 1626 2396 paragraphi,
1652 2338 1688 2392 b)
1712 2353 1760 2381 ue

128 2413 273 2457 debeat
309 2419 475 2470 propter
509 2416 572 2456 ius
604 2416 809 2468 divinum,
842 2413 948 2455 satis
982 2412 1114 2455 estad
1157 2411 1322 2454 «huius
1344 2413 1591 2454 sacramenti
1617 2412 1757 2466 cogni-

130 2487 281 2528 tionem
317 2490 354 2528 et
388 2489 598 2540 gustum»
637 2485 746 2541 quod
780 2485 937 2537 attinet,
971 2483 1009 2539 a)
1044 2487 1088 2525 ut
1121 2482 1257 2525 sciant
1294 2480 1452 2539 Corpus
1487 2479 1650 2524 Clu-isti
1681 2479 1758 2523 sub

249 2616 259 2636 1
289 2614 365 2648 Tit.
396 2614 461 2651 IV,
492 2614 543 2647 Ca
579 2642 583 2646 .
616 2616 647 2648 Ι.

246 2662 259 2684 2
287 2661 380 2696 Can.
419 2662 475 2696 87.
515 2625 759 2706 ngtisma‘ce
798 2660 912 2694 homo
951 2659 1213 2693 constituitur
1239 2658 1279 2691 in
1307 2656 1481 2690 Ecclesia
1501 2655 1649 2690 Christi
1675 2666 1756 2700 per-

126 2720 222 2742 sona
249 2720 336 2742 cum
363 2708 545 2742 omnibus
572 2708 879 2742 christianorum
905 2706 1061 2741 iuribus
1087 2710 1126 2740 et
1153 2705 1302 2744 officiis,
1339 2704 1431 2743 nisi,
1461 2704 1508 2737 ad
1535 2704 1622 2737 iura
1653 2701 1756 2747 quod

129 2756 292 2799 attinet,
321 2755 464 2789 obstet*
485 2755 597 2793 obex,
639 2755 929 2789 ecclesiasticae
967 2754 1254 2790 communionis
1290 2753 1497 2786 vino-ulum
1524 2750 1754 2796 impediens,

129 2804 189 2836 vel
217 2803 299 2836 lata
325 2803 370 2837 ab
399 2803 573 2836 Ecclesia
599 2814 775 2836 censura.

246 2853 259 2872 ²²
289 2850 326 2883 S.
357 2851 383 2884 C
427 2850 471 2883 de
500 2850 561 2883 Sa(
574 2851 762 2883 ramentis
787 2850 809 2883 8
837 2850 936 2894 Aug.
966 2848 1068 2890 1910,
1097 2860 1133 2882 n.
1160 2848 1231 2881 Ili.
1263 2847 1338 2881 CO.
1369 2847 1420 2888 ΙΙ,
1450 2846 1531 2880 582.
