1971 3261
195 150 261 184 132
595 148 679 183 Liss.
707 149 777 183 ΙΙΙ.
806 169 816 174 -
844 149 954 183 PARS
980 149 1010 182 I.
1038 168 1050 173 —
1076 147 1133 182 De
1158 148 1424 184 Sam-amentis
1632 150 1725 185 Can.
1751 150 1821 185 818

306 269 402 311 126.
440 270 723 315 Facultates
747 270 1051 314 vicariorum
1075 272 1124 314 et
1151 270 1519 316 Praefectorum
1543 271 1820 327 Aplcorum.

186 343 232 385 in
266 343 359 386 hac
392 354 458 386 re.
482 365 507 370 —
532 339 572 381 ln
608 339 684 383 hac
719 344 834 395 parte
869 338 1007 395 plures
1030 339 1248 383 facultates
1270 340 1510 384 tribuuntur
1535 354 1606 396 per
1630 341 1819 385 diversas

186 410 384 454 formulas
423 408 594 452 Vicariis
637 414 674 452 et
723 410 942 452 Praefectis
975 409 1236 466 Apostolicis.
1275 409 1497 456 Videlicet:
1544 414 1582 454 in
1627 411 1820 456 omnibus

187 484 370 539 quinque
404 480 589 523 formulis
622 482 894 523 inveniuntur
927 483 986 523 eis
1019 493 1239 524 concessae
1267 481 1483 526 facultates
1506 482 1659 540 (Form.
1688 485 1817 539 prima

185 551 453 607 11um.12,5).
493 567 513 591 ((
536 551 805 594 Permittendi
841 550 1197 608 thurificationem
1231 554 1270 595 in
1304 552 1436 596 Missis
1469 556 1644 597 cantatis
1676 566 1699 597 a
1732 554 1817 597 solo

184 622 421 667 celebrante
453 621 608 679 absque
643 624 855 677 ministris,
880 623 1108 666 dummodo
1143 624 1223 667 duo
1256 624 1402 667 saltem
1436 625 1575 668 clerici
1611 625 1820 682 superpel-

186 694 290 737 liceo
325 694 456 736 induti
500 692 646 736 Missae
686 695 928 737 inserviant.
978 720 1036 726 —
1084 695 1352 738 Permittendi
1388 701 1431 739 ut
1464 698 1503 738 in
1537 696 1725 740 ecclesiis
1757 698 1819 739 sui

184 767 381 808 territorii
416 763 511 820 (nec
549 764 863 820 distinguuntur
912 765 1017 818 illae,
1068 770 1138 809 aut
1185 769 1220 809 ei
1270 765 1480 810 subiectae
1529 766 1817 824 designantur)

184 835 226 892 a)
265 840 326 878 ter
359 837 396 877 in
433 834 693 878 hebdomada
730 837 852 892 (quae
891 852 911 876 ((
936 841 1096 880 constat
1129 837 1152 879 7
1193 837 1383 881 diebus»
1423 850 1514 881 can.
1551 837 1603 881 3⁶2
1637 837 1665 893 ξ
1702 838 1736 893 l,
1771 851 1818 882 ac

184 911 226 949 ut
272 907 436 949 videtur
474 918 504 952 ,a
553 906 762 949 dominica
810 907 1120 965 supputandis),
1170 907 1210 966 b)
1259 913 1374 951 extra
1424 906 1818 965 Quadi-agesimam,

182 978 219 1034 c)
252 975 386 1020 Missa
417 977 590 1034 privata
622 976 673 1020 de
704 977 851 1034 requie
883 977 1086 1022 celebrari
1124 981 1262 1036 possit,
1297 978 1340 1036 (ι’)
1375 981 1499 1022 etiam
1533 978 1682 1023 diebus
1716 982 1818 1023 ritus

181 1047 357 1104 duplicis
392 1050 560 1091 maioris
592 1053 632 1092 et
667 1051 837 1092 minoris
869 1052 961 1103 (seu
1006 1051 1044 1092 in
1090 1051 1169 1093 ritu
1214 1050 1575 1094 dominicanorum
1619 1052 1742 1093 etiam
1779 1053 1817 1094 in

179 1117 289 1161 Totis
322 1117 599 1175 Duplicibus),
634 1121 670 1173 e)
704 1121 890 1175 exceptis
935 1119 1162 1163 Dominicis
1206 1119 1595 1178 (quibuscumque),
1627 1133 1703 1164 nec
1737 1134 1817 1164 non

182 1190 294 1231 feriis
326 1189 417 1244 (fer.
452 1187 503 1231 lV
535 1187 746 1243 Cinerum,
771 1195 809 1232 et
844 1191 935 1234 fer.s
959 1190 1005 1244 ll,
1030 1190 1095 1245 ΙΙΙ,
1120 1189 1171 1233 lV
1197 1193 1289 1234 mai.
1316 1190 1474 1248 hebd),
1511 1191 1663 1247 vigiliis
1688 1190 1817 1247 (Nati-

185 1261 333 1315 vitatis,
352 1258 611 1316 Epiphaniae
635 1264 675 1303 et
701 1260 996 1318 Pentecostes),
1016 1265 1140 1318 atque
1163 1263 1322 1305 octavis
1346 1261 1452 1319 (tum
1477 1262 1491 1305 Ι
1514 1259 1709 1307 Ordinis:
1745 1262 1816 1306 Pa-

178 1329 331 1373 schatis
355 1335 393 1373 et
418 1330 693 1386 Pentecostes,
714 1336 801 1374 tum
827 1331 860 1374 ΙΙ
884 1329 1076 1377 Ordinis:
1103 1331 1360 1389 Epiphaniae
1384 1338 1421 1376 et
1440 1332 1634 1390 Corporis
1651 1333 1817 1390 Christi,

180 1406 266 1444 tum
290 1401 341 1444 ΙΙΙ
365 1399 556 1446 Ordinis:
592 1401 832 1446 Nativitatis
866 1402 1044 1457 Domini,
1068 1403 1353 1461 Ascensionis)
1380 1403 1657 1461 privilegiatis
1684 1404 1814 1462 (quod

182 1471 355 1516 verbum
390 1473 568 1516 refertur
601 1473 651 1516 ad
686 1473 849 1530 singula
885 1475 1111 1530 praedicta,
1146 1479 1185 1517 et
1228 1474 1403 1518 formula
1448 1475 1630 1532 loquitur
1671 1489 1816 1519 secun-

177 1543 277 1586 dum
313 1546 437 1587 ritum
471 1556 704 1599 romanum,
740 1546 839 1601 quin
874 1550 1092 1601 propterea
1140 1545 1238 1589 velit
1286 1547 1324 1588 in
1375 1545 1569 1589 facultate
1613 1547 1816 1602 derogare

179 1617 274 1658 ritui
311 1628 346 1659 v.
381 1628 441 1671 gr.
477 1614 854 1671 dominicanorum,
889 1618 922 1659 si
958 1628 1064 1674 quae
1097 1616 1202 1660 aliae
1236 1622 1408 1661 octavae
1442 1616 1678 1660 huiusmodi
1714 1620 1813 1669 sint3

179 1685 358 1729 notanda
394 1698 492 1728 vero
525 1697 703 1743 sequens
737 1685 960 1744 clausula):
996 1686 1143 1730 diebus
1167 1691 1318 1744 tamen,
1343 1687 1494 1745 quibus
1523 1687 1667 1731 eadem
1695 1689 1815 1731 Missa

176 1770 199 1800 a
234 1756 425 1800 Rubricis
459 1756 581 1813 (ritus
615 1759 788 1812 romani,
816 1757 1094 1813 peculiarisve
1128 1757 1375 1815 sacerdotis)
1411 1760 1676 1815 permittitur,
1703 1771 1815 1801 com-

179 1829 329 1884 putatis
353 1843 373 1868 ))
413 1827 471 1884 (in
506 1830 688 1870 ternario
723 1841 912 1871 numero.
945 1829 1011 1872 Sic
1035 1842 1134 1885 ergo
1159 1828 1359 1872 limitatur
1384 1829 1558 1873 facultas
1583 1831 1718 1872 forsan
1744 1828 1814 1873 ob·

176 1903 308 1942 tenta:
345 1897 510 1955 quando
544 1903 606 1941 ter
640 1900 764 1941 missa
798 1898 848 1941 de
885 1901 1028 1956 requie
1063 1901 1101 1942 in
1131 1898 1395 1943 hebdomada
1428 1899 1630 1943 celebrari
1668 1903 1813 1956 potest,

177 1969 348 2012 facultas
381 1971 559 2027 quiescit
582 1981 630 2012 ea
654 1971 692 2012 in
720 1968 995 2024 hebdomada,
1022 1970 1187 2027 quando
1212 1970 1273 2014 bis
1297 1973 1549 2027 permittitur
1573 1983 1593 2013 a
1621 1970 1812 2025 rubricis,

179 2053 257 2084 una
291 2043 379 2097 quit
412 2040 596 2096 adiungi,
631 2040 797 2097 quando
831 2041 958 2084 semel
994 2045 1151 2084 tantum
1187 2046 1247 2084 est
1282 2044 1480 2098 permissa
1517 2055 1588 2098 per
1620 2040 1811 2085 rubricas

179 2113 217 2154 in
253 2111 528 2163 hebdomada,
567 2110 628 2155 bis
662 2110 835 2154 facultas
868 2114 1057 2155 exerceri
1095 2112 1260 2169 potest).

297 2181 337 2223 ln
373 2185 550 2237 quatuor
582 2180 786 2235 formulis,
820 2187 994 2238 excepta
1039 2183 1164 2238 igitur
1208 2184 1356 2238 prima,
1395 2184 1606 2225 invenitur
1651 2187 1814 2238 praeter

179 2251 411 2307 praedictas
445 2251 618 2294 facultas
651 2251 806 2309 (Form.
832 2257 1009 2310 utraque
1031 2253 1214 2295 secunda
1250 2253 1272 2294 9
1307 2257 1378 2296 aut
1411 2253 1454 2310 8)
1482 2268 1504 2294 «
1529 2252 1811 2307 Permittendi,

175 2324 300 2365 etiam
334 2324 372 2364 in
407 2321 599 2365 omnibus
632 2322 744 2365 festis
777 2327 817 2366 et
850 2323 1070 2366 dominicis
1092 2323 1196 2375 <sine
1221 2323 1467 2367 limitatione
1500 2326 1625 2380 igitur
1650 2324 1812 2367 dierum

178 2394 335 2436 ratione
369 2393 488 2449 ritus)
522 2391 698 2435 Missam
732 2393 912 2436 votivam
945 2393 996 2436 de
1028 2392 1075 2437 B.
1110 2392 1166 2438 M.
1204 2393 1242 2436 V.
1277 2393 1410 2451 (certe
1443 2396 1674 2438 secundum
1708 2399 1811 2437 tem-

178 2466 290 2520 pora)
326 2464 373 2505 iis
397 2462 595 2520 (tantum)
625 2466 709 2521 qui,
735 2463 786 2507 ob
820 2464 1027 2507 defectum
1063 2464 1278 2507 oculorum
1312 2464 1494 2508 aliamve
1528 2466 1811 2508 infirmitatem

176 2533 342 2590 (capitis
375 2535 557 2589 torsitan,
592 2533 704 2591 etc),
740 2534 878 2590 legere
912 2542 1121 2591 nequeant
1164 2534 1306 2578 Missas
1339 2535 1515 2591 singulis
1559 2535 1705 2579 diebus
1749 2549 1812 2580 oc-

175 2609 391 2647 currentes
426 2606 537 2646 iuxta
575 2604 749 2647 Missalis
783 2604 955 2648 Romani
991 2605 1239 2649 rubricas».
1265 2605 1381 2650 Unde
1414 2606 1590 2649 durante
1625 2606 1700 2649 hac
1735 2609 1810 2649 im-

180 2674 461 2730 possibilitate,
487 2675 654 2717 forsitan
682 2688 753 2731 pro
778 2674 1027 2732 quibusdam
1052 2675 1210 2719 diebus.
1236 2674 1436 2728 Quamvis
1458 2680 1517 2720 sic
1551 2679 1811 2732 exprimatur

184 2759 204 2785 ‹<
227 2744 400 2788 Missalis
426 2744 596 2788 Romani
623 2745 811 2788 rubricas
836 2761 855 2787 ³)
886 2750 1080 2802 putamus
1103 2746 1211 2789 idem
1240 2746 1378 2790 valere
1404 2760 1476 2803 pro
1500 2746 1673 2790 Missalis
1708 2749 1810 2790 ritus

182 2828 260 2858 uon
304 2815 514 2858 orientalis
559 2814 736 2858 rubricis
774 2829 809 2861 V.
845 2830 907 2872 gr.
942 2815 1116 2859 Missalis
1157 2813 1328 2860 Ordinis
1371 2817 1721 2861 praedicatorum.
1757 2843 1809 2848 —
