1971 3261
140 181 207 215 106
532 181 617 215 Lm.
646 180 719 215 ΠΙ.
748 201 761 206 -
789 181 898 216 PARS
924 183 955 216 Ι.
984 202 996 209 -
1022 183 1079 218 De
1104 183 1369 218 Sam-amentis
1578 184 1671 220 Can.
1699 184 1769 220 803

139 300 295 343 Pariter
329 299 423 357 (loc.
457 313 546 356 sup.
581 299 670 357 cit.)
709 315 729 340 ((
753 300 792 342 Si
826 301 1020 345 sacerdos
1052 301 1104 345 ab
1137 304 1293 345 unitate
1325 301 1535 346 Ecclesiae
1559 305 1769 359 praecisus

138 370 232 426 (per
265 370 487 424 haeresim,
519 370 712 425 schisma,
738 372 1234 430 excommunicationem)
1261 375 1428 416 missam
1453 373 1648 429 celebret⁷
1673 376 1769 432 quia

139 446 382 496 potestatem
418 440 575 484 ordinis
608 454 687 484 non
722 443 886 496 amittit,
920 447 1135 486 consecrat
1171 456 1314 486 verum
1349 456 1499 499 corpus
1532 448 1572 486 et
1604 446 1768 500 sangui-

139 524 231 554 nem
266 510 439 555 Christi:
472 511 543 554 sed
578 513 674 568 quia
708 516 767 554 est
800 511 852 555 ab
885 514 1042 555 unitate
1075 512 1285 556 Ecclesiae
1308 519 1536 570 separatus,
1564 517 1770 558 orationes

139 584 227 625 eius
261 582 487 624 efficaciam
523 595 600 624 non
639 580 789 625 habent
811 597 850 625 ›>.
897 607 949 613 —
1000 582 1174 626 Demum
1209 585 1345 641 quoad
1381 585 1696 639 'suspensionem
1732 590 1771 628 et

138 652 497 708 degradationem,
534 667 553 691 «
578 652 816 704 dicendum,
852 653 960 709 quod
996 655 1216 710 episcopus
1249 667 1327 697 non
1352 655 1422 698 dat
1447 660 1687 711 potestatem
1712 668 1770 699 sa-

139 722 359 765 cerdotalis
393 722 549 765 ordinis
582 724 745 778 propria
783 724 947 778 virtute,
981 724 1051 766 sed
1090 725 1474 776 instrumentaliter,
1506 728 1612 769 sicut
1652 728 1768 769 mini-

138 798 221 835 ster
255 792 341 842 Dei‚
376 795 495 836 cuius
527 793 699 836 effectus
732 806 805 849 per
838 792 1047 837 hominem
1093 794 1178 837 tolli
1228 808 1308 838 non
1355 800 1499 851 potest,
1539 797 1769 840 secundum

139 863 237 906 illud
263 863 298 904 ¹:
335 862 497 915 “Quod
533 862 644 906 Deus
675 866 901 917 coniunxit,
937 864 1060 908 homo
1095 878 1173 908 non
1213 870 1377 922 separet
1395 899 1434 921 „.
1476 866 1523 909 Et
1558 867 1648 910 ideo
1681 866 1772 923 Epi-

137 947 285 990 scopus
320 947 397 976 non
434 939 566 990 potest
598 933 705 977 hanc
740 939 982 991 potestatem
1017 936 1194 991 auferre,
1239 938 1346 979 sicut
1380 950 1453 980 nec
1489 936 1554 980 ille
1597 940 1664 994 qui
1702 937 1769 981 ba-

140 1006 274 1060 ptizat,
310 1009 441 1060 potest
473 1005 637 1048 auferre
671 1004 956 1048 characterem
991 1005 1320 1062 baptismalem»
1346 1007 1374 1048 2.

260 1075 355 1118 107.
409 1077 682 1121 Prohibitio
730 1078 1188 1123 concelebrationis.
1239 1103 1289 1108 —
1343 1077 1411 1120 Ait
1460 1077 1506 1120 D.
1559 1077 1770 1122 Thomas3

143 1162 166 1186 ((
188 1145 297 1202 quod
331 1146 363 1189 si
396 1145 570 1203 quilibet
601 1146 864 1189 sacerdotum
899 1151 1142 1203 operaretur
1176 1150 1213 1190 in
1253 1149 1403 1208 virtute
1429 1150 1610 1204 propria,
1633 1162 1772 1206 super-

138 1216 315 1259 fluerent
348 1216 415 1259 alii
450 1215 709 1260 celebrantes
732 1216 872 1273 (simul
891 1230 984 1260 cum
1007 1218 1113 1274 ipso)
1139 1231 1217 1261 uno
1241 1219 1496 1262 sufficienter
1518 1218 1770 1263 celebrante.

136 1285 215 1329 Sed
250 1289 345 1344 quia
369 1287 562 1330 sacerdos
596 1293 915 1330 nonconsecrat
939 1290 1015 1330 nisi
1041 1291 1077 1330 in
1104 1301 1278 1344 persona
1301 1288 1466 1343 Christi,
1490 1289 1606 1332 multi
1631 1295 1769 1333 autem

139 1361 231 1399 sunt
267 1370 394 1400 unum
428 1359 465 1399 in
500 1356 674 1410 Christo,
710 1358 801 1400 ideo
846 1371 924 1400 non
962 1359 1087 1401 refert
1124 1364 1261 1402 utrum
1307 1373 1379 1415 per
1422 1373 1548 1403 unum
1594 1365 1664 1403 aut
1698 1373 1772 1417 per

141 1427 290 1471 multos
324 1428 400 1471 hoc
433 1434 741 1472 sacramentum
775 1434 1056 1485 consecretur,
1091 1432 1167 1473 nisi
1202 1431 1311 1488 quod
1347 1435 1505 1488 oportet
1536 1433 1657 1474 ritum
1695 1431 1768 1475 Ec-

139 1497 287 1541 clesiae
331 1501 549 1542 servari».
581 1499 692 1542 Inter
730 1502 864 1543 varios
898 1502 1024 1556 igitur
1059 1503 1160 1544 ritus
1192 1501 1431 1550 catholicos,
1466 1502 1772 1546 concelebratio

139 1569 247 1624 apud
283 1569 503 1612 orlentales
535 1570 791 1627 frequentior
823 1575 898 1625 est,
932 1571 1030 1614 dum
1067 1585 1140 1628 pro
1174 1571 1315 1615 Latina
1364 1571 1548 1615 Ecclesia
1603 1585 1772 1629 «quam

140 1652 265 1682 unam
300 1642 466 1696 respicit
514 1641 653 1684 Codex
702 1643 803 1684 iuris
837 1644 1071 1685 canonici»
1126 1642 1234 1700 (can.
1273 1643 1312 1696 1)
1353 1646 1495 1686 statuit
1538 1657 1629 1686 ean.
1663 1644 1770 1687 803.

139 1708 231 1754 Non
264 1709 360 1753 lice!
393 1713 481 1754 iure
514 1713 726 1764 canonico,
773 1725 869 1755 cum
904 1714 966 1755 ius
999 1713 1189 1756 divinum
1225 1726 1299 1756 nec
1334 1713 1578 1767 invalidam,
1621 1727 1697 1757 nec
1732 1714 1773 1756 il-

139 1779 291 1824 licitam
328 1782 473 1825 reddat
496 1782 913 1835 concelebrationem,
934 1782 1130 1840 pluribus
1152 1783 1440 1827 sacerdotibus
1464 1783 1771 1839 concelebrare,

138 1851 317 1895 scilicet:
352 1852 472 1895 simul
510 1865 709 1909 peragere
744 1854 850 1896 idem
884 1855 1138 1898 sacrificium
1173 1857 1331 1898 ratione
1369 1857 1561 1898 victimae
1595 1854 1672 1899 sub
1696 1858 1771 1899 eis-

140 1921 235 1965 dem
273 1936 446 1965 numero
479 1922 701 1977 speciebus
736 1926 851 1980 panis
874 1929 914 1967 et
941 1926 1039 1977 vini,
1073 1938 1167 1968 cum
1192 1925 1355 1968 duabus
1380 1931 1537 1968 tantum
1562 1928 1771 1982 exceptio-

141 1991 283 2036 nibus:
311 1998 615 2051 praeterquam
648 1997 690 2041 ἃ)
725 1994 768 2037 in
793 1993 926 2037 Missa
949 1994 1236 2038 ordinationis
1256 1995 1600 2054 presbyterorum
1625 1998 1663 2039 in
1693 2009 1773 2053 qua

141 2076 288 2119 nempe
322 2063 654 2121 neo-presbyteri
689 2065 945 2121 ordinantur,
981 2071 1019 2109 et
1048 2066 1344 2110 concelebrare
1377 2066 1580 2123 Episcopo
1620 2069 1773 2123 praeci-

141 2136 320 2190 piuntur.
358 2161 410 2165 —
445 2134 501 2177 De
535 2137 619 2191 ipsa
655 2135 755 2179 haec
790 2138 871 2179 iam
906 2139 1179 2180 inveniuntur
1211 2138 1321 2194 apud
1366 2137 1412 2180 D.
1447 2137 1521 2182 Th.
1573 2137 1670 2194 (loe.
1705 2139 1772 2182 cit.

141 2205 294 2261 corp.):
336 2206 582 2259 «sacerdos,
616 2219 709 2249 cum
744 2207 973 2262 ordinatur,
1009 2210 1275 2251 constituitur
1310 2210 1347 2251 in
1372 2208 1504 2264 gradu
1530 2221 1679 2251 eorum
1703 2210 1773 2266 qui

141 2287 163 2318 a
182 2274 355 2318 Domino
375 2282 624 2331 acceperunt
647 2281 888 2333 potestatem
914 2278 1185 2321 consecrandi
1212 2280 1250 2321 in
1275 2291 1416 2323 coena.
1441 2278 1491 2321 Et
1516 2279 1608 2322 ideo
1632 2291 1774 2321 secun-

141 2346 240 2389 dum
274 2347 615 2390 consuetudinem
651 2349 930 2404 quarumdam
964 2348 1250 2398 ecclesiarum,
1275 2351 1381 2392 sicut
1404 2350 1586 2405 Apostoli
1612 2347 1774 2393 Christo

140 2419 328 2460 coenanti
348 2423 724 2469 concoenaverunt,
751 2421 803 2461 ita
828 2421 924 2461 novi
945 2419 1123 2462 ordinati
1143 2422 1336 2476 episeopo
1355 2420 1564 2463 ordinanti
1590 2419 1771 2463 concele-

144 2487 260 2531 brant
279 2504 317 2532 )>,
353 2514 407 2518 —
440 2487 524 2531 Nec
560 2494 726 2545 propter
760 2489 836 2532 hoc
860 2491 1033 2532 iteratur
1056 2492 1314 2533 consecratio
1337 2503 1462 2546 super
1486 2490 1677 2533 eamdem
1701 2489 1772 2533 ho-

141 2560 274 2613 stiam,
309 2561 417 2615 quia,
453 2561 559 2602 sicut
583 2558 844 2602 Innocentius
868 2559 919 2602 lll
948 2560 1090 2616 dicit4,
1115 2560 1299 2603 oiimz'wn
1323 2560 1503 2603 intentio
1527 2559 1643 2603 debet
1664 2559 1775 2617 ferri

143 2629 191 2672 ad
219 2629 328 2672 idem
353 2629 517 2671 instans
537 2630 865 2673 consecrationis
878 2646 920 2684 »‚
943 2631 1051 2688 quod
1072 2633 1130 2674 sic
1151 2630 1465 2687 intelligendum
1487 2636 1603 2687 puto:
1630 2633 1667 2673 in
1693 2644 1774 2687 quo

145 2698 371 2755 Episcopus
407 2701 581 2743 formam
630 2703 954 2744 consecrationis
1002 2701 1195 2757 complet,
1239 2703 1304 2744 cui
1357 2703 1579 2757 praecipuo
1631 2714 1771 2744 conse-

144 2772 272 2812 cranti
308 2772 436 2812 ceteri
471 2783 542 2813 sua
582 2770 706 2814 verba
741 2770 922 2814 humano
957 2771 1168 2814 moraliter
1203 2772 1324 2814 modo
1375 2774 1533 2826 uniunt,
1581 2773 1775 2828 quamvis

260 2877 270 2897 1
301 2875 444 2909 Matth.
476 2875 586 2917 XIX,
621 2877 653 2909 6.
686 2896 727 2901 -
754 2877 767 2898 ‘2
794 2877 883 2911 Loc.
913 2878 982 2911 cit.
1011 2890 1044 2911 a.
1062 2877 1084 2911 8
1103 2877 1150 2910 ad
1168 2878 1233 2910 (ΖΠ).
1264 2896 1307 2903 -—
1333 2878 1347 2899 3
1372 2876 1414 2910 ‘oa
1433 2877 1487 2917 P.‚
1510 2889 1545 2922 q.
1569 2876 1773 2917 LXXXII,

143 2933 165 2955 a
206 2923 227 2955 ⁴2
254 2922 300 2955 ad
329 2924 390 2958 2¹¹¹.
419 2943 463 2947 -—
490 2923 503 2944 4
531 2923 588 2957 De
614 2928 732 2968 myst.
761 2925 904 2958 missae
930 2924 998 2958 lib.
1028 2924 1092 2965 IV,
1119 2935 1199 2968 cap.
1225 2924 1271 2958 25
1298 2924 1339 2958 in
1365 2924 1464 2958 med.
