1971 3261
186 146 256 181 576
584 146 668 179 [ΑΒ.
700 145 768 178 111.
798 165 811 170 -
838 146 948 180 l'Atts
975 147 1003 179 I.
1035 167 1046 171 -
1073 147 1130 181 De
1156 147 1423 182 Sam-amentis
1605 149 1697 184 Can.
1729 150 1820 184 1070

188 269 345 300 mentum
372 263 492 299 adesse
519 263 611 298 inter
638 273 823 308 personam
862 263 1074 309 baptizatam
1100 268 1134 299 et
1159 263 1263 299 aliam
1305 275 1376 299 non
1415 264 1643 311 baptizatam,
1670 271 1703 301 et
1729 266 1820 302 hanc

189 323 365 359 notionem
391 322 489 358 offert
516 321 618 357 nobis
659 332 756 357 nunc
792 322 1015 358 reformanda
1053 323 1233 369 responsio
1259 322 1295 359 S.
1325 321 1453 368 Congr.
1479 323 1721 370 lnquisitionis
1740 326 1752 347 1
1778 325 1822 360 ad

186 382 395 428 Episcopum
422 381 458 417 S.
488 380 599 417 Galli:
631 380 761 425 «Quid
787 381 1011 417 sentiendum
1038 382 1083 417 sit
1108 382 1150 418 de
1176 383 1401 418 matrimonio
1426 394 1545 418 eorum
1573 383 1610 426 (i.
1636 394 1667 419 e.
1687 384 1822 420 acatho-

186 441 346 484 licorum,
375 440 434 486 qui
463 440 728 476 matrimonium
755 439 932 476 celebrant
957 452 1037 476 cum
1071 446 1167 487 parte
1204 441 1402 485 catholica),
1433 441 1490 487 qui
1518 441 1631 478 valide
1657 442 1821 489 baptizati

190 510 258 534 non
286 503 382 542 sunt,
413 499 464 534 vel
491 498 533 534 de
561 498 615 539 iis,
646 509 794 544 quorum
835 509 905 534 una
942 499 1125 535 dumtaxat
1162 500 1351 545 coniugum
1393 510 1470 546 pars
1509 500 1622 536 valide
1648 500 1824 546 baptizata

184 558 421 603 dignoscitur;
461 558 545 603 quid
585 558 737 603 denique
764 557 800 592 in
828 569 924 600 casu,
959 569 1028 604 quo
1061 559 1208 594 dubium
1234 559 1279 594 de
1306 559 1418 594 valide
1452 564 1611 606 suscepto
1648 559 1822 605 baptismo

186 616 259 652 tolli
290 617 460 663 nequit»,
490 616 600 663 (quia,
633 623 669 652 ut
696 617 732 651 in
761 617 874 663 specie
901 617 980 653 sacti
1008 622 1232 664 exposuerat:
1274 618 1456 664 parochuS‚
1489 618 1617 653 factum
1644 618 1716 654 sive
1742 618 1822 652 vali-

186 675 329 711 ditatem
359 675 523 721 baptismi
552 675 597 711 ab
622 675 816 711 acatholica
851 681 946 721 parte
980 676 1158 722 quondam
1195 676 1345 722 suscepti
1381 676 1541 712 evincere
1567 678 1617 712 vel
1645 676 1823 712 verificare

188 746 257 770 non
285 735 423 781 poterit,
454 734 504 770 vel
533 745 684 781 sponsus
710 735 924 770 acatholicus
943 735 1117 781 baptismo
1135 735 1362 770 conditionali
1382 746 1417 771 se
1436 735 1639 771 submittere
1657 737 1819 780 recuset).

306 793 415 840 Resp:
449 807 464 825 «
486 793 749 829 Matrimonium
777 805 910 836 eorum,
939 794 981 830 de
1007 794 1134 840 quibus
1160 799 1251 830 certe
1277 799 1423 836 constat,
1454 795 1544 840 quod
1572 794 1685 830 valide
1710 795 1822 840 bapti-

184 853 251 888 zati
272 863 343 888 non
370 857 465 893 sunt,
496 853 698 888 habendum
725 863 799 888 esse
825 857 1005 899 tamquam
1034 853 1299 888 matrimonium
1333 853 1481 888 duorum
1509 852 1725 895 infidelium;
1754 863 1822 888 ma-

185 912 391 947 trimonium
410 923 490 947 vero
516 923 650 953 eorum,
683 923 832 958 quorum
853 923 923 948 una
940 912 1122 948 dumtaxat
1149 923 1229 958 pars
1255 912 1370 948 valide
1397 913 1573 959 baptizata
1590 912 1819 957 dignoscitur,

182 971 294 1006 altera
321 981 400 1006 vero
428 971 594 1013 invalide,
624 971 827 1007 habendum
865 982 939 1007 esse
973 976 1154 1017 tamquam
1193 971 1460 1007 matrimonium
1487 972 1650 1007 affectum
1677 971 1822 1018 impedi-

186 1034 303 1065 mento
328 1029 516 1065 dirimente
544 1030 660 1065 cultus
686 1030 901 1076 disparitatis
927 1041 966 1065 ac
994 1030 1139 1076 proinde
1165 1031 1324 1074 nullum,
1352 1031 1503 1076 denique
1523 1030 1550 1065 si
1572 1034 1646 1077 post
1672 1030 1822 1075 diligens

184 1093 218 1124 et
243 1093 445 1124 accuratum
485 1100 631 1125 examen
670 1089 818 1124 dubium
856 1090 897 1125 de
937 1089 1050 1125 valide
1088 1094 1246 1135 suscepto
1282 1090 1455 1136 baptismo
1493 1089 1565 1124 tolli
1601 1093 1763 1135 nequeat,
1789 1094 1822 1124 et

185 1153 318 1185 constet
344 1149 386 1184 de
413 1149 502 1185 facto
529 1150 679 1196 suscepti
708 1149 943 1196 baptismatis,
972 1150 1171 1185 huiusmodi
1213 1150 1386 1196 baptisma
1421 1149 1576 1185 validum
1603 1149 1821 1186 censendum

183 1219 258 1244 esse
284 1209 320 1243 in
347 1208 469 1244 ordine
496 1208 539 1243 ad
566 1208 782 1244 validitatem
813 1209 1027 1244 matrimonii
1057 1210 1151 1244 iuxta
1179 1208 1256 1245 Dec.
1289 1208 1327 1243 17
1355 1208 1439 1244 Nov.
1471 1207 1561 1243 1830
1583 1223 1615 1243 ».

304 1303 405 1348 Cum
431 1309 569 1348 autem
595 1318 675 1348 non
699 1318 864 1362 semper
891 1321 911 1346 «
930 1309 1089 1349 constet
1108 1305 1158 1348 de
1177 1306 1282 1349 sacto
1300 1307 1481 1361 suscepti
1501 1304 1820 1361 baptismatis»,

183 1375 237 1417 de
270 1374 333 1418 his
365 1374 529 1418 casibus
553 1375 674 1418 simul
701 1388 748 1419 ac
773 1375 824 1419 de
848 1375 1052 1432 baptismo
1076 1375 1201 1419 dubie
1229 1375 1366 1419 valido
1392 1374 1637 1432 praescribit
1665 1391 1686 1416 c<
1705 1387 1822 1432 prae-

182 1447 463 1501 sumptionem
500 1448 600 1489 iuris
634 1445 918 1503 simpliciter»
955 1446 1063 1502 (can.
1106 1446 1228 1500 1825,
1263 1445 1291 1503 ξ
1326 1446 1369 1499 2)
1414 1460 1486 1503 pro
1525 1447 1612 1489 toro
1647 1450 1819 1489 externo

185 1518 306 1559 etiam
343 1516 651 1560 extraiudiciali
684 1516 712 1574 ἓ
746 1517 783 1560 2.
826 1517 872 1560 Si
915 1531 1021 1575 pairs
1068 1517 1268 1560 alterutra
1310 1523 1494 1574 ternpore
1527 1516 1736 1560 contracti
1768 1516 1819 1560 ab

184 1588 244 1630 eis
277 1586 557 1643 matrimonii,
591 1587 759 1645 quando
794 1601 942 1644 nempe
975 1587 1052 1631 hoc
1087 1588 1433 1644 impedimentum
1468 1587 1506 1642 ξι
1532 1587 1568 1630 1i
1596 1589 1680 1630 vim
1703 1599 1820 1630 suam

183 1659 332 1711 exerit,
366 1657 406 1714 a)
444 1663 658 1715 tcrnequam
686 1657 907 1716 baptizata
941 1660 1216 1702 communiter
1249 1657 1492 1714 habebatur,
1536 1661 1573 1701 in
1608 1671 1689 1716 quo
1722 1670 1821 1702 casu
1886 1698 1889 1701 .
1924 1698 1954 1725 ,-

188 1741 336 1784 magna
387 1730 671 1786 praesumptio
716 1734 775 1772 est
823 1730 875 1772 de
921 1729 1031 1772 illius
1079 1732 1357 1786 susceptione,
1391 1731 1473 1772 imo
1507 1731 1545 1772 in
1580 1741 1668 1785 cap.
1705 1728 1729 1771 3
1763 1727 1821 1771 De

182 1798 431 1856 presbytero
467 1813 546 1843 non
583 1799 793 1856 baptizato
828 1799 911 1857 (Ill,
948 1799 1020 1857 43)
1057 1803 1094 1843 in
1130 1801 1211 1844 tine
1247 1800 1386 1844 lnnoc.
1412 1800 1462 1843 lll
1485 1802 1563 1844 ait:
1593 1799 1685 1843 «Et
1708 1804 1820 1843 certe

182 1870 235 1913 de
270 1869 351 1925 illo,
386 1873 456 1928 qui
491 1875 612 1914 natus
645 1871 697 1914 de
732 1871 969 1915 christianis
1002 1871 1256 1928 parentibus,
1290 1876 1328 1915 et
1364 1874 1470 1915 inter
1492 1871 1738 1915 christianos
1760 1874 1822 1913 est

184 1941 364 1984 iideliter
395 1946 684 1996 conversatus,
721 1947 803 1985 tam
841 1942 1042 1986 violenter
1077 1945 1357 1999 praesumitur
1389 1942 1499 1999 quod
1534 1943 1655 1985 suerit
1688 1940 1819 1998 bapti-

183 2016 308 2054 zatus.
343 2017 386 2055 ut
420 2012 522 2056 haec
557 2015 842 2069 praesumptio
877 2026 949 2069 pro
981 2013 1231 2056 certitudine
1264 2016 1316 2056 sit
1349 2012 1555 2066 habenda,
1588 2012 1720 2056 donec
1738 2013 1822 2055 evi-

185 2082 438 2126 dentissimis
486 2084 656 2127 forsitan
702 2086 961 2140 argumentis
1007 2086 1262 2127 contrarium
1317 2084 1619 2140 probaretur»,
1669 2082 1712 2140 b)
1746 2086 1820 2125 aut

183 2152 274 2195 eius
307 2152 553 2210 baptistam,
587 2154 686 2197 dum
728 2158 927 2197 «constet
949 2154 1001 2197 tle
1025 2155 1132 2198 facto
1154 2156 1336 2211 suscepti
1371 2153 1667 2210 baptismatis»
1706 2155 1820 2196 iuxta

186 2235 322 2279 praec.
356 2226 423 2267 cit.
458 2223 808 2280 Declarationem,
843 2230 937 2267 erat
969 2223 1120 2267 dubius
1144 2225 1279 2282 quoad
1305 2224 1416 2268 illius
1441 2224 1712 2279 validitatem,
1737 2225 1819 2266 imo

185 2297 225 2336 et
256 2294 392 2350 quoad
428 2296 556 2351 ipsius
591 2294 785 2351 baptismi
821 2294 1099 2350 collationem,
1135 2297 1249 2339 iuxta
1284 2309 1390 2352 resp.
1425 2296 1467 2336 S.
1501 2293 1651 2352 Congr.
1692 2293 1776 2352 Inq.
1803 2294 1818 2316 ²

183 2364 235 2407 ad
269 2364 518 2421 Episcopum
554 2365 790 2409 Savannen.
832 2381 852 2406 «
875 2365 904 2410 l.
937 2365 1044 2409 Num
1081 2368 1121 2409 in
1154 2366 1299 2410 ordine
1341 2366 1391 2409 ad
1435 2366 1688 2409 matrimonii
1721 2377 1817 2408 con-

185 2437 304 2477 tracti
342 2435 598 2479 validitatem
636 2435 701 2479 vel
737 2435 984 2491 nullitatem,
1017 2435 1182 2480 collatio
1220 2436 1283 2480 vel
1318 2449 1397 2480 non
1423 2435 1586 2480 collatio
1610 2434 1818 2492 baptismi,

184 2503 282 2546 dum
319 2507 546 2561 ignoratur,
571 2519 621 2549 ex
648 2508 852 2563 principio
877 2509 1225 2564 praesumptionis
1247 2507 1487 2551 definienda
1510 2509 1604 2551 sit...
1629 2506 1675 2550 R.
1701 2505 1764 2550 Ad
1788 2505 1816 2550 Ι.

184 2574 460 2625 Astii-matin
495 2581 662 2632 peracta
707 2581 845 2620 tamen
889 2579 1210 2633 investigatione
1254 2579 1293 2620 in
1337 2577 1512 2634 singulis
1545 2576 1814 2629 casibus³»;

185 2646 223 2687 in
258 2645 474 2702 explicatis
508 2659 607 2703 ergo
631 2649 969 2701 circumstantiis,
992 2646 1192 2690 standum
1215 2653 1289 2702 est,
1324 2650 1440 2691 iuxta
1462 2651 1704 2692 contextum
1728 2651 1818 2704 post

186 2717 437 2759 matrimonii
472 2716 811 2774 celebrationem,
845 2716 901 2761 ad
932 2731 1124 2761 normam
1157 2732 1248 2761 can.
1285 2720 1399 2761 1014
1431 2718 1486 2762 ibi
1513 2722 1815 2775 propugnatam

303 2879 313 2901 ι
340 2880 362 2914 3
387 2879 512 2924 April.
540 2863 643 2914 1'893.
676 2901 719 2905 -
745 2880 759 2902 2
787 2881 1047 2926 1Aug.1833.
1090 2901 1135 2907 —
1171 2882 1184 2904 ³
1221 2882 1321 2916 Aeta
1347 2881 1385 2916 s.
1415 2881 1539 2923 Sedis,
1580 2881 1706 2925 xxv,
1733 2881 1814 2915 261.

1940 0 1971 1069 1

1862 2979 1908 3261 3
