1971 3261
204 123 272 158 708
595 121 680 155 Lm.
709 121 781 154 III.
811 141 823 146 -
850 120 960 155 PARS
986 120 1015 155 I.
1042 141 1056 146 -
1081 121 1139 156 De
1163 121 1428 157 Sacramentis
1500 122 1594 158 Can.
1623 123 1823 161 1145-1147

200 255 364 299 cunque
396 254 541 285 causas
572 241 769 293 nascitur,
803 252 878 295 per
899 239 1065 283 easdem
1101 239 1402 293 dissolvitur»,
1435 240 1479 298 d)
1503 247 1579 284 aut
1614 243 1823 298 praedicta

199 312 360 369 singula
394 316 571 362 mutare,
604 310 833 353 secundum
867 309 989 353 aliam
1026 311 1126 353 iuris
1159 323 1246 366 reg.
1279 310 1334 353 35
1367 313 1406 353 in
1441 310 1498 354 6⁰.
1536 311 1675 355 «Plus
1716 326 1823 356 sem-

198 397 271 440 per
304 385 342 425 in
377 395 419 425 se
451 383 634 425 continet
665 380 773 438 quod
809 384 870 423 est
893 382 1029 423 minus
1052 396 1092 435 >›,
1122 379 1229 434 sola,
1252 394 1428 437 nempe:
1461 381 1640 425 exclusis
1664 384 1826 427 interio-

197 453 312 507 ribus
345 452 641 496 iurisdictionis
673 449 887 507 gradibus,
917 455 1054 508 potest
1088 464 1160 507 per
1197 451 1493 495 documentum
1525 452 1718 508 generale
1754 459 1823 497 aut

198 523 447 581 particulare
482 521 606 566 Sedes
638 521 880 579 Apostolica
913 521 964 565 ad
998 534 1187 564 normam
1226 534 1316 565 can.
1351 522 1392 575 7,
1424 523 1616 580 equidem
1651 537 1723 580 per
1754 525 1821 568 SS.

198 594 365 651 Congi·.⁵
395 594 563 638 Rituum
597 598 637 636 et
668 592 839 636 alteram
876 606 948 648 pro
982 591 1166 636 Ecclesia
1199 593 1388 636 orientali
1413 597 1645 650 respective
1678 595 1728 638 ad
1762 595 1822 638 di-

200 679 343 709 versos
376 664 590 721 liturgicos
623 666 739 706 ritus.

318 736 416 779 563.
441 737 514 781 De
536 736 969 781 sacramentalium
987 737 1210 781 ministro
1227 737 1275 780 in
1293 747 1490 792 genere.
1505 761 1558 766 ——
1576 735 1676 779 Can.
1695 739 1821 779 1146.

198 804 445 863 Leyitimus,
480 805 612 848 idest:
648 807 761 848 iuxta
804 818 855 847 ss.
901 816 1082 848 canones
1114 804 1164 848 ad
1199 804 1419 848 liceitatem
1468 818 1633 863 quoque
1671 806 1821 849 Sacra-

197 876 445 920 mentalium
478 878 516 918 in
550 889 705 932 genere
748 875 855 933 quod
896 877 1056 929 attinet,
1087 875 1297 926 minister,
1343 889 1421 919 non
1455 876 1575 920 aliter
1606 889 1654 920 ac
1688 879 1725 920 in
1758 889 1822 920 sa-

197 950 435 1001 cramentis,
468 951 531 990 est
563 946 755 997 ctericus,
793 961 816 987 «
837 945 912 989 soli
947 948 1056 989 enim
1091 945 1232 990 clerici
1268 952 1439 1002 possunt
1487 951 1728 1004 potestatem
1763 960 1824 991 or-

197 1018 306 1062 dinis
338 1017 570 1062 obtinere»
599 1017 708 1075 (can.
731 1017 851 1074 118),
875 1029 969 1060 nam
1004 1030 1098 1060 cum
1134 1019 1208 1060 ista
1242 1019 1504 1061 connectitur
1525 1031 1731 1076 sequens:
1755 1018 1823 1061 eui

197 1088 348 1133 clerico
396 1088 452 1132 ad
483 1088 541 1139 id,
575 1102 751 1145 nempe:
787 1088 1105 1131 sacramentalia
1138 1089 1389 1131 conferenda
1422 1091 1455 1131 si
1495 1093 1720 1143 transeunt,
1757 1089 1820 1132 vel

196 1161 455 1204 conficienda
488 1162 521 1203 si
556 1164 813 1216 permanent,
843 1164 1032 1217 potestas
1056 1172 1129 1215 pro
1153 1159 1367 1202 validitate
1391 1159 1554 1203 illorum
1579 1159 1821 1203 >necessaria

197 1229 355 1274 collata
386 1231 455 1286 sit,
489 1235 612 1288 atque
647 1230 724 1274 hoc
757 1230 1094 1286 cognoscendum
1130 1235 1191 1273 est
1222 1232 1312 1273 sive
1356 1244 1406 1273 ex
1438 1243 1650 1274 sacrarum
1684 1233 1822 1287 singu-

197 1302 329 1346 larum
364 1302 635 1345 formularum
672 1304 766 1352 ritu,
791 1304 881 1344 sive
915 1314 964 1344 ex
1002 1300 1117 1344 libris
1151 1301 1355 1357 liturgicis
1389 1300 1458 1345 ubi
1492 1301 1532 1344 bi
1565 1302 1617 1345 de
1648 1301 1822 1358 singulis

197 1373 422 1430 loquuntur
469 1372 938 1434 sacramentalibusac
970 1374 1093 1415 etiam
1130 1374 1168 1414 in
1208 1385 1361 1429 genere
1408 1385 1458 1416 ex
1492 1385 1583 1416 can.
1616 1375 1819 1430 sequenti,

195 1444 351 1502 quique
384 1449 425 1487 ut
451 1443 560 1487 licite
592 1448 801 1500 operetur,
826 1458 851 1485 a
875 1448 1131 1501 competente
1153 1443 1410 1487 auctoritate
1431 1443 1730 1498 ecelesiastica,
1755 1457 1820 1487 ve—

198 1514 271 1558 luti
294 1514 346 1559 ab
380 1515 547 1558 homine
580 1517 866 1572 unusquisque
891 1516 1092 1569 minister,
1125 1520 1196 1558 aut
1220 1528 1293 1571 per
1316 1514 1447 1571 legem
1482 1514 1719 1571 generalem
1754 1513 1819 1557 vel

196 1586 490 1643 particularem
525 1599 608 1629 non
642 1585 698 1628 sit
728 1585 970 1643 prohibitus
1003 1586 1174 1637 directe,
1198 1590 1269 1629 aut
1302 1586 1502 1629 indirecte
1524 1585 1646 1629 aliam
1680 1585 1731 1629 ob
1755 1598 1816 1629 ra-

194 1659 362 1712 tionem,
396 1656 569 1699 eandem
602 1657 793 1700 collatam
830 1661 1073 1713 potestatem
1108 1669 1444 1714 eoeercere‚quae
1478 1655 1698 1713 prohibitio
1723 1655 1822 1700 vali·

194 1728 310 1771 ditati
347 1730 562 1771 ministerii
589 1741 660 1784 per
682 1740 725 1771 se
749 1741 828 1770 non
853 1727 1048 1781 obstaret,
1072 1729 1179 1770 sicut
1203 1730 1240 1770 in
1264 1732 1620 1770 sacramentorum
1654 1727 1818 1770 illorum

195 1799 570 1853 administratione,
603 1798 754 1856 quibus
786 1811 865 1841 non
901 1803 962 1842 est
995 1811 1098 1854 opus
1131 1798 1428 1842 iurisdictione.

314 1871 409 1915 564.
445 1871 519 1916 De
552 1873 803 1927 potestate
834 1872 1165 1916 ministrorum
1198 1872 1263 1915 ad
1295 1871 1677 1916 sacramentalia
1707 1883 1818 1915 con-

193 1941 417 1993 ferenda,
451 1943 723 1997 horumque
756 1942 1048 1986 reservatio.
1071 1965 1122 1970 —
1156 1938 1268 1982 Duas
1298 1939 1677 1985 sacramentalium,
1710 1951 1818 1996 quae

193 2016 383 2054 constent
415 2010 660 2065 actionibus,
695 2011 924 2054 divisiones
955 2010 1073 2054 affert
1104 2024 1194 2053 ean.
1230 2012 1368 2053 1147:
1401 2012 1531 2067 prima
1555 2014 1617 2053 est
1649 2011 1686 2052 in
1719 2022 1817 2053 con-

193 2084 447 2125 secrationes
480 2082 531 2125 (le
564 2081 716 2138 quibus
749 2085 810 2125 est
840 2084 868 2139 ξ
892 2082 930 2135 1,
955 2086 994 2124 et
1028 2080 1337 2125 benedictiones
1370 2081 1421 2124 de
1453 2080 1605 2138 quibus
1635 2079 1815 2123 suntalii

191 2152 230 2207 ξι
254 2157 337 2195 tres
360 2153 587 2196 secundum
613 2152 785 2195 alteram
811 2152 1059 2195 divisionem
1085 2151 1231 2195 harum
1257 2153 1296 2194 in
1332 2156 1566 2195 reservatas
1587 2155 1628 2194 et
1649 2164 1727 2194 non
1752 2163 1814 2193 re-

191 2228 390 2267 servatas.
418 2223 572 2279 lgitur:
600 2222 945 2266 Consecrationes
968 2236 1146 2280 nempe:
1170 2222 1503 2275 sacramentalia,
1520 2221 1672 2280 quibus
1694 2223 1816 2265 actio-

191 2292 313 2336 nibus
337 2307 401 2336 res
425 2295 528 2336 tiunt
549 2305 692 2337 sacrae
717 2296 754 2336 in
781 2294 970 2337 divinum
995 2293 1151 2337 cultum
1179 2306 1251 2350 per
1272 2306 1303 2336 s.
1328 2292 1564 2337 chrismatis
1587 2294 1814 2348 unctiones,

190 2377 308 2407 nemo
356 2364 496 2421 (etiam
531 2364 743 2421 sacerdos)
777 2364 850 2422 qui
881 2363 1128 2407 charactere
1174 2363 1406 2421 episcopati
1449 2363 1502 2407 ob
1533 2363 1715 2407 nondum
1751 2375 1813 2405 re-

190 2440 351 2491 ceptam
389 2434 568 2478 validam
593 2437 949 2478 consecrationem
969 2434 1246 2492 episcopalem
1271 2439 1429 2486 careat,
1451 2433 1592 2477 valide
1609 2445 1815 2491 perayere

187 2507 484 2563 potest,etian1
520 2505 667 2549 ritibus
698 2519 745 2549 ac
782 2505 971 2549 formulis
1019 2519 1162 2549 eorum
1195 2508 1388 2560 servatis,
1420 2510 1515 2549 sunt
1555 2507 1663 2548 enim
1698 2508 1814 2547 actus

190 2576 349 2619 ordinis
382 2576 642 2632 episcopalis,
666 2577 752 2619 m'si
783 2576 824 2634 a)
848 2576 911 2619 vet
933 2576 1028 2619 iure
1052 2590 1088 2619 v.
1114 2590 1176 2633 gr.
1200 2591 1223 2618 c<
1247 2575 1398 2620 Vicarii
1422 2580 1462 2619 et
1485 2576 1684 2619 Praefecti
1708 2574 1815 2631 Apo-

189 2647 323 2690 stolici
343 2662 363 2688 ))
392 2647 442 2690 ad
469 2660 654 2690 normam
690 2660 779 2690 can.
806 2647 903 2701 294,
926 2647 954 2705 ἓ
979 2648 1018 2701 ⁶2,
1043 2649 1067 2689 ii
1097 2663 1119 2688 «
1141 2647 1190 2690 ad
1216 2660 1320 2704 quos
1355 2648 1579 2690 vicariatus
1600 2650 1670 2689 aut
1695 2658 1811 2702 prae-

190 2719 374 2761 fecturae
397 2730 494 2760 cura
520 2717 737 2760 devenerit
754 2718 804 2761 ad
831 2731 1017 2761 normam
1042 2730 1132 2761 can.
1153 2718 1271 2760 309»
1298 2719 1335 2759 vi
1355 2729 1445 2761 can.
1466 2716 1563 2771 310,
1586 2716 1670 2775 §Q
1695 2731 1714 2757 «
1734 2715 1812 2760 Ab·

192 2788 264 2833 bas
288 2788 352 2832 vel
378 2788 586 2845 praelatus
619 2788 771 2832 nullius
803 2791 834 2832 si
869 2788 1113 2833 charactere
1136 2788 1361 2845 episcopali
1396 2801 1474 2831 non
1499 2790 1551 2831 sit
1583 2792 1751 2831 ornatus
1773 2792 1812 2831 et

190 2859 538 2914 benedictionem,
571 2861 603 2901 si
637 2871 726 2901 eam
762 2861 948 2915 recipere
971 2859 1106 2914 debet,
1142 2861 1407 2915 receperit»,
1432 2859 1481 2902 ad
1508 2870 1694 2901 normam
1719 2870 1809 2901 can.

1957 1884 1971 1903 μ’
1962 1846 1971 1875 „a
1959 1715 1971 1836 ..mu-rmw
