1971 3261
168 156 233 189 110
558 151 643 184 LIB.
671 149 743 184 ΠΙ.
772 169 784 174 -
811 149 921 182 PARS
946 147 977 181 1.
1007 166 1019 173 -
1044 146 1102 181 De
1126 146 1391 181 Sacramentz's
1598 144 1690 179 Can.
1717 143 1788 178 805

163 273 275 316 ditur
308 285 379 328 per
412 270 764 325 comparationem
800 265 848 309 ad
883 265 1027 309 fideles
1059 264 1209 308 Christi
1253 263 1403 321 quibus
1448 267 1609 319 oportet
1652 274 1788 305 sacra-

166 348 301 387 menta
338 342 575 395 ministrari,
609 338 679 381 sed
717 335 1000 393 principaliter
1045 348 1116 391 per
1158 336 1510 391 comparationem
1556 333 1606 376 ad
1643 331 1789 383 Deum,

166 417 229 458 cui
265 413 577 457 consecratione
619 409 742 452 huius
784 408 1031 449 sacramenti
1066 406 1316 448 saci-ilicium
1357 405 1543 457 offertur,
1576 403 1643 460 (ad
1680 403 1788 460 quod

165 483 359 529 sacerdos
392 481 600 532 obligatur
633 479 715 518 Deo
748 488 797 517 ex
823 475 968 518 ordine
992 478 1070 518 iam
1095 480 1286 531 suscepto
1308 474 1379 531 (ib.
1399 475 1448 518 ad
1477 474 1546 531 lm)
1568 475 1791 517 definiente

166 554 289 599 Cone.
324 547 452 594 Τι·ἰ(1.Ο
487 549 524 589 in
559 559 656 589 sess
693 544 807 587 XXll
849 544 945 588 Can.
982 544 1036 587 ll:
1078 546 1149 589 «Si
1190 548 1281 602 quis
1314 546 1479 593 dixerit,
1515 544 1594 587 illis
1631 543 1789 587 verbis:

171 625 256 668 [100
290 619 409 660 [acite
444 619 480 658 in
518 629 650 659 meam
685 617 1141 671 commemorationem,
1165 614 1418 659 Christum...
1449 628 1527 658 non
1563 615 1792 670 ordinasse,

165 692 208 730 ut
244 690 317 743 ipsi
354 686 540 742 apostoli,
577 685 732 742 aliique
775 685 1012 728 sacerdotes
1049 686 1245 728 osserrent
1277 699 1441 742 corpus,
1475 690 1514 729 et
1546 687 1792 741 sanguinem

164 771 299 811 suum,
331 756 548 800 anathema
582 757 707 811 sit»)
743 755 859 799 Unde
897 755 1117 806 sacerdoti,
1159 758 1319 799 etiamsi
1353 769 1433 798 non
1467 755 1616 798 habeat
1649 767 1791 798 curam

164 830 410 877 animarum,
446 840 524 869 non
563 826 657 869 licet
691 828 858 868 omnino
892 838 914 868 a
947 824 1228 869 celebratione
1251 838 1437 880 cessare3
1472 825 1543 868 sed
1567 824 1711 868 saltem
1741 826 1794 867 vi-

164 899 284 941 detur
316 898 424 955 quod
460 896 674 940 celebrare
708 901 898 939 teneatur
941 898 979 938 in
1027 897 1262 952 praecipuis
1305 897 1430 951 sestis,
1463 900 1502 939 et
1539 897 1721 938 maxime
1754 897 1792 938 in

167 969 244 1012 illis
276 968 422 1011 diebus
456 970 492 1010 in
528 967 679 1025 quibus
714 966 857 1009 lideles
890 968 1203 1010 communicare
1233 970 1555 1009 consueverunt.
1580 963 1713 1018 <Quod
1740 967 1795 1008 in-

164 1039 434 1095 telligendum
473 1038 637 1081 videtur
669 1038 720 1080 de
754 1039 1048 1080 communione
1079 1036 1130 1080 ob
1154 1036 1482 1080 ecclesiasticum
1512 1041 1794 1093 praeceptum,

164 1122 272 1152 nunc
307 1110 504 1165 temporis
537 1108 744 1163 annuale).
780 1107 828 1150 Et
852 1107 948 1150 hinc
973 1111 1033 1150 est
1056 1107 1165 1164 quod
1189 1107 1241 1163 (ll
1266 1106 1452 1151 Machab.
1473 1105 1537 1162 Ν,
1560 1105 1632 1163 14)
1652 1111 1794 1150 contra

163 1179 364 1236 quosdam
398 1178 635 1222 sacerdotes
668 1179 821 1221 (licitur
854 1178 962 1234 quod
999 1179 1079 1220 iam
1115 1190 1195 1220 non
1229 1180 1341 1221 circa
1382 1177 1523 1220 altaris
1557 1178 1690 1220 officia
1724 1178 1794 1221 de·

163 1251 237 1293 (liti
271 1254 400 1304 erant,
435 1254 670 1305 contempto
706 1248 859 1305 templo
894 1254 931 1292 et
966 1250 1184 1292 sacrificiis
1207 1248 1472 1304 neglectis».
1498 1274 1550 1279 —
1574 1247 1658 1292 Nee
1685 1261 1797 1305 prae-

164 1319 475 1362 termittendum
510 1332 673 1373 censeO,
706 1319 815 1376 quod
851 1319 917 1375 (ad
952 1319 1198 1374 secundum⁷
1234 1318 1353 1375 ibid.)
1377 1318 1516 1362 addit:
1556 1319 1796 1362 «sacerdos
1833 1369 1838 1374 ⁵

163 1395 369 1445 peccator,
393 1391 425 1432 si
452 1402 523 1444 per
545 1392 790 1432 sententiam
827 1388 1038 1433 Ecclesiae
1062 1391 1114 1432 sit
1137 1391 1384 1432 executione
1407 1389 1565 1432 ordinis
1596 1391 1795 1446 privatus,

166 1460 229 1503 vel
263 1459 519 1516 simpliciter,
559 1459 620 1503 vel
655 1460 704 1503 ad
740 1465 914 1516 tempus,
941 1459 1129 1503 redditus
1151 1464 1211 1503 est
1235 1462 1440 1516 impotens
1464 1460 1513 1503 ad
1538 1460 1794 1504 sacrificium

164 1530 499 1585 offerendum-(et
523 1533 561 1573 in
586 1530 751 1574 casibus
775 1530 1021 1587 similibus);
1046 1535 1086 1573 et
1105 1530 1199 1574 ideo
1218 1529 1414 1586 obligatio
1438 1530 1608 1573 tollitur.
1642 1557 1685 1560 —
1711 1534 1795 1574 Hoc

162 1604 300 1643 autem
334 1600 444 1643 cedit
476 1602 511 1643 ei
548 1603 586 1643 in
622 1600 918 1643 detrimentum
953 1600 1180 1657 spiritualis
1223 1601 1380 1644 fruetus
1425 1603 1557 1657 magis
1593 1613 1719 1658 quam
1755 1603 1793 1643 in

163 1670 505 1714 emolumentum.
531 1671 569 1714 Si
599 1684 696 1714 vero
721 1684 800 1714 non
824 1673 876 1714 sit
901 1673 1087 1727 privatus
1122 1675 1321 1727 potestate
1344 1671 1583 1715 celebrandi
1605 1671 1794 1728 (nempez

162 1741 296 1798 quoad
332 1741 619 1798 exercitium),
644 1755 722 1784 non
747 1741 925 1784 solvitur
958 1741 1174 1797 obligati03
1209 1755 1284 1785 nec
1314 1746 1451 1785 tamen
1477 1741 1700 1798 perplexus
1722 1742 1796 1797 e'st,

162 1814 257 1869 quia
293 1816 422 1867 potest
458 1812 508 1855 ‹le
548 1817 717 1868 peccato
752 1815 963 1868 poenitere
998 1817 1037 1855 et
1069 1812 1347 1867 celebrare»,
1380 1813 1577 1870 idemque
1609 1813 1723 1856 dicas
1745 1813 1796 1857 de

162 1884 447 1938 suspensionis
482 1882 718 1926 medicinali
755 1895 900 1939 poena.
927 1908 978 1913 ——
1003 1883 1082 1926 Sed
1109 1885 1147 1925 in
1170 1881 1294 1927 Conc.
1318 1882 1427 1926 Trid.
1449 1883 1462 1905 ¹
1498 1883 1660 1939 legitur,
1686 1884 1794 1941 quod

164 1955 202 1995 in
237 1965 395 1996 canone
431 1953 514 1995 805
549 1955 761 2010 sequitur3
797 1959 913 1996 curet
947 1958 1086 1996 atatem
1118 1952 1353 2011 Episcopus
1393 1953 1487 2011 (sub
1525 1956 1643 1997 cuius
1680 1970 1702 1995 ((
1724 1967 1795 1997 no-

163 2023 274 2065 mine
312 2025 423 2066 venit
456 2036 625 2080 quoque
662 2023 801 2067 Abbas
837 2023 898 2066 vel
937 2023 1148 2067 Praelatus
1181 2023 1343 2066 nullius
1368 2039 1406 2078 »,
1431 2036 1522 2067 can.
1547 2024 1644 2079 G215,
1678 2024 1706 2082 g
1740 2025 1794 2079 2),

161 2097 201 2136 et
234 2092 298 2136 hic
332 2093 465 2136 addit:
502 2093 564 2136 vel
589 2094 794 2151 Superior
815 2093 1057 2152 reliyiosus,
1074 2096 1197 2138 etiam
1223 2094 1436 2150 religionis
1459 2108 1538 2137 non
1563 2099 1795 2151 exemptae,

161 2167 231 2205 aut
277 2162 618 2220 Congregationis
668 2167 769 2207 iuris
817 2164 1065 2219 dioecesani,
1102 2169 1147 2207 uc
1184 2163 1313 2207 iidem
1350 2164 1519 2221 supple:
1555 2165 1795 2208 sacerdotes

167 2246 387 2276 «omnes»
428 2234 644 2278 videlicet:
679 2234 919 2278 alterutrius
942 2234 1111 2288 subditi,
1135 2234 1484 2292 sollemsinyulis
1502 2234 1647 2278 diebus
1665 2234 1794 2278 domi-

163 2303 278 2352 nicis
321 2309 362 2347 ut
395 2304 530 2348 aiebat
561 2304 683 2349 Cone.
720 2305 846 2360 Trid.,
885 2321 905 2346 ((
929 2310 969 2349 et
1001 2306 1114 2349 festis
1145 2305 1443 2349 solemnibus»
1467 2308 1526 2349 sie
1551 2319 1660 2349 nunc
1687 2306 1791 2349 desi·

161 2377 317 2430 gnatis:
353 2374 534 2432 aliisque
566 2374 686 2425 festis
719 2375 770 2418 de
799 2380 1024 2433 praecepto
1056 2375 1212 2419 divinis
1245 2381 1487 2433 operentur,
1521 2376 1628 2433 quod
1676 2376 1786 2420 idem

159 2449 220 2487 est
252 2457 299 2488 ac
338 2448 527 2488 «missas
560 2445 771 2489 celebrent
795 2462 833 2490 ».
868 2446 1013 2501 Quoad
1049 2446 1363 2503 intelligentiam
1411 2460 1508 2490 vero
1554 2446 1676 2490 buius
1721 2460 1787 2490 ca-

160 2517 278 2557 nonis
313 2520 451 2571 utpote
483 2514 651 2559 Concilii
687 2516 797 2559 Trid.
833 2519 955 2573 capiti
990 2517 1294 2571 concordantis,
1318 2517 1502 2560 deservit
1525 2517 1633 2574 quod
1658 2529 1783 2575 quae-

160 2587 283 2628 situm
319 2586 390 2627 suit
424 2598 445 2628 a
479 2586 516 2628 5.
550 2585 591 2629 C.
627 2585 692 2629 ss:
733 2602 753 2627 «
777 2587 838 2630 An
874 2586 1102 2643 Episcopus
1127 2588 1260 2630 facere
1284 2586 1432 2630 debeat
1457 2587 1493 2630 id
1519 2588 1617 2630 solis
1641 2587 1787 2630 adhor-

160 2655 383 2698 tationibus
415 2660 455 2698 et
487 2655 851 2711 admonitionibus,
885 2669 936 2700 an
974 2670 1071 2700 vero
1107 2659 1230 2713 possit
1265 2670 1432 2700 monere
1464 2657 1540 2701 sub
1572 2659 1715 2714 poenis
1748 2662 1787 2700 et

158 2727 357 2779 censum,
395 2730 436 2768 ut
470 2725 653 2781 legitime
688 2740 765 2769 non
802 2728 987 2784 impediti
1021 2726 1199 2770 debeant
1231 2726 1460 2771 celebrare.
1496 2715 1548 2758 ζ-
1589 2727 1637 2770 Et
1670 2728 1709 2771 S.
1743 2726 1786 2771 C.

279 2877 289 2897 ¹
319 2876 420 2911 Sess.
449 2876 589 2910 XXIII
616 2888 697 2922 cap.
732 2879 770 2911 14
797 2879 843 2912 de
874 2878 961 2912 Ref.
