1971 3261
165 138 236 172 430
564 137 649 171 LIB.
679 136 752 170 ΙΙΙ.
781 156 794 161 -
820 136 944 170 PARS.
969 135 998 170 I.
1027 156 1035 161 -
1062 136 1118 171 De
1140 129 1408 171 'Sacramentis
1603 135 1696 171 Can.
1723 136 1795 172 985

166 254 369 293 morabaris
398 253 548 298 graviter
574 252 799 295 invasissent,
813 251 1021 287 exeuntibus
1036 251 1117 287 inde
1137 251 1403 294 habitatoribus,
1422 257 1495 287 tam
1513 251 1667 293 Clericis,
1687 263 1793 298 quam

168 314 276 350 Laicis
302 318 422 348 contra
448 324 515 353 eos,
542 323 582 348 ac
608 312 757 348 invicem
785 311 1071 356 confligentibus,
1099 311 1182 347 hinc
1209 311 1291 347 inde
1316 311 1416 347 occisi
1444 322 1550 357 quam
1578 311 1718 357 plurimi
1737 322 1793 347 ex-

166 373 323 408 titerunt.
357 371 452 407 Unde
477 382 556 407 cum
586 382 645 417 pro
671 382 724 412 eo,
752 370 843 416 quod
869 370 1004 416 aliquos
1032 370 1243 416 percussisti,
1269 370 1560 416 irregularitatem
1588 374 1722 405 metuas
1740 369 1793 405 in-

166 433 335 467 currisse:
365 430 587 474 Mandamus,
617 434 793 476 quatenus
819 429 845 463 si
873 429 915 465 de
941 429 1183 465 interlectione
1208 429 1416 475 cuiusquam
1456 428 1493 463 in
1532 428 1590 464 illo
1628 428 1795 464 conflictu

167 495 226 526 tua
251 490 466 525 conscientia
492 494 524 524 te
550 489 771 530 remordet»,
801 491 915 533 (ergo:
943 499 964 523 a
989 499 1093 524 sensu
1112 488 1298 531 contrario,
1319 488 1345 522 si
1365 488 1407 523 de
1425 487 1666 523 interfectione
1680 487 1794 523 cuius-

168 560 273 595 quam
312 559 383 584 non
421 553 454 584 te
480 548 675 584 remordeat
701 547 928 589 conscientia,
957 547 1166 583 contrariam
1195 547 1351 593 sequaris
1377 547 1601 591 decisionem)
1631 550 1663 582 et
1683 557 1795 592 prose-

168 608 286 654 quitur
314 607 468 643 Pontifex
500 621 514 639 «
534 618 553 642 a
582 607 775 643 ministerio
800 606 921 642 altaris
946 606 1122 642 abstineas
1148 610 1364 642 reverenter:
1385 617 1464 641 cum
1484 605 1527 640 sit
1546 605 1740 641 consultius
1757 605 1795 640 in

170 667 365 702 huiusmodi
393 666 499 701 dubio
524 666 712 708 abstinere,
742 676 847 711 quam
874 669 1003 700 temere
1021 665 1195 700 celebrare
1215 679 1244 698 ».
1265 663 1362 708 Quae
1378 665 1505 700 decisio
1521 668 1697 710 praeterea
1714 675 1796 699 con-

167 726 285 762 cordat
310 725 449 770 regulae
475 725 665 760 canonicae
691 724 889 770 sequendae
914 724 1025 759 solum
1052 735 1072 759 a
1110 723 1323 770 Presbytero,
1351 724 1387 758 in
1417 735 1498 759 casu
1529 734 1595 769 quo
1614 723 1796 759 dubitabat

170 796 254 819 num
280 789 400 819 auctor
428 783 531 819 fuerit
556 783 754 827 occisionis,
785 794 854 818 non
882 782 1126 824 mutilationis,
1155 793 1244 828 quae
1268 793 1388 817 revera
1405 781 1528 817 extitit.
1548 781 1617 816 Hoc
1635 791 1797 827 expresse

169 843 318 878 traditur
356 843 391 877 in
431 854 460 880 c.
500 840 542 878 18
575 843 607 877 h.
637 847 657 877 t.
686 841 915 887 sequentibus
940 841 1075 876 verbis:
1109 840 1243 885 «Quod
1271 841 1296 875 si
1325 840 1475 876 discerni
1504 851 1574 875 non
1611 839 1729 886 possit,
1755 851 1795 875 ex

169 902 268 938 cuius
294 902 363 938 ictu
391 913 575 948 percussus
602 901 752 936 interiit:
780 900 815 936 in
841 900 898 935 hoc
925 900 1022 935 dubio
1051 905 1218 946 tanquam
1246 899 1421 935 homicida
1445 899 1546 934 debet
1581 899 1700 934 haberi
1735 897 1797 934 Sa-

169 961 308 997 cerdos:
338 961 395 1007 qui
423 960 553 996 scilicet
579 961 683 996 etiam
712 959 902 1006 percussit:
931 964 964 995 et
990 959 1017 993 si
1048 960 1132 994 forte
1158 958 1336 994 homicida
1362 969 1430 994 non
1459 958 1517 999 sit,
1545 969 1565 993 a
1591 956 1796 993 sacerdotali

171 1020 282 1055 officio
306 1019 482 1055 abstinere
507 1019 629 1054 debet:
658 1029 737 1054 cum
765 1019 802 1053 in
829 1019 893 1053 hoc
919 1029 1002 1054 casu
1028 1028 1162 1053 cessare
1189 1017 1233 1052 sit
1260 1017 1381 1058 tutius,
1411 1027 1516 1063 quam
1548 1021 1677 1052 temere
1710 1016 1798 1052 cele-

171 1079 291 1115 brare:
322 1090 385 1126 pro
411 1090 462 1120 eo,
492 1079 583 1124 quod
611 1078 646 1113 in
674 1078 781 1114 altero
808 1077 960 1119 nullum,
991 1077 1027 1112 in
1055 1077 1188 1123 reliquo
1217 1087 1295 1112 vero
1329 1087 1497 1121 magnum
1531 1075 1724 1122 periculum
1758 1075 1800 1110 ti-

172 1143 308 1174 meatur
329 1153 361 1173 ».
401 1138 447 1173 Ex
487 1149 555 1184 quo
593 1148 727 1173 canone
758 1139 876 1173 stricte
902 1137 1179 1181 interpretando,
1207 1141 1298 1172 recte
1323 1135 1522 1171 inferebant
1551 1134 1619 1169 DD.
1645 1134 1736 1180 quod
1764 1134 1800 1169 in

170 1197 337 1245 praedicto
375 1197 473 1232 dubio
499 1197 558 1232 sed
584 1197 626 1232 de
651 1195 828 1231 homicidio
856 1202 998 1237 tantum,
1024 1200 1057 1230 et
1083 1195 1191 1230 solum
1216 1192 1375 1230 Sacerdos
1401 1193 1587 1229 tenebatur
1613 1204 1633 1227 a
1658 1192 1732 1228 sola
1756 1204 1805 1228 ce-

174 1257 353 1292 lebratione
379 1256 501 1291 missae
527 1256 716 1291 abstinere.
747 1255 786 1290 Et
812 1255 897 1290 haec
923 1254 1098 1290 sufficiant
1131 1254 1174 1289 ad
1215 1254 1354 1300 plenam
1394 1252 1617 1299 sequentium
1656 1251 1802 1288 canonis

176 1316 488 1363 praescriptionum
515 1315 801 1361 intelligentiam.

295 1388 418 1431 Porro
452 1387 667 1444 hucusque
704 1388 954 1431 occisionem
999 1386 1060 1429 vel
1103 1385 1403 1429 mutilationem
1443 1384 1802 1429 consideravimus

177 1458 465 1509 voluntariam,
491 1460 568 1501 iam
595 1457 646 1501 de
669 1459 876 1500 occisione
902 1457 1243 1514 mutilationeque
1269 1460 1427 1512 patrata
1450 1458 1617 1498 omnino
1641 1453 1799 1511 absque

178 1529 400 1572 voluntatis
419 1533 514 1572 actu
537 1533 661 1586 atque
684 1528 734 1571 de
758 1527 836 1572 alia
860 1540 967 1585 quae
991 1527 1042 1571 ol)
1067 1527 1294 1584 legitimam
1315 1526 1597 1570 defensionem
1618 1526 1804 1569 evenerit
1860 1531 1862 1533 ’

176 1605 237 1643 est
259 1600 480 1656 agendum.
508 1598 564 1643 De
588 1599 651 1642 his
673 1599 788 1643 adest
822 1597 948 1643 Clem.
987 1612 1053 1641 nn.
1089 1598 1126 1641 h.
1162 1603 1205 1650 t.,
1239 1610 1345 1654 quae
1376 1599 1435 1641 sic
1468 1610 1511 1640 se
1545 1596 1689 1640 hahet:
1718 1611 1739 1637 ((
1761 1596 1802 1640 Si

177 1671 367 1717 furiosus,
392 1675 462 1713 aut
485 1672 632 1724 intans,
655 1683 727 1713 seu
752 1670 976 1719 dormiens,
1003 1668 1211 1712 hominem
1243 1667 1416 1716 mutilet,
1436 1667 1500 1711 vel
1520 1667 1696 1721 occidat,
1718 1665 1804 1709 nul·

177 1741 257 1784 lam
277 1754 326 1785 ex
346 1741 424 1784 hoc
444 1740 792 1797 irregularitatem
813 1742 998 1784 incurrit.
1015 1739 1063 1783 Et
1082 1740 1189 1782 idem
1211 1739 1261 1782 de
1281 1738 1348 1781 illo
1364 1751 1595 1794 censemus,
1609 1739 1680 1795 qui
1700 1750 1806 1779 mor-

177 1818 258 1856 tem
293 1812 412 1856 aliter
448 1814 578 1855 vitare
612 1825 690 1855 non
729 1811 885 1861 valens,
912 1824 1034 1854 suum
1058 1810 1210 1854 occidit
1236 1809 1299 1853 vel
1325 1809 1486 1853 mutilat
1511 1811 1804 1851 invasorem».

177 1883 321 1938 Quoad
358 1885 533 1940 primam
571 1887 727 1938 partem
762 1882 996 1926 adnotanda
1019 1880 1339 1938 aequipollentia
1365 1880 1501 1937 quoad
1527 1878 1809 1935 irregularita-

179 1959 260 1997 tem
282 1957 370 1998 iure
404 1956 614 2011 recognita
649 1955 754 1996 inter
787 1952 1059 1996 homicidium
1095 1965 1142 1995 ac
1176 1951 1491 2006 mutilationem,
1527 1955 1651 2007 atque
1684 1951 1807 1993 etiam

178 2025 233 2069 ibi
258 2039 335 2068 non
360 2025 548 2069 contrahi
569 2030 704 2068 notam
726 2024 1057 2080 irregularitatis,
1076 2025 1171 2081 quia
1192 2023 1308 2066 deest
1327 2027 1443 2066 actus
1460 2023 1714 2079 quicumque
1735 2033 1805 2063 vo-

178 2097 358 2151 luntatis,
384 2097 559 2153 ideoque
583 2098 735 2139 occisio
762 2095 824 2138 vel
851 2095 1052 2138 mutilatio
1078 2099 1263 2151 patratur
1286 2096 1402 2151 quasi
1426 2092 1478 2136 ab
1501 2091 1668 2135 animali
1694 2090 1803 2149 quod

179 2169 414 2211 necessario
447 2169 642 2210 instinctu
675 2171 883 2223 operatur,
918 2170 957 2209 et
980 2168 1147 2208 omuino
1173 2164 1451 2207 involuntaria
1475 2177 1546 2207 seu
1571 2163 1805 2206 necessaria

183 2241 328 2282 merito
362 2237 654 2294 appellaretur.
680 2235 825 2290 Quoad
852 2236 1060 2293 legitimae
1085 2236 1337 2279 defensionis
1360 2247 1515 2288 casum,
1540 2233 1805 2277 animadver-

182 2313 320 2353 tantur
357 2309 616 2352 conditiones
654 2308 721 2351 hic
753 2320 994 2364 expressae:
1032 2307 1076 2349 1ἃ
1111 2311 1153 2350 ut
1187 2320 1298 2349 mors
1332 2307 1498 2361 propria
1531 2304 1651 2348 aliter
1684 2305 1807 2346 vitari

183 2384 372 2438 nequeat,
407 2380 477 2423 sed
514 2380 623 2422 idem
657 2383 849 2422 censetur
882 2378 933 2422 de
966 2378 1136 2421 alterius
1169 2378 1400 2420 innocentis
1439 2377 1536 2420 ita...
1580 2379 1807 2432 sequutura

184 2456 328 2495 morte.
361 2451 402 2495 Si
421 2464 519 2507 ergo
539 2454 663 2507 queat
682 2451 803 2493 vitari
830 2449 1040 2504 fugiendo,
1064 2448 1195 2491 solum
1223 2447 1492 2504 percutiendo
1515 2450 1585 2489 aut
1608 2444 1807 2497 feriendo,

183 2522 415 2576 clamando,
448 2527 540 2577 etc,
576 2528 674 2565 tunc
707 2520 962 2565 Clementina
997 2521 1071 2562 ista
1105 2532 1184 2562 non
1219 2518 1494 2574 suffragatur,
1526 2517 1571 2560 2³
1595 2517 1807 2572 proprium

184 2592 346 2637 occidat
379 2592 443 2635 vel
478 2591 639 2635 mutilet
662 2594 921 2645 invasorem,
946 2590 1055 2633 unde
1079 2602 1158 2632 non
1184 2588 1350 2632 videtur
1372 2586 1640 2644 approbanda
1664 2598 1809 2628 eorum

184 2665 387 2707 sententia
420 2665 490 2719 qui
527 2661 670 2705 volunt
702 2663 893 2705 excusari
926 2659 978 2703 ab
1011 2659 1316 2715 irregularitate
1349 2657 1524 2701 alterum
1559 2658 1697 2710 etiam,
1739 2657 1807 2712 qui

186 2734 337 2777 occidit
383 2733 446 2776 vel
481 2733 642 2776 mutilat
676 2733 913 2789 proximum
946 2743 1083 2784 suum,
1118 2733 1228 2772 metu
1262 2730 1406 2771 mortis
1442 2727 1507 2770 vel
1541 2725 1810 2769 mutilationis

187 2818 293 2863 quae
325 2804 403 2848 sihi
437 2804 538 2848 alias
572 2806 751 2846 minatae
784 2803 958 2845 fuerant.
1008 2812 1009 2815 ’

307 2874 379 2918 His
418 2877 535 2918 tertia
573 2873 754 2917 conditio
793 2877 853 2916 est
889 2870 1168 2927 adiungenda,
1211 2868 1425 2913 videlicet:
1469 2873 1512 2911 ut
1549 2880 1598 2910 ex
1634 2868 1813 2910 circum-

1852 2934 1871 2956 N
