1971 3261
218 177 312 213 Cant
341 177 496 212 778-779
719 176 801 209 ΤιΤ.
833 175 883 209 ΙΙ.
914 195 925 200 -
953 175 1009 210 De
1041 175 1347 219 Confirmatione
1602 187 1606 193 ·
1809 175 1854 208 73

218 309 307 341 can.
343 296 441 350 738,
474 296 502 353 ς’
535 295 574 350 ⁶2,
610 295 652 353 b)
685 309 759 337 nee
789 308 835 337 eo
871 299 911 337 ut
945 306 1069 350 supra
1094 293 1311 351 designato
1332 299 1558 351 praesente
1580 293 1854 337 culnn'nistrn-

220 373 284 410 tus
316 366 466 425 fuerit,
497 365 705 416 minister,
739 367 829 408 sive
861 364 1058 408 sacerdos
1090 367 1180 407 sive
1212 365 1413 408 diaconus
1446 364 1703 408 sollemniter
1726 364 1854 407 admi-

219 441 376 488 nistret,
409 439 499 480 sive
532 436 707 494 quilibet
755 438 878 479 etiam
932 437 995 478 vir
1047 435 1108 478 vel
1160 435 1310 478 mulier
1349 438 1543 492 privatim
1582 435 1769 492 baptizet,
1804 435 1855 478 (le

218 509 308 566 ipso
343 507 547 565 baptismo
581 520 602 550 a
636 520 680 550 se
713 506 867 550 collato
900 506 1208 564 qaamprimemt
1249 520 1342 550 cum
1370 506 1549 550 humana
1574 506 1854 550 sollicitudine

216 579 439 638 proprium
472 578 641 621 ratione
673 576 896 628 domicilii,
919 577 1096 621 scilicet:
1123 583 1340 634 parentum
1368 580 1478 621 iuxta
1504 581 1851 621 commentarium

217 650 267 695 ad
293 662 383 694 can.
408 649 507 702 738,
530 650 558 707 ἓ
582 649 620 701 1,
645 649 731 704 sed,
756 648 968 692 domicilio
994 662 1071 691 non
1107 651 1325 702 existente,
1349 648 1400 692 ob
1423 648 1656 705 analogiam
1683 662 1772 692 can.
1799 649 1846 691 ot

216 721 244 779 g
278 721 294 763 1
336 722 451 778 quasi
486 718 947 777 domiciliifflaroelmm
983 718 1188 777 baptizali
1220 718 1477 762 declaratum
1512 732 1651 775 supra,
1686 725 1723 762 et
1760 719 1854 763 liinc

216 793 461 835 confirmata
512 792 798 847 interpretatio
848 790 931 844 illa,
979 790 1198 833 certiorem
1250 789 1400 833 reddat
1451 790 1738 847 personaliter,
1790 790 1853 833 vel

203 865 370 921 scripto
407 861 468 905 vel
506 864 663 913 nuntio,
697 862 925 905 dummodo
958 861 1249 905 certitudinem
1286 861 1337 904 de
1375 861 1510 905 valido
1545 861 1748 918 baptismo
1784 863 1853 904 tri-

219 923 326 979 buat.
364 935 501 991 Atque
535 932 733 989 obligatio
767 932 870 976 haec
903 934 1046 988 gravis
1079 936 1139 975 est
1175 937 1342 988 propter
1381 937 1637 975 momentum
1677 935 1747 983 rei,
1781 932 1851 975 sed

217 1008 255 1049 in
294 1018 520 1062 paucorum
557 1005 719 1048 dierum
756 1004 954 1047 dilatione
991 1003 1223 1047 voluntaria
1259 1009 1317 1046 est
1353 1003 1609 1055 admittenda
1645 1003 1856 1046 ordinarie

218 1077 322 1120 levis
355 1075 552 1133 obligatio
587 1080 756 1133 propter
791 1077 988 1118 materiae
1037 1077 1301 1131 parvitatem.
1351 1075 1544 1118 Attamen
1579 1077 1611 1117 si
1647 1075 1852 1131 periclita-

219 1152 332 1191 retur
365 1147 547 1204 cognitio
580 1151 649 1190 aut
682 1146 888 1189 certitudo
934 1145 1124 1201 baptismi
1164 1145 1288 1188 validi
1329 1148 1450 1188 etiam
1489 1144 1555 1188 illa
1591 1145 1760 1189 brevior
1793 1145 1853 1187 di-

218 1219 314 1261 latio
348 1222 455 1261 esset
497 1217 704 1261 censenda
739 1219 894 1273 gravis.

334 1289 402 1333 70.
439 1290 512 1335 De
547 1290 782 1346 baptismi
807 1290 1118 1345 probatione.
1154 1313 1174 1319 -
1214 1287 1318 1331 Can.
1340 1289 1447 1331 779.
1474 1287 1537 1330 Ad
1561 1286 1758 1330 collatum
1785 1287 1853 1329 lm-

214 1360 414 1418 ptismum
449 1357 801 1417 comprobandum
835 1358 970 1415 quoad
995 1361 1163 1402 tactum.
1188 1358 1226 1401 si
1250 1358 1406 1400 nemini
1430 1358 1504 1414 fiat
1525 1357 1854 1415 [n'aeiecdirimtn

218 1433 273 1474 uti
310 1431 426 1474 tieret
461 1429 679 1486 baptizato,
704 1431 743 1472 ni
771 1428 963 1472 validitas
989 1431 1117 1486 ipsius
1140 1428 1502 1486 comprobaretur,
1526 1429 1633 1471 satis
1664 1434 1723 1471 est
1749 1443 1855 1471 unecs

215 1501 335 1544 testis
367 1501 419 1545 de
453 1501 558 1545 facto
591 1505 631 1544 et
663 1500 714 1544 de
751 1500 963 1544 validitate
996 1500 1110 1544 omni
1143 1500 1386 1558 eoeeeplione
1411 1499 1559 1551 maior,
1584 1502 1652 1557 qui
1677 1499 1849 1543 scilicet:

219 1572 281 1616 vel
318 1585 397 1616 non
432 1574 612 1629 patiatur
645 1573 936 1628 exceptionem
970 1573 1081 1615 circa
1116 1573 1205 1614 eius
1237 1573 1469 1625 scientiam,
1494 1572 1759 1614 veracitatem
1786 1576 1853 1613 aut

215 1645 327 1688 circa
361 1645 490 1700 ipsius
525 1644 821 1693 testimonium,
861 1642 923 1686 vel
958 1644 1226 1699 exceptiones
1258 1646 1401 1686 contra
1441 1655 1534 1685 eum
1572 1656 1644 1698 per
1676 1644 1855 1685 circum-

216 1716 387 1758 stantias
420 1718 701 1768 evacuentur-3
736 1727 800 1756 ex.
835 1727 896 1770 gr.
932 1712 1041 1770 quod
1078 1714 1133 1756 ait
1164 1710 1308 1756 Glossa
1335 1712 1373 1756 1;
1417 1728 1436 1753 ι(
1464 1715 1584 1756 unius
1620 1714 1855 1756 testimonio

216 1785 467 1842 quandoque
501 1784 758 1828 credendum
807 1789 880 1837 est⁷
915 1788 955 1827 et
987 1786 1046 1827 sic
1080 1783 1157 1827 boc-
1191 1796 1289 1827 casu
1339 1783 1409 1841 (de
1451 1783 1653 1840 baptismo
1686 1783 1854 1839 collato)

218 1861 375 1900 tantum
411 1855 667 1899 credendum
712 1868 801 1898 esse
845 1855 1085 1910 christiano,
1121 1859 1160 1898 et
1194 1868 1273 1898 non
1308 1855 1474 1912 Pagano
1513 1854 1574 1897 vel
1612 1854 1763 1897 ludaeo
1798 1859 1854 1897 te-

216 1928 409 1971 stiticanti
431 1942 469 1969 ».
505 1925 825 1982 intelligendum
860 1930 921 1969 est
955 1925 1046 1981 boc,
1091 1927 1278 1982 exceptis
1310 1927 1636 1969 circumstantiis
1669 1930 1853 1968 extraor-

216 1998 404 2041 dinariis.
428 1996 606 2054 Explicit
631 2009 762 2041 canon
788 1999 870 2040 sic:
907 1996 968 2039 vel
992 1996 1127 2054 ipsius
1152 1996 1357 2055 baptizali
1392 1995 1688 2039 insturafndzmz
1719 1998 1856 2039 «satis

218 2073 340 2124 est»,
375 2068 413 2111 si
445 2068 535 2126 ipse
568 2068 612 2111 in
645 2067 797 2111 adulta
831 2072 972 2110 aelate
994 2067 1247 2125 baptismum
1270 2067 1490 2124 receperit.
1516 2064 1623 2120 Quia
1647 2080 1740 2110 cum
1767 2068 1856 2109 eius

216 2139 360 2183 salutis
397 2139 517 2183 valde
552 2141 711 2182 intersit
747 2138 988 2194 baptismus,
1014 2140 1124 2181 omni
1150 2140 1396 2194 exceptione
1423 2140 1553 2181 maior
1577 2143 1660 2182 est:
1692 2153 1710 2178 «
1729 2140 1760 2181 si
1787 2150 1855 2180 ne-

218 2212 316 2253 mini
351 2209 458 2267 (alii)
494 2211 563 2253 liat
598 2210 965 2266 praeiudicium».

879 2359 1112 2397 TITULUS
1147 2359 1196 2396 II.

805 2442 868 2484 De
900 2441 1272 2485 confirmatione.

264 2552 349 2588 CAN.
379 2551 459 2588 780.
484 2574 501 2578 -
521 2552 789 2589 Sacramentum
817 2552 1002 2588 confirma·
1076 2551 1177 2587 debet
1212 2562 1287 2587 esse
1320 2552 1364 2588 ab
1402 2552 1568 2598 Episcopo
1600 2556 1854 2588 consett'atum

216 2601 323 2636 tionis
348 2600 499 2636 conferri
526 2600 629 2636 debet
656 2611 716 2647 per
742 2612 870 2635 manus
896 2600 1004 2646 impo-
1075 2599 1211 2634 etiamsi
1240 2604 1500 2635 sacramentum
1528 2610 1547 2634 a
1576 2599 1786 2645 ρΓθεΙηῐθΓο
1817 2609 1857 2633 ex

216 2647 378 2683 sitionem
417 2659 498 2683 cum
532 2648 698 2684 unctione
736 2647 938 2683 chrismatis
966 2647 1000 2682 in
1077 2646 1150 2682 iure
1187 2646 1237 2682 vel
1273 2658 1312 2682 ex
1347 2647 1536 2693 apostolico
1572 2646 1720 2686 indulto,
1759 2645 1859 2680 mini·

217 2695 330 2730 fronte
367 2699 400 2729 et
426 2706 487 2739 per
521 2694 626 2731 verba
661 2695 696 2730 in
739 2694 1001 2747 pontificalibus
1075 2698 1156 2728 stret
1163 2705 1203 2728 ur

216 2741 315 2777 libris
332 2742 376 2778 ab
397 2742 548 2778 Ecclesia
567 2742 721 2789 probatis
750 2741 974 2794 praescripta.
1121 2745 1140 2783 ξ
1167 2740 1200 2775 2.
1233 2740 1356 2777 Unctio
1396 2746 1513 2776 autem
1559 2752 1603 2775 ne
1647 2740 1704 2775 fiat
1740 2740 1858 2784 aliquo

264 2790 349 2825 CAN.
379 2788 459 2825 781.
534 2794 553 2832 ξ
591 2790 621 2825 l.
659 2788 835 2830 chrisma,
872 2800 906 2823 in
939 2788 999 2824 Sa·
1077 2788 1323 2829 instrumento,
1361 2789 1419 2824 sed
1457 2789 1531 2834 ipsa
1567 2788 1716 2823 ministri
1746 2798 1852 2822 manu

216 2841 394 2872 eramento
428 2836 710 2873 confirmationis
743 2818 998 2877 adhibendum,
1075 2835 1179 2881 capiti
1208 2835 1441 2871 confirmandi
1475 2835 1539 2871 rite
1566 2835 1738 2881 imposita.

336 2933 346 2953 ¹
376 2930 469 2974 Cap.
506 2947 519 2961 «
536 2931 634 2965 Cum
662 2932 796 2976 itaque
813 2946 826 2960 ›
860 2930 965 2964 Dist.
987 2930 1040 2963 IV
1060 2929 1105 2964 de
1121 2929 1282 2964 Consec.
