<?xml version="1.0" encoding="UTF-8"?>
<!DOCTYPE html PUBLIC "-//W3C//DTD XHTML 1.0 Transitional//EN"
    "http://www.w3.org/TR/xhtml1/DTD/xhtml1-transitional.dtd">
<html xmlns="http://www.w3.org/1999/xhtml" xml:lang="en" lang="en">
 <head>
  <title>
</title>
<meta http-equiv="Content-Type" content="text/html;charset=utf-8" />
  <meta name='ocr-system' content='tesseract 3.04.00' />
  <meta name='ocr-capabilities' content='ocr_page ocr_carea ocr_par ocr_line ocrx_word'/>
</head>
<body>
  <div class='ocr_page' id='page_1' title='image "./p1commentariumte03blatuoft_0586.png"; bbox 0 0 1971 3261; ppageno 0'>
   <div class='ocr_carea' id='block_1_1' title="bbox 156 150 1800 192">
    <p class='ocr_par' dir='ltr' id='par_1_1' title="bbox 156 150 1800 192">
     <span class='ocr_line' id='line_1_1' title="bbox 156 150 1800 192; baseline -0.004 0"><span class='ocrx_word' id='word_1_1' title='bbox 156 158 227 192; x_wconf 77' lang='lat'><strong>572</strong></span> <span class='ocrx_word' id='word_1_2' title='bbox 563 151 646 184; x_wconf 70' lang='lat' dir='ltr'><strong>Lm.</strong></span> <span class='ocrx_word' id='word_1_3' title='bbox 677 150 744 184; x_wconf 82' lang='grc' dir='ltr'>[ΙΙ.</span> <span class='ocrx_word' id='word_1_4' title='bbox 771 171 783 177; x_wconf 92' lang='grc'>-</span> <span class='ocrx_word' id='word_1_5' title='bbox 809 151 919 187; x_wconf 84' lang='lat' dir='ltr'>PARS</span> <span class='ocrx_word' id='word_1_6' title='bbox 945 153 974 189; x_wconf 89' lang='grc' dir='ltr'><strong>Ι.</strong></span> <span class='ocrx_word' id='word_1_7' title='bbox 1001 173 1014 178; x_wconf 91' lang='lat'><em>-</em></span> <span class='ocrx_word' id='word_1_8' title='bbox 1039 152 1097 188; x_wconf 86' lang='lat' dir='ltr'><strong>De</strong></span> <span class='ocrx_word' id='word_1_9' title='bbox 1122 153 1387 188; x_wconf 64' lang='lat' dir='ltr'><strong>Sciet-amentis</strong></span> <span class='ocrx_word' id='word_1_10' title='bbox 1578 151 1671 187; x_wconf 81' lang='lat' dir='ltr'><strong>Can.</strong></span> <span class='ocrx_word' id='word_1_11' title='bbox 1701 152 1800 186; x_wconf 84' lang='grc'>1068</span> 
     </span>
    </p>
   </div>
   <div class='ocr_carea' id='block_1_2' title="bbox 160 210 1494 219">
    <p class='ocr_par' dir='ltr' id='par_1_2' title="bbox 160 210 1494 219">
     <span class='ocr_line' id='line_1_2' title="bbox 160 210 1494 219; baseline 0 0"><span class='ocrx_word' id='word_1_12' title='bbox 160 210 1494 219; x_wconf 95' lang='lat' dir='ltr'><strong> </strong></span> 
     </span>
    </p>
   </div>
   <div class='ocr_carea' id='block_1_3' title="bbox 159 268 1800 787">
    <p class='ocr_par' dir='ltr' id='par_1_3' title="bbox 159 268 1800 787">
     <span class='ocr_line' id='line_1_3' title="bbox 159 268 1794 320; baseline -0.004 -10"><span class='ocrx_word' id='word_1_13' title='bbox 159 275 310 320; x_wconf 87' lang='lat' dir='ltr'><strong>gatione.</strong></span> <span class='ocrx_word' id='word_1_14' title='bbox 342 271 568 317; x_wconf 78' lang='lat' dir='ltr'><strong>l&#39;robavimus</strong></span> <span class='ocrx_word' id='word_1_15' title='bbox 595 270 699 306; x_wconf 89' lang='lat' dir='ltr'><strong>etiam</strong></span> <span class='ocrx_word' id='word_1_16' title='bbox 738 270 820 305; x_wconf 90' lang='lat' dir='ltr'><strong>alibi</strong></span> <span class='ocrx_word' id='word_1_17' title='bbox 862 281 985 306; x_wconf 87' lang='lat' dir='ltr'><strong>omnes</strong></span> <span class='ocrx_word' id='word_1_18' title='bbox 1024 271 1079 306; x_wconf 88' lang='lat' dir='ltr'><strong>ius</strong></span> <span class='ocrx_word' id='word_1_19' title='bbox 1106 270 1233 306; x_wconf 90' lang='lat' dir='ltr'><strong>habere</strong></span> <span class='ocrx_word' id='word_1_20' title='bbox 1259 270 1300 305; x_wconf 89' lang='lat' dir='ltr'><strong>ad</strong></span> <span class='ocrx_word' id='word_1_21' title='bbox 1329 269 1594 305; x_wconf 81' lang='lat' dir='ltr'><strong>matrimonium</strong></span> <span class='ocrx_word' id='word_1_22' title='bbox 1632 268 1794 315; x_wconf 82' lang='lat' dir='ltr'><strong>equidem</strong></span> 
     </span>
     <span class='ocr_line' id='line_1_4' title="bbox 160 327 1797 377; baseline -0.004 -9"><span class='ocrx_word' id='word_1_23' title='bbox 160 344 238 368; x_wconf 86' lang='lat' dir='ltr'><strong>cum</strong></span> <span class='ocrx_word' id='word_1_24' title='bbox 268 342 413 377; x_wconf 85' lang='lat' dir='ltr'><strong>persona</strong></span> <span class='ocrx_word' id='word_1_25' title='bbox 439 330 482 365; x_wconf 88' lang='lat' dir='ltr'><strong>ad</strong></span> <span class='ocrx_word' id='word_1_26' title='bbox 509 328 694 364; x_wconf 80' lang='lat' dir='ltr'><strong>arbitrium</strong></span> <span class='ocrx_word' id='word_1_27' title='bbox 726 328 902 373; x_wconf 79' lang='lat' dir='ltr'><strong>eligenda,</strong></span> <span class='ocrx_word' id='word_1_28' title='bbox 932 329 1000 364; x_wconf 86' lang='lat' dir='ltr'><strong>nisi</strong></span> <span class='ocrx_word' id='word_1_29' title='bbox 1029 329 1110 375; x_wconf 88' lang='lat' dir='ltr'><strong>quid</strong></span> <span class='ocrx_word' id='word_1_30' title='bbox 1138 328 1270 364; x_wconf 91' lang='lat' dir='ltr'><strong>obstet:</strong></span> <span class='ocrx_word' id='word_1_31' title='bbox 1298 329 1387 374; x_wconf 86' lang='lat' dir='ltr'><strong>quod</strong></span> <span class='ocrx_word' id='word_1_32' title='bbox 1415 328 1469 363; x_wconf 92' lang='lat' dir='ltr'><strong>ius</strong></span> <span class='ocrx_word' id='word_1_33' title='bbox 1488 328 1705 363; x_wconf 79' lang='lat' dir='ltr'><strong>fundaturin</strong></span> <span class='ocrx_word' id='word_1_34' title='bbox 1724 327 1797 372; x_wconf 86' lang='lat' dir='ltr'><strong>lege</strong></span> 
     </span>
     <span class='ocr_line' id='line_1_5' title="bbox 167 386 1798 435; baseline -0.003 -9"><span class='ocrx_word' id='word_1_35' title='bbox 167 390 317 426; x_wconf 89' lang='lat' dir='ltr'><strong>naturali</strong></span> <span class='ocrx_word' id='word_1_36' title='bbox 349 387 607 435; x_wconf 72' lang='lat' dir='ltr'><strong>propagationis</strong></span> <span class='ocrx_word' id='word_1_37' title='bbox 645 388 783 432; x_wconf 80' lang='lat' dir='ltr'><strong>generis</strong></span> <span class='ocrx_word' id='word_1_38' title='bbox 821 388 982 425; x_wconf 85' lang='lat' dir='ltr'><strong>humani.</strong></span> <span class='ocrx_word' id='word_1_39' title='bbox 1023 393 1055 423; x_wconf 81' lang='lat' dir='ltr'><strong>et</strong></span> <span class='ocrx_word' id='word_1_40' title='bbox 1095 388 1130 422; x_wconf 92' lang='lat' dir='ltr'><strong>in</strong></span> <span class='ocrx_word' id='word_1_41' title='bbox 1170 387 1310 434; x_wconf 89' lang='lat' dir='ltr'><strong>propria</strong></span> <span class='ocrx_word' id='word_1_42' title='bbox 1345 387 1488 434; x_wconf 78' lang='lat' dir='ltr'><strong>physica</strong></span> <span class='ocrx_word' id='word_1_43' title='bbox 1515 386 1680 432; x_wconf 84' lang='lat' dir='ltr'><strong>potentia,</strong></span> <span class='ocrx_word' id='word_1_44' title='bbox 1708 397 1798 432; x_wconf 89' lang='lat' dir='ltr'><strong>quae</strong></span> 
     </span>
     <span class='ocr_line' id='line_1_6' title="bbox 167 445 1797 493; baseline -0.003 -9"><span class='ocrx_word' id='word_1_45' title='bbox 167 450 262 485; x_wconf 78' lang='lat' dir='ltr'><strong>iuxta</strong></span> <span class='ocrx_word' id='word_1_46' title='bbox 289 448 379 493; x_wconf 84' lang='lat' dir='ltr'><strong>leges</strong></span> <span class='ocrx_word' id='word_1_47' title='bbox 404 451 552 482; x_wconf 89' lang='lat' dir='ltr'><strong>naturae</strong></span> <span class='ocrx_word' id='word_1_48' title='bbox 577 445 741 481; x_wconf 91' lang='lat' dir='ltr'><strong>omnibus</strong></span> <span class='ocrx_word' id='word_1_49' title='bbox 768 446 946 481; x_wconf 90' lang='lat' dir='ltr'><strong>tribuitur.</strong></span> <span class='ocrx_word' id='word_1_50' title='bbox 989 447 1152 482; x_wconf 75' lang='lat' dir='ltr'><strong>Attamen</strong></span> <span class='ocrx_word' id='word_1_51' title='bbox 1193 447 1394 490; x_wconf 79' lang='lat' dir='ltr'><strong>contingere</strong></span> <span class='ocrx_word' id='word_1_52' title='bbox 1428 449 1538 491; x_wconf 87' lang='lat' dir='ltr'><strong>potest</strong></span> <span class='ocrx_word' id='word_1_53' title='bbox 1564 445 1656 490; x_wconf 83' lang='lat' dir='ltr'><strong>quod</strong></span> <span class='ocrx_word' id='word_1_54' title='bbox 1685 445 1737 480; x_wconf 82' lang='lat' dir='ltr'><strong>lex</strong></span> <span class='ocrx_word' id='word_1_55' title='bbox 1763 449 1797 480; x_wconf 86' lang='lat' dir='ltr'><strong>et</strong></span> 
     </span>
     <span class='ocr_line' id='line_1_7' title="bbox 165 503 1795 551; baseline -0.004 -8"><span class='ocrx_word' id='word_1_56' title='bbox 165 509 218 543; x_wconf 92' lang='lat' dir='ltr'><strong>ius</strong></span> <span class='ocrx_word' id='word_1_57' title='bbox 246 508 281 542; x_wconf 92' lang='lat' dir='ltr'><strong>in</strong></span> <span class='ocrx_word' id='word_1_58' title='bbox 309 506 447 542; x_wconf 85' lang='lat' dir='ltr'><strong>casibus</strong></span> <span class='ocrx_word' id='word_1_59' title='bbox 477 505 745 551; x_wconf 80' lang='lat' dir='ltr'><strong>particularibus</strong></span> <span class='ocrx_word' id='word_1_60' title='bbox 772 505 950 549; x_wconf 79' lang='lat' dir='ltr'><strong>deficiant,</strong></span> <span class='ocrx_word' id='word_1_61' title='bbox 981 506 1038 541; x_wconf 81' lang='lat' dir='ltr'><strong>sed</strong></span> <span class='ocrx_word' id='word_1_62' title='bbox 1066 505 1133 540; x_wconf 90' lang='lat' dir='ltr'><strong>nisi</strong></span> <span class='ocrx_word' id='word_1_63' title='bbox 1161 505 1314 541; x_wconf 83' lang='lat' dir='ltr'><strong>defectus</strong></span> <span class='ocrx_word' id='word_1_64' title='bbox 1352 509 1445 540; x_wconf 83' lang='lat' dir='ltr'><strong>certo</strong></span> <span class='ocrx_word' id='word_1_65' title='bbox 1470 508 1604 540; x_wconf 85' lang='lat' dir='ltr'><strong>constet</strong></span> <span class='ocrx_word' id='word_1_66' title='bbox 1630 504 1683 538; x_wconf 89' lang='lat' dir='ltr'><strong>ius</strong></span> <span class='ocrx_word' id='word_1_67' title='bbox 1709 503 1795 538; x_wconf 89' lang='lat' dir='ltr'><strong>illud</strong></span> 
     </span>
     <span class='ocr_line' id='line_1_8' title="bbox 163 561 1797 610; baseline -0.003 -9"><span class='ocrx_word' id='word_1_68' title='bbox 163 565 409 601; x_wconf 88' lang='lat' dir='ltr'><strong>sustinendum</strong></span> <span class='ocrx_word' id='word_1_69' title='bbox 436 568 487 600; x_wconf 88' lang='lat' dir='ltr'><strong>est</strong></span> <span class='ocrx_word' id='word_1_70' title='bbox 514 567 654 610; x_wconf 89' lang='lat' dir='ltr'><strong>propter</strong></span> <span class='ocrx_word' id='word_1_71' title='bbox 692 563 788 598; x_wconf 87' lang='lat' dir='ltr'><strong>illam</strong></span> <span class='ocrx_word' id='word_1_72' title='bbox 815 564 1014 608; x_wconf 77' lang='lat' dir='ltr'><strong>generalem</strong></span> <span class='ocrx_word' id='word_1_73' title='bbox 1054 563 1177 607; x_wconf 86' lang='lat' dir='ltr'><strong>legem,</strong></span> <span class='ocrx_word' id='word_1_74' title='bbox 1205 563 1392 609; x_wconf 88' lang='lat' dir='ltr'><strong>probibitio</strong></span> <span class='ocrx_word' id='word_1_75' title='bbox 1419 574 1497 599; x_wconf 79' lang='lat' dir='ltr'><strong>vero</strong></span> <span class='ocrx_word' id='word_1_76' title='bbox 1523 562 1675 598; x_wconf 83' lang='lat' dir='ltr'><strong>exercitii</strong></span> <span class='ocrx_word' id='word_1_77' title='bbox 1712 561 1797 596; x_wconf 90' lang='lat' dir='ltr'><strong>iuris</strong></span> 
     </span>
     <span class='ocr_line' id='line_1_9' title="bbox 161 620 1798 668; baseline -0.003 -8"><span class='ocrx_word' id='word_1_78' title='bbox 161 625 226 660; x_wconf 88' lang='lat' dir='ltr'><strong>erit</strong></span> <span class='ocrx_word' id='word_1_79' title='bbox 252 623 360 659; x_wconf 87' lang='lat' dir='ltr'><strong>dubia</strong></span> <span class='ocrx_word' id='word_1_80' title='bbox 385 623 474 658; x_wconf 87' lang='lat' dir='ltr'><strong>sicut</strong></span> <span class='ocrx_word' id='word_1_81' title='bbox 501 627 533 658; x_wconf 88' lang='lat' dir='ltr'><strong>et</strong></span> <span class='ocrx_word' id='word_1_82' title='bbox 561 632 782 667; x_wconf 79' lang='lat' dir='ltr'><strong>consequens</strong></span> <span class='ocrx_word' id='word_1_83' title='bbox 808 627 1007 658; x_wconf 84' lang='lat' dir='ltr'><strong>contractus</strong></span> <span class='ocrx_word' id='word_1_84' title='bbox 1034 622 1246 665; x_wconf 84' lang='lat' dir='ltr'><strong>invaliditas‚</strong></span> <span class='ocrx_word' id='word_1_85' title='bbox 1285 622 1430 668; x_wconf 77' lang='lat' dir='ltr'><strong>proinde</strong></span> <span class='ocrx_word' id='word_1_86' title='bbox 1466 621 1667 656; x_wconf 84' lang='lat' dir='ltr'><strong>huiusmodi</strong></span> <span class='ocrx_word' id='word_1_87' title='bbox 1688 620 1798 666; x_wconf 90' lang='lat' dir='ltr'><strong>prohi-</strong></span> 
     </span>
     <span class='ocr_line' id='line_1_10' title="bbox 162 679 1800 728; baseline -0.002 -10"><span class='ocrx_word' id='word_1_88' title='bbox 162 683 246 718; x_wconf 93' lang='lat' dir='ltr'><strong>bitio</strong></span> <span class='ocrx_word' id='word_1_89' title='bbox 277 693 336 728; x_wconf 90' lang='lat' dir='ltr'><strong>pro</strong></span> <span class='ocrx_word' id='word_1_90' title='bbox 362 693 443 717; x_wconf 77' lang='lat' dir='ltr'><strong>casu</strong></span> <span class='ocrx_word' id='word_1_91' title='bbox 473 680 633 716; x_wconf 83' lang='lat' dir='ltr'><strong>habenda</strong></span> <span class='ocrx_word' id='word_1_92' title='bbox 660 685 750 716; x_wconf 81' lang='lat' dir='ltr'><strong>esset</strong></span> <span class='ocrx_word' id='word_1_93' title='bbox 778 680 826 716; x_wconf 88' lang='lat' dir='ltr'><strong>uti</strong></span> <span class='ocrx_word' id='word_1_94' title='bbox 855 692 928 716; x_wconf 90' lang='lat' dir='ltr'><strong>non</strong></span> <span class='ocrx_word' id='word_1_95' title='bbox 958 681 1172 717; x_wconf 80' lang='lat' dir='ltr'><strong>sufficienter</strong></span> <span class='ocrx_word' id='word_1_96' title='bbox 1200 681 1430 727; x_wconf 86' lang='lat' dir='ltr'><strong>promulgata,</strong></span> <span class='ocrx_word' id='word_1_97' title='bbox 1463 680 1515 715; x_wconf 63' lang='lat' dir='ltr'><strong>vel</strong></span> <span class='ocrx_word' id='word_1_98' title='bbox 1541 679 1662 715; x_wconf 86' lang='lat' dir='ltr'><strong>saltem</strong></span> <span class='ocrx_word' id='word_1_99' title='bbox 1691 679 1800 714; x_wconf 91' lang='lat' dir='ltr'><strong>utin-</strong></span> 
     </span>
     <span class='ocr_line' id='line_1_11' title="bbox 162 738 1106 787; baseline -0.003 -10"><span class='ocrx_word' id='word_1_100' title='bbox 162 740 383 787; x_wconf 85' lang='lat' dir='ltr'><strong>culpabiliter</strong></span> <span class='ocrx_word' id='word_1_101' title='bbox 409 740 567 784; x_wconf 83' lang='lat' dir='ltr'><strong>ignorata</strong></span> <span class='ocrx_word' id='word_1_102' title='bbox 593 738 844 774; x_wconf 80' lang='lat' dir='ltr'><strong>conscientiam</strong></span> <span class='ocrx_word' id='word_1_103' title='bbox 874 750 944 774; x_wconf 92' lang='lat' dir='ltr'><strong>non</strong></span> <span class='ocrx_word' id='word_1_104' title='bbox 974 740 1106 784; x_wconf 84' lang='lat' dir='ltr'><strong>ligaret.</strong></span> 
     </span>
    </p>
   </div>
   <div class='ocr_carea' id='block_1_4' title="bbox 164 821 1803 1936">
    <p class='ocr_par' dir='ltr' id='par_1_4' title="bbox 164 821 1803 1936">
     <span class='ocr_line' id='line_1_12' title="bbox 283 821 1798 878; baseline -0.002 -12"><span class='ocrx_word' id='word_1_105' title='bbox 283 823 394 866; x_wconf 88' lang='lat' dir='ltr'><strong>Haec</strong></span> <span class='ocrx_word' id='word_1_106' title='bbox 429 825 532 866; x_wconf 89' lang='lat' dir='ltr'><strong>ratio</strong></span> <span class='ocrx_word' id='word_1_107' title='bbox 577 827 710 878; x_wconf 85' lang='lat' dir='ltr'><strong>potest</strong></span> <span class='ocrx_word' id='word_1_108' title='bbox 753 822 971 866; x_wconf 78' lang='lat' dir='ltr'><strong>deservire</strong></span> <span class='ocrx_word' id='word_1_109' title='bbox 1018 825 1055 865; x_wconf 92' lang='lat' dir='ltr'><strong>in</strong></span> <span class='ocrx_word' id='word_1_110' title='bbox 1099 823 1385 866; x_wconf 79' lang='lat' dir='ltr'><strong>fulcimentum</strong></span> <span class='ocrx_word' id='word_1_111' title='bbox 1431 822 1469 875; x_wconf 59' lang='lat'><strong>§³</strong></span> <span class='ocrx_word' id='word_1_112' title='bbox 1511 821 1568 878; x_wconf 67' lang='lat'><strong>⁴3¹,</strong></span> <span class='ocrx_word' id='word_1_113' title='bbox 1612 834 1692 878; x_wconf 88' lang='lat' dir='ltr'><strong>quo</strong></span> <span class='ocrx_word' id='word_1_114' title='bbox 1726 834 1798 877; x_wconf 89' lang='lat' dir='ltr'><strong>per</strong></span> 
     </span>
     <span class='ocr_line' id='line_1_13' title="bbox 165 891 1796 950; baseline -0.002 -13"><span class='ocrx_word' id='word_1_115' title='bbox 165 894 296 950; x_wconf 87' lang='lat' dir='ltr'><strong>legem</strong></span> <span class='ocrx_word' id='word_1_116' title='bbox 333 892 570 949; x_wconf 82' lang='lat' dir='ltr'><strong>generalem</strong></span> <span class='ocrx_word' id='word_1_117' title='bbox 607 892 803 936; x_wconf 83' lang='lat' dir='ltr'><strong>Summus</strong></span> <span class='ocrx_word' id='word_1_118' title='bbox 839 893 1023 936; x_wconf 81' lang='lat' dir='ltr'><strong>Pontifex</strong></span> <span class='ocrx_word' id='word_1_119' title='bbox 1060 893 1299 936; x_wconf 83' lang='lat' dir='ltr'><strong>authentice</strong></span> <span class='ocrx_word' id='word_1_120' title='bbox 1332 892 1562 935; x_wconf 70' lang='lat' dir='ltr'><strong>declararit</strong></span> <span class='ocrx_word' id='word_1_121' title='bbox 1598 894 1659 934; x_wconf 89' lang='lat' dir='ltr'><strong>ius</strong></span> <span class='ocrx_word' id='word_1_122' title='bbox 1690 891 1796 934; x_wconf 89' lang='lat' dir='ltr'><strong>divi-</strong></span> 
     </span>
     <span class='ocr_line' id='line_1_14' title="bbox 164 962 1796 1021; baseline -0.002 -14"><span class='ocrx_word' id='word_1_123' title='bbox 164 978 263 1008; x_wconf 91' lang='lat' dir='ltr'><strong>num</strong></span> <span class='ocrx_word' id='word_1_124' title='bbox 298 963 501 1017; x_wconf 72' lang='lat' dir='ltr'><strong>natuiale,</strong></span> <span class='ocrx_word' id='word_1_125' title='bbox 536 963 587 1006; x_wconf 93' lang='lat' dir='ltr'><strong>ad</strong></span> <span class='ocrx_word' id='word_1_126' title='bbox 622 975 809 1006; x_wconf 89' lang='lat' dir='ltr'><strong>normam</strong></span> <span class='ocrx_word' id='word_1_127' title='bbox 846 976 936 1008; x_wconf 89' lang='lat' dir='ltr'><strong>can.</strong></span> <span class='ocrx_word' id='word_1_128' title='bbox 978 963 1100 1018; x_wconf 83' lang='lat'>1038,</span> <span class='ocrx_word' id='word_1_129' title='bbox 1132 963 1161 1021; x_wconf 59' lang='lat' dir='ltr'><strong>g</strong></span> <span class='ocrx_word' id='word_1_130' title='bbox 1194 964 1212 1005; x_wconf 91' lang='lat'>1</span> <span class='ocrx_word' id='word_1_131' title='bbox 1246 962 1300 1006; x_wconf 93' lang='lat' dir='ltr'><strong>ibi</strong></span> <span class='ocrx_word' id='word_1_132' title='bbox 1335 962 1599 1019; x_wconf 69' lang='lat' dir='ltr'><strong>explicatam,</strong></span> <span class='ocrx_word' id='word_1_133' title='bbox 1633 962 1796 1005; x_wconf 87' lang='lat' dir='ltr'><strong>dicens:</strong></span> 
     </span>
     <span class='ocr_line' id='line_1_15' title="bbox 167 1034 1800 1092; baseline -0.001 -15"><span class='ocrx_word' id='word_1_134' title='bbox 167 1035 212 1079; x_wconf 65' lang='lat' dir='ltr'><strong>Si</strong></span> <span class='ocrx_word' id='word_1_135' title='bbox 245 1034 585 1092; x_wconf 72' lang='lat' dir='ltr'><strong>impedimentum</strong></span> <span class='ocrx_word' id='word_1_136' title='bbox 620 1034 909 1091; x_wconf 63' lang='lat' dir='ltr'><strong>impotentiae,</strong></span> <span class='ocrx_word' id='word_1_137' title='bbox 943 1034 1123 1078; x_wconf 86' lang='lat' dir='ltr'><strong>scilicet:</strong></span> <span class='ocrx_word' id='word_1_138' title='bbox 1159 1034 1380 1091; x_wconf 85' lang='lat' dir='ltr'><strong>prohibitio</strong></span> <span class='ocrx_word' id='word_1_139' title='bbox 1412 1035 1513 1076; x_wconf 86' lang='lat' dir='ltr'><strong>iuris</strong></span> <span class='ocrx_word' id='word_1_140' title='bbox 1546 1038 1717 1076; x_wconf 87' lang='lat' dir='ltr'><strong>naturae</strong></span> <span class='ocrx_word' id='word_1_141' title='bbox 1751 1035 1800 1076; x_wconf 92' lang='lat' dir='ltr'><strong>ir-</strong></span> 
     </span>
     <span class='ocr_line' id='line_1_16' title="bbox 168 1101 1800 1160; baseline -0.002 -13"><span class='ocrx_word' id='word_1_142' title='bbox 168 1107 294 1147; x_wconf 88' lang='lat' dir='ltr'><strong>ritans</strong></span> <span class='ocrx_word' id='word_1_143' title='bbox 334 1105 643 1146; x_wconf 87' lang='lat' dir='ltr'><strong>matrimonium</strong></span> <span class='ocrx_word' id='word_1_144' title='bbox 681 1108 851 1159; x_wconf 90' lang='lat' dir='ltr'><strong>propter</strong></span> <span class='ocrx_word' id='word_1_145' title='bbox 886 1106 1186 1160; x_wconf 78' lang='lat' dir='ltr'><strong>impotentiam,</strong></span> <span class='ocrx_word' id='word_1_146' title='bbox 1220 1103 1390 1146; x_wconf 65' lang='lat' dir='ltr'><strong>flubium</strong></span> <span class='ocrx_word' id='word_1_147' title='bbox 1413 1103 1481 1160; x_wconf 71' lang='lat' dir='ltr'><strong>sit,</strong></span> <span class='ocrx_word' id='word_1_148' title='bbox 1506 1103 1546 1159; x_wconf 87' lang='lat' dir='ltr'><strong>a)</strong></span> <span class='ocrx_word' id='word_1_149' title='bbox 1570 1102 1656 1144; x_wconf 68' lang='lat' dir='ltr'><strong>sire</strong></span> <span class='ocrx_word' id='word_1_150' title='bbox 1676 1101 1800 1144; x_wconf 72' lang='lat' dir='ltr'><strong>dubio</strong></span> 
     </span>
     <span class='ocr_line' id='line_1_17' title="bbox 166 1172 1800 1230; baseline -0.001 -13"><span class='ocrx_word' id='word_1_151' title='bbox 166 1174 289 1225; x_wconf 74' lang='lat' dir='ltr'><strong>iuris,</strong></span> <span class='ocrx_word' id='word_1_152' title='bbox 324 1187 496 1230; x_wconf 88' lang='lat' dir='ltr'><strong>nempe:</strong></span> <span class='ocrx_word' id='word_1_153' title='bbox 532 1178 700 1229; x_wconf 88' lang='lat' dir='ltr'><strong>propter</strong></span> <span class='ocrx_word' id='word_1_154' title='bbox 732 1172 957 1217; x_wconf 82' lang='lat' dir='ltr'><strong>Doctorum</strong></span> <span class='ocrx_word' id='word_1_155' title='bbox 993 1176 1203 1230; x_wconf 41' lang='lat' dir='ltr'><strong>oppos-itas</strong></span> <span class='ocrx_word' id='word_1_156' title='bbox 1235 1173 1471 1230; x_wconf 84' lang='lat' dir='ltr'><strong>probabiles</strong></span> <span class='ocrx_word' id='word_1_157' title='bbox 1503 1174 1717 1229; x_wconf 89' lang='lat' dir='ltr'><strong>opiniones</strong></span> <span class='ocrx_word' id='word_1_158' title='bbox 1748 1172 1800 1215; x_wconf 89' lang='lat' dir='ltr'><strong>de</strong></span> 
     </span>
     <span class='ocr_line' id='line_1_18' title="bbox 170 1243 1798 1301; baseline -0.001 -14"><span class='ocrx_word' id='word_1_159' title='bbox 170 1245 237 1288; x_wconf 93' lang='lat' dir='ltr'><strong>illo</strong></span> <span class='ocrx_word' id='word_1_160' title='bbox 271 1245 323 1288; x_wconf 91' lang='lat' dir='ltr'><strong>ob</strong></span> <span class='ocrx_word' id='word_1_161' title='bbox 355 1244 657 1287; x_wconf 89' lang='lat' dir='ltr'><strong>determinatos</strong></span> <span class='ocrx_word' id='word_1_162' title='bbox 690 1246 881 1300; x_wconf 80' lang='lat' dir='ltr'><strong>corporis</strong></span> <span class='ocrx_word' id='word_1_163' title='bbox 915 1245 1115 1295; x_wconf 86' lang='lat' dir='ltr'><strong>defectus,</strong></span> <span class='ocrx_word' id='word_1_164' title='bbox 1150 1244 1189 1299; x_wconf 88' lang='lat' dir='ltr'><strong>b)</strong></span> <span class='ocrx_word' id='word_1_165' title='bbox 1221 1244 1307 1287; x_wconf 77' lang='lat' dir='ltr'><strong>sire</strong></span> <span class='ocrx_word' id='word_1_166' title='bbox 1330 1243 1595 1301; x_wconf 68' lang='lat' dir='ltr'><strong>dubiosaeli,</strong></span> <span class='ocrx_word' id='word_1_167' title='bbox 1620 1243 1798 1299; x_wconf 86' lang='lat' dir='ltr'><strong>eoquod</strong></span> 
     </span>
     <span class='ocr_line' id='line_1_19' title="bbox 173 1314 1798 1371; baseline -0.002 -12"><span class='ocrx_word' id='word_1_168' title='bbox 173 1321 319 1359; x_wconf 88' lang='lat' dir='ltr'><strong>natura</strong></span> <span class='ocrx_word' id='word_1_169' title='bbox 355 1317 482 1371; x_wconf 88' lang='lat' dir='ltr'><strong>ipsius</strong></span> <span class='ocrx_word' id='word_1_170' title='bbox 516 1314 745 1370; x_wconf 89' lang='lat' dir='ltr'><strong>corporalis</strong></span> <span class='ocrx_word' id='word_1_171' title='bbox 788 1315 974 1358; x_wconf 86' lang='lat' dir='ltr'><strong>defectus</strong></span> <span class='ocrx_word' id='word_1_172' title='bbox 1016 1317 1054 1358; x_wconf 92' lang='lat' dir='ltr'><strong>in</strong></span> <span class='ocrx_word' id='word_1_173' title='bbox 1099 1328 1195 1358; x_wconf 87' lang='lat' dir='ltr'><strong>casu</strong></span> <span class='ocrx_word' id='word_1_174' title='bbox 1229 1328 1309 1358; x_wconf 93' lang='lat' dir='ltr'><strong>non</strong></span> <span class='ocrx_word' id='word_1_175' title='bbox 1343 1317 1394 1358; x_wconf 89' lang='lat' dir='ltr'><strong>sit</strong></span> <span class='ocrx_word' id='word_1_176' title='bbox 1426 1314 1531 1358; x_wconf 90' lang='lat' dir='ltr'><strong>bene</strong></span> <span class='ocrx_word' id='word_1_177' title='bbox 1569 1318 1798 1370; x_wconf 80' lang='lat' dir='ltr'><strong>perspecta,</strong></span> 
     </span>
     <span class='ocr_line' id='line_1_20' title="bbox 170 1384 1800 1443; baseline -0.001 -15"><span class='ocrx_word' id='word_1_178' title='bbox 170 1391 268 1429; x_wconf 85' lang='lat' dir='ltr'><strong>tunc</strong></span> <span class='ocrx_word' id='word_1_179' title='bbox 302 1384 620 1428; x_wconf 71' lang='lat' dir='ltr'><strong>matrimonivm</strong></span> <span class='ocrx_word' id='word_1_180' title='bbox 655 1399 735 1428; x_wconf 68' lang='lat' dir='ltr'><strong>now</strong></span> <span class='ocrx_word' id='word_1_181' title='bbox 771 1391 832 1427; x_wconf 79' lang='lat' dir='ltr'><strong>est</strong></span> <span class='ocrx_word' id='word_1_182' title='bbox 865 1385 1190 1443; x_wconf 64' lang='lat' dir='ltr'><strong>impediemlwn,</strong></span> <span class='ocrx_word' id='word_1_183' title='bbox 1223 1399 1293 1428; x_wconf 84' lang='lat' dir='ltr'><strong>sen</strong></span> <span class='ocrx_word' id='word_1_184' title='bbox 1329 1386 1437 1442; x_wconf 88' lang='lat' dir='ltr'><strong>quod</strong></span> <span class='ocrx_word' id='word_1_185' title='bbox 1478 1385 1585 1429; x_wconf 88' lang='lat' dir='ltr'><strong>idem</strong></span> <span class='ocrx_word' id='word_1_186' title='bbox 1621 1390 1703 1428; x_wconf 89' lang='lat' dir='ltr'><strong>est:</strong></span> <span class='ocrx_word' id='word_1_187' title='bbox 1737 1386 1800 1427; x_wconf 91' lang='lat' dir='ltr'><strong>ius</strong></span> 
     </span>
     <span class='ocr_line' id='line_1_21' title="bbox 168 1455 1801 1512; baseline -0.002 -12"><span class='ocrx_word' id='word_1_188' title='bbox 168 1457 358 1500; x_wconf 88' lang='lat' dir='ltr'><strong>divinum</strong></span> <span class='ocrx_word' id='word_1_189' title='bbox 394 1469 474 1499; x_wconf 90' lang='lat' dir='ltr'><strong>non</strong></span> <span class='ocrx_word' id='word_1_190' title='bbox 510 1456 682 1512; x_wconf 88' lang='lat' dir='ltr'><strong>impedit</strong></span> <span class='ocrx_word' id='word_1_191' title='bbox 716 1455 869 1499; x_wconf 87' lang='lat' dir='ltr'><strong>licitam</strong></span> <span class='ocrx_word' id='word_1_192' title='bbox 906 1459 1157 1499; x_wconf 84' lang='lat' dir='ltr'><strong>matrimonii</strong></span> <span class='ocrx_word' id='word_1_193' title='bbox 1193 1456 1513 1500; x_wconf 80' lang='lat' dir='ltr'><strong>celebrationem</strong></span> <span class='ocrx_word' id='word_1_194' title='bbox 1549 1457 1801 1512; x_wconf 63' lang='lat' dir='ltr'><strong>eiusque&#39;in-</strong></span> 
     </span>
     <span class='ocr_line' id='line_1_22' title="bbox 173 1525 1803 1583; baseline -0.001 -13"><span class='ocrx_word' id='word_1_195' title='bbox 173 1527 410 1571; x_wconf 81' lang='lat' dir='ltr'><strong>tentandam</strong></span> <span class='ocrx_word' id='word_1_196' title='bbox 444 1529 845 1570; x_wconf 82' lang='lat' dir='ltr'><strong>consummationem</strong></span> <span class='ocrx_word' id='word_1_197' title='bbox 881 1540 929 1570; x_wconf 90' lang='lat' dir='ltr'><strong>ac</strong></span> <span class='ocrx_word' id='word_1_198' title='bbox 963 1541 1098 1581; x_wconf 70' lang='lat' dir='ltr'><strong>usum,</strong></span> <span class='ocrx_word' id='word_1_199' title='bbox 1132 1530 1229 1583; x_wconf 80' lang='lat' dir='ltr'><strong>quin</strong></span> <span class='ocrx_word' id='word_1_200' title='bbox 1265 1526 1396 1570; x_wconf 87' lang='lat' dir='ltr'><strong>obstet</strong></span> <span class='ocrx_word' id='word_1_201' title='bbox 1433 1528 1568 1570; x_wconf 84' lang='lat' dir='ltr'><strong>futura</strong></span> <span class='ocrx_word' id='word_1_202' title='bbox 1602 1525 1803 1569; x_wconf 89' lang='lat' dir='ltr'><strong>nullitatis</strong></span> 
     </span>
     <span class='ocr_line' id='line_1_23' title="bbox 172 1596 1796 1655; baseline -0.002 -14"><span class='ocrx_word' id='word_1_203' title='bbox 172 1599 422 1641; x_wconf 87' lang='lat' dir='ltr'><strong>matrimonii</strong></span> <span class='ocrx_word' id='word_1_204' title='bbox 457 1597 698 1649; x_wconf 82' lang='lat' dir='ltr'><strong>declaratio,</strong></span> <span class='ocrx_word' id='word_1_205' title='bbox 731 1601 762 1640; x_wconf 93' lang='lat' dir='ltr'><strong>si</strong></span> <span class='ocrx_word' id='word_1_206' title='bbox 799 1600 1068 1654; x_wconf 89' lang='lat' dir='ltr'><strong>impotentiae</strong></span> <span class='ocrx_word' id='word_1_207' title='bbox 1103 1598 1445 1655; x_wconf 83' lang='lat' dir='ltr'><strong>impedimentum</strong></span> <span class='ocrx_word' id='word_1_208' title='bbox 1473 1599 1511 1640; x_wconf 93' lang='lat' dir='ltr'><strong>in</strong></span> <span class='ocrx_word' id='word_1_209' title='bbox 1535 1600 1578 1651; x_wconf 53' lang='grc' dir='ltr'><strong>ἕο</strong></span> <span class='ocrx_word' id='word_1_210' title='bbox 1600 1597 1643 1639; x_wconf 82' lang='grc' dir='ltr'><strong>1ο</strong></span> <span class='ocrx_word' id='word_1_211' title='bbox 1668 1596 1796 1652; x_wconf 77' lang='lat' dir='ltr'><strong>expli-</strong></span> 
     </span>
     <span class='ocr_line' id='line_1_24' title="bbox 170 1667 1798 1725; baseline -0.002 -13"><span class='ocrx_word' id='word_1_212' title='bbox 170 1679 307 1712; x_wconf 87' lang='lat' dir='ltr'><strong>catum</strong></span> <span class='ocrx_word' id='word_1_213' title='bbox 343 1669 538 1711; x_wconf 85' lang='lat' dir='ltr'><strong>deveniat</strong></span> <span class='ocrx_word' id='word_1_214' title='bbox 571 1674 746 1711; x_wconf 86' lang='lat' dir='ltr'><strong>certum.</strong></span> <span class='ocrx_word' id='word_1_215' title='bbox 795 1668 901 1723; x_wconf 84' lang='lat' dir='ltr'><strong>Quia</strong></span> <span class='ocrx_word' id='word_1_216' title='bbox 956 1671 1221 1725; x_wconf 88' lang='lat' dir='ltr'><strong>impotentiae</strong></span> <span class='ocrx_word' id='word_1_217' title='bbox 1261 1671 1515 1725; x_wconf 88' lang='lat' dir='ltr'><strong>perpetuitas</strong></span> <span class='ocrx_word' id='word_1_218' title='bbox 1547 1673 1606 1711; x_wconf 91' lang='lat' dir='ltr'><strong>est</strong></span> <span class='ocrx_word' id='word_1_219' title='bbox 1638 1667 1686 1711; x_wconf 89' lang='lat' dir='ltr'><strong>ad</strong></span> <span class='ocrx_word' id='word_1_220' title='bbox 1724 1669 1798 1709; x_wconf 93' lang='lat' dir='ltr'><strong>im-</strong></span> 
     </span>
     <span class='ocr_line' id='line_1_25' title="bbox 169 1737 1799 1797; baseline -0.001 -15"><span class='ocrx_word' id='word_1_221' title='bbox 169 1739 453 1796; x_wconf 87' lang='lat' dir='ltr'><strong>pedimentum</strong></span> <span class='ocrx_word' id='word_1_222' title='bbox 489 1741 722 1782; x_wconf 86' lang='lat' dir='ltr'><strong>necessaria</strong></span> <span class='ocrx_word' id='word_1_223' title='bbox 758 1741 870 1782; x_wconf 82' lang='lat' dir='ltr'><strong>iuxta</strong></span> <span class='ocrx_word' id='word_1_224' title='bbox 904 1742 954 1795; x_wconf 56' lang='grc' dir='ltr'><strong>ξω</strong></span> <span class='ocrx_word' id='word_1_225' title='bbox 994 1740 1058 1794; x_wconf 69' lang='lat'>1¹¹¹,</span> <span class='ocrx_word' id='word_1_226' title='bbox 1093 1752 1200 1797; x_wconf 79' lang='lat' dir='ltr'><strong>quae</strong></span> <span class='ocrx_word' id='word_1_227' title='bbox 1234 1740 1343 1783; x_wconf 87' lang='lat' dir='ltr'><strong>dicta</strong></span> <span class='ocrx_word' id='word_1_228' title='bbox 1376 1744 1469 1782; x_wconf 87' lang='lat' dir='ltr'><strong>sunt</strong></span> <span class='ocrx_word' id='word_1_229' title='bbox 1503 1741 1541 1782; x_wconf 94' lang='lat' dir='ltr'><strong>in</strong></span> <span class='ocrx_word' id='word_1_230' title='bbox 1576 1738 1653 1782; x_wconf 90' lang='lat' dir='ltr'><strong>hoc</strong></span> <span class='ocrx_word' id='word_1_231' title='bbox 1675 1737 1721 1796; x_wconf 62' lang='lat'><strong>§⁰</strong></span> <span class='ocrx_word' id='word_1_232' title='bbox 1755 1738 1799 1781; x_wconf 61' lang='lat'><strong>2¹&gt;</strong></span> 
     </span>
     <span class='ocr_line' id='line_1_26' title="bbox 170 1808 1800 1866; baseline -0.001 -14"><span class='ocrx_word' id='word_1_233' title='bbox 170 1809 437 1865; x_wconf 81' lang='lat' dir='ltr'><strong>intelligenda</strong></span> <span class='ocrx_word' id='word_1_234' title='bbox 472 1814 593 1852; x_wconf 91' lang='lat' dir='ltr'><strong>erunt</strong></span> <span class='ocrx_word' id='word_1_235' title='bbox 626 1822 805 1866; x_wconf 70' lang='lat' dir='ltr'><strong>quoque,</strong></span> <span class='ocrx_word' id='word_1_236' title='bbox 839 1812 871 1852; x_wconf 93' lang='lat' dir='ltr'><strong>si</strong></span> <span class='ocrx_word' id='word_1_237' title='bbox 907 1809 1144 1853; x_wconf 88' lang='lat' dir='ltr'><strong>huiusmodi</strong></span> <span class='ocrx_word' id='word_1_238' title='bbox 1182 1810 1525 1866; x_wconf 87' lang='lat' dir='ltr'><strong>impedimentum</strong></span> <span class='ocrx_word' id='word_1_239' title='bbox 1553 1808 1725 1852; x_wconf 89' lang='lat' dir='ltr'><strong>dubium</strong></span> <span class='ocrx_word' id='word_1_240' title='bbox 1748 1810 1800 1851; x_wconf 91' lang='lat' dir='ltr'><strong>sit</strong></span> 
     </span>
     <span class='ocr_line' id='line_1_27' title="bbox 170 1878 1800 1936; baseline 0 -15"><span class='ocrx_word' id='word_1_241' title='bbox 170 1880 304 1936; x_wconf 81' lang='lat' dir='ltr'><strong>quoad</strong></span> <span class='ocrx_word' id='word_1_242' title='bbox 341 1881 658 1936; x_wconf 87' lang='lat' dir='ltr'><strong>perpetuitatem</strong></span> <span class='ocrx_word' id='word_1_243' title='bbox 707 1882 744 1922; x_wconf 94' lang='lat' dir='ltr'><strong>iu</strong></span> <span class='ocrx_word' id='word_1_244' title='bbox 780 1881 946 1924; x_wconf 85' lang='lat' dir='ltr'><strong>defectu</strong></span> <span class='ocrx_word' id='word_1_245' title='bbox 981 1881 1342 1924; x_wconf 84' lang='lat' dir='ltr'><strong>considerandam.</strong></span> <span class='ocrx_word' id='word_1_246' title='bbox 1376 1880 1454 1924; x_wconf 85' lang='lat' dir='ltr'><strong>Sed</strong></span> <span class='ocrx_word' id='word_1_247' title='bbox 1491 1879 1567 1923; x_wconf 87' lang='lat' dir='ltr'><strong>boc</strong></span> <span class='ocrx_word' id='word_1_248' title='bbox 1601 1882 1639 1922; x_wconf 94' lang='lat' dir='ltr'><strong>in</strong></span> <span class='ocrx_word' id='word_1_249' title='bbox 1674 1878 1800 1922; x_wconf 90' lang='lat' dir='ltr'><strong>dubio</strong></span> 
     </span>
    </p>
   </div>
   <div class='ocr_carea' id='block_1_5' title="bbox 171 1951 1835 2006">
    <p class='ocr_par' dir='ltr' id='par_1_5' title="bbox 171 1951 1835 2006">
     <span class='ocr_line' id='line_1_28' title="bbox 171 1951 1835 2006; baseline -0.001 -13"><span class='ocrx_word' id='word_1_250' title='bbox 171 1951 269 1993; x_wconf 88' lang='lat' dir='ltr'><strong>dum</strong></span> <span class='ocrx_word' id='word_1_251' title='bbox 305 1952 544 2006; x_wconf 87' lang='lat' dir='ltr'><strong>impotentia</strong></span> <span class='ocrx_word' id='word_1_252' title='bbox 570 1963 650 1993; x_wconf 92' lang='lat' dir='ltr'><strong>non</strong></span> <span class='ocrx_word' id='word_1_253' title='bbox 676 1955 979 2006; x_wconf 78' lang='lat' dir='ltr'><strong>removeretur,</strong></span> <span class='ocrx_word' id='word_1_254' title='bbox 1014 1953 1230 1994; x_wconf 86' lang='lat' dir='ltr'><strong>attentatio</strong></span> <span class='ocrx_word' id='word_1_255' title='bbox 1255 1951 1410 1994; x_wconf 87' lang='lat' dir='ltr'><strong>inutilis</strong></span> <span class='ocrx_word' id='word_1_256' title='bbox 1433 1951 1802 1994; x_wconf 88' lang='lat' dir='ltr'><strong>consummationis</strong></span> <span class='ocrx_word' id='word_1_257' title='bbox 1834 1957 1835 1961; x_wconf 77' lang='grc'>’</span> 
     </span>
    </p>
   </div>
   <div class='ocr_carea' id='block_1_6' title="bbox 172 2020 1802 2136">
    <p class='ocr_par' dir='ltr' id='par_1_6' title="bbox 172 2020 1802 2136">
     <span class='ocr_line' id='line_1_29' title="bbox 172 2020 1802 2078; baseline -0.001 -14"><span class='ocrx_word' id='word_1_258' title='bbox 172 2026 278 2064; x_wconf 86' lang='lat' dir='ltr'><strong>esset</strong></span> <span class='ocrx_word' id='word_1_259' title='bbox 312 2020 468 2075; x_wconf 79' lang='lat' dir='ltr'><strong>illicita,</strong></span> <span class='ocrx_word' id='word_1_260' title='bbox 502 2026 540 2063; x_wconf 87' lang='lat' dir='ltr'><strong>et</strong></span> <span class='ocrx_word' id='word_1_261' title='bbox 574 2026 742 2077; x_wconf 89' lang='lat' dir='ltr'><strong>propter</strong></span> <span class='ocrx_word' id='word_1_262' title='bbox 777 2021 1006 2078; x_wconf 89' lang='lat' dir='ltr'><strong>periculum</strong></span> <span class='ocrx_word' id='word_1_263' title='bbox 1049 2024 1371 2065; x_wconf 83' lang='lat' dir='ltr'><strong>incontinentiae</strong></span> <span class='ocrx_word' id='word_1_264' title='bbox 1406 2025 1444 2064; x_wconf 90' lang='lat' dir='ltr'><strong>in</strong></span> <span class='ocrx_word' id='word_1_265' title='bbox 1478 2024 1536 2064; x_wconf 82' lang='lat' dir='ltr'><strong>sic</strong></span> <span class='ocrx_word' id='word_1_266' title='bbox 1569 2022 1802 2077; x_wconf 86' lang='lat' dir='ltr'><strong>coniugatis</strong></span> 
     </span>
     <span class='ocr_line' id='line_1_30' title="bbox 175 2091 1105 2136; baseline -0.002 -1"><span class='ocrx_word' id='word_1_267' title='bbox 175 2096 281 2135; x_wconf 88' lang='lat' dir='ltr'><strong>esset</strong></span> <span class='ocrx_word' id='word_1_268' title='bbox 315 2093 566 2134; x_wconf 87' lang='lat' dir='ltr'><strong>matrimonii</strong></span> <span class='ocrx_word' id='word_1_269' title='bbox 602 2091 827 2135; x_wconf 86' lang='lat' dir='ltr'><strong>celebratio</strong></span> <span class='ocrx_word' id='word_1_270' title='bbox 861 2092 1105 2136; x_wconf 68' lang='lat' dir='ltr'><strong>differenda.</strong></span> 
     </span>
    </p>
   </div>
   <div class='ocr_carea' id='block_1_7' title="bbox 172 2185 1803 2820">
    <p class='ocr_par' dir='ltr' id='par_1_7' title="bbox 172 2185 1803 2820">
     <span class='ocr_line' id='line_1_31' title="bbox 294 2185 1800 2232; baseline 0 -13"><span class='ocrx_word' id='word_1_271' title='bbox 294 2185 450 2230; x_wconf 86' lang='lat' dir='ltr'><strong>Denique</strong></span> <span class='ocrx_word' id='word_1_272' title='bbox 475 2185 518 2220; x_wconf 90' lang='lat' dir='ltr'><strong>ad</strong></span> <span class='ocrx_word' id='word_1_273' title='bbox 546 2186 783 2231; x_wconf 82' lang='lat' dir='ltr'><strong>quaestionem</strong></span> <span class='ocrx_word' id='word_1_274' title='bbox 813 2191 930 2221; x_wconf 86' lang='lat' dir='ltr'><strong>utrum</strong></span> <span class='ocrx_word' id='word_1_275' title='bbox 958 2186 992 2220; x_wconf 91' lang='lat' dir='ltr'><strong>in</strong></span> <span class='ocrx_word' id='word_1_276' title='bbox 1022 2187 1127 2222; x_wconf 88' lang='lat' dir='ltr'><strong>dubio</strong></span> <span class='ocrx_word' id='word_1_277' title='bbox 1158 2187 1364 2232; x_wconf 87' lang='lat' dir='ltr'><strong>impotentia</strong></span> <span class='ocrx_word' id='word_1_278' title='bbox 1397 2191 1639 2232; x_wconf 84' lang='lat' dir='ltr'><strong>praesumatur</strong></span> <span class='ocrx_word' id='word_1_279' title='bbox 1664 2189 1800 2220; x_wconf 83' lang='lat' dir='ltr'><strong>antece-</strong></span> 
     </span>
     <span class='ocr_line' id='line_1_32' title="bbox 172 2243 1799 2292; baseline -0.001 -12"><span class='ocrx_word' id='word_1_280' title='bbox 172 2245 258 2280; x_wconf 89' lang='lat' dir='ltr'><strong>dens</strong></span> <span class='ocrx_word' id='word_1_281' title='bbox 278 2244 328 2279; x_wconf 91' lang='lat' dir='ltr'><strong>vel</strong></span> <span class='ocrx_word' id='word_1_282' title='bbox 348 2244 577 2290; x_wconf 88' lang='lat' dir='ltr'><strong>subsequens,</strong></span> <span class='ocrx_word' id='word_1_283' title='bbox 599 2243 770 2279; x_wconf 86' lang='lat' dir='ltr'><strong>Schmalz.</strong></span> <span class='ocrx_word' id='word_1_284' title='bbox 787 2245 905 2280; x_wconf 90' lang='lat' dir='ltr'><strong>relatis</strong></span> <span class='ocrx_word' id='word_1_285' title='bbox 924 2246 1031 2280; x_wconf 88' lang='lat' dir='ltr'><strong>variis</strong></span> <span class='ocrx_word' id='word_1_286' title='bbox 1049 2245 1232 2281; x_wconf 84' lang='lat' dir='ltr'><strong>sententiis</strong></span> <span class='ocrx_word' id='word_1_287' title='bbox 1248 2246 1396 2292; x_wconf 81' lang='lat' dir='ltr'><strong>praefert</strong></span> <span class='ocrx_word' id='word_1_288' title='bbox 1415 2246 1505 2281; x_wconf 85' lang='lat' dir='ltr'><strong>banc</strong></span> <span class='ocrx_word' id='word_1_289' title='bbox 1518 2244 1799 2280; x_wconf 86' lang='lat' dir='ltr'><strong>distinctionem:</strong></span> 
     </span>
     <span class='ocr_line' id='line_1_33' title="bbox 177 2302 1801 2350; baseline 0.001 -16"><span class='ocrx_word' id='word_1_290' title='bbox 177 2317 191 2335; x_wconf 85' lang='lat'>«</span> <span class='ocrx_word' id='word_1_291' title='bbox 212 2303 265 2338; x_wconf 87' lang='lat' dir='ltr'><strong>An</strong></span> <span class='ocrx_word' id='word_1_292' title='bbox 294 2303 461 2338; x_wconf 90' lang='lat' dir='ltr'><strong>eiusmodi</strong></span> <span class='ocrx_word' id='word_1_293' title='bbox 490 2303 636 2338; x_wconf 92' lang='lat' dir='ltr'><strong>dubium</strong></span> <span class='ocrx_word' id='word_1_294' title='bbox 675 2308 788 2339; x_wconf 90' lang='lat' dir='ltr'><strong>ortum</strong></span> <span class='ocrx_word' id='word_1_295' title='bbox 816 2304 859 2338; x_wconf 89' lang='lat' dir='ltr'><strong>sit</strong></span> <span class='ocrx_word' id='word_1_296' title='bbox 886 2305 1002 2339; x_wconf 88' lang='lat' dir='ltr'><strong>statim</strong></span> <span class='ocrx_word' id='word_1_297' title='bbox 1045 2309 1119 2350; x_wconf 87' lang='lat' dir='ltr'><strong>post</strong></span> <span class='ocrx_word' id='word_1_298' title='bbox 1156 2309 1372 2340; x_wconf 83' lang='lat' dir='ltr'><strong>contractum</strong></span> <span class='ocrx_word' id='word_1_299' title='bbox 1408 2303 1620 2340; x_wconf 87' lang='lat' dir='ltr'><strong>matrimonii</strong></span> <span class='ocrx_word' id='word_1_300' title='bbox 1648 2308 1681 2339; x_wconf 89' lang='lat' dir='ltr'><strong>et</strong></span> <span class='ocrx_word' id='word_1_301' title='bbox 1706 2302 1801 2337; x_wconf 88' lang='lat' dir='ltr'><strong>illius</strong></span> 
     </span>
     <span class='ocr_line' id='line_1_34' title="bbox 173 2360 1799 2409; baseline -0.001 -13"><span class='ocrx_word' id='word_1_302' title='bbox 173 2365 376 2397; x_wconf 88' lang='lat' dir='ltr'><strong>attentatam</strong></span> <span class='ocrx_word' id='word_1_303' title='bbox 404 2362 765 2400; x_wconf 72' lang='lat' dir='ltr'><strong>consummationem:</strong></span> <span class='ocrx_word' id='word_1_304' title='bbox 785 2373 830 2397; x_wconf 90' lang='lat' dir='ltr'><strong>an</strong></span> <span class='ocrx_word' id='word_1_305' title='bbox 857 2373 936 2398; x_wconf 77' lang='lat' dir='ltr'><strong>vero</strong></span> <span class='ocrx_word' id='word_1_306' title='bbox 965 2363 1116 2409; x_wconf 90' lang='lat' dir='ltr'><strong>primum</strong></span> <span class='ocrx_word' id='word_1_307' title='bbox 1143 2374 1182 2399; x_wconf 88' lang='lat' dir='ltr'><strong>ex</strong></span> <span class='ocrx_word' id='word_1_308' title='bbox 1209 2363 1392 2399; x_wconf 79' lang='lat' dir='ltr'><strong>intervallo</strong></span> <span class='ocrx_word' id='word_1_309' title='bbox 1410 2362 1576 2408; x_wconf 90' lang='lat' dir='ltr'><strong>temporis</strong></span> <span class='ocrx_word' id='word_1_310' title='bbox 1597 2360 1799 2408; x_wconf 89' lang='lat' dir='ltr'><strong>praesertim</strong></span> 
     </span>
     <span class='ocr_line' id='line_1_35' title="bbox 173 2419 1802 2468; baseline 0 -14"><span class='ocrx_word' id='word_1_311' title='bbox 173 2419 339 2455; x_wconf 87' lang='lat' dir='ltr'><strong>notabilis</strong></span> <span class='ocrx_word' id='word_1_312' title='bbox 373 2420 521 2455; x_wconf 89' lang='lat' dir='ltr'><strong>duorum</strong></span> <span class='ocrx_word' id='word_1_313' title='bbox 560 2421 612 2456; x_wconf 89' lang='lat' dir='ltr'><strong>vel</strong></span> <span class='ocrx_word' id='word_1_314' title='bbox 652 2421 804 2467; x_wconf 87' lang='lat' dir='ltr'><strong>plurium</strong></span> <span class='ocrx_word' id='word_1_315' title='bbox 843 2433 1029 2458; x_wconf 90' lang='lat' dir='ltr'><strong>annorum.</strong></span> <span class='ocrx_word' id='word_1_316' title='bbox 1069 2421 1103 2458; x_wconf 88' lang='lat' dir='ltr'><strong>Si</strong></span> <span class='ocrx_word' id='word_1_317' title='bbox 1132 2422 1298 2468; x_wconf 85' lang='lat' dir='ltr'><strong>primum,</strong></span> <span class='ocrx_word' id='word_1_318' title='bbox 1336 2422 1541 2468; x_wconf 88' lang='lat' dir='ltr'><strong>impotentia</strong></span> <span class='ocrx_word' id='word_1_319' title='bbox 1568 2419 1802 2467; x_wconf 87' lang='lat' dir='ltr'><strong>praesumitur</strong></span> 
     </span>
     <span class='ocr_line' id='line_1_36' title="bbox 173 2479 1801 2524; baseline 0.001 -12"><span class='ocrx_word' id='word_1_320' title='bbox 173 2479 403 2524; x_wconf 85' lang='lat' dir='ltr'><strong>praecessisse</strong></span> <span class='ocrx_word' id='word_1_321' title='bbox 429 2484 658 2524; x_wconf 83' lang='lat' dir='ltr'><strong>contractum,</strong></span> <span class='ocrx_word' id='word_1_322' title='bbox 689 2480 840 2516; x_wconf 84' lang='lat' dir='ltr'><strong>maxime</strong></span> <span class='ocrx_word' id='word_1_323' title='bbox 866 2481 892 2515; x_wconf 89' lang='lat' dir='ltr'><strong>si</strong></span> <span class='ocrx_word' id='word_1_324' title='bbox 920 2486 993 2516; x_wconf 89' lang='lat' dir='ltr'><strong>orta</strong></span> <span class='ocrx_word' id='word_1_325' title='bbox 1020 2481 1066 2516; x_wconf 88' lang='lat' dir='ltr'><strong>sit</strong></span> <span class='ocrx_word' id='word_1_326' title='bbox 1091 2492 1129 2516; x_wconf 85' lang='lat' dir='ltr'><strong>ex</strong></span> <span class='ocrx_word' id='word_1_327' title='bbox 1156 2482 1237 2517; x_wconf 91' lang='lat' dir='ltr'><strong>vitio</strong></span> <span class='ocrx_word' id='word_1_328' title='bbox 1266 2481 1415 2517; x_wconf 88' lang='lat' dir='ltr'><strong>naturali</strong></span> <span class='ocrx_word' id='word_1_329' title='bbox 1443 2485 1475 2516; x_wconf 89' lang='lat' dir='ltr'><strong>et</strong></span> <span class='ocrx_word' id='word_1_330' title='bbox 1501 2491 1571 2515; x_wconf 90' lang='lat' dir='ltr'><strong>non</strong></span> <span class='ocrx_word' id='word_1_331' title='bbox 1602 2479 1801 2515; x_wconf 87' lang='lat' dir='ltr'><strong>accidenta-</strong></span> 
     </span>
     <span class='ocr_line' id='line_1_37' title="bbox 174 2537 1800 2586; baseline 0 -15"><span class='ocrx_word' id='word_1_332' title='bbox 174 2537 271 2582; x_wconf 83' lang='lat' dir='ltr'><strong>liter;</strong></span> <span class='ocrx_word' id='word_1_333' title='bbox 300 2538 381 2583; x_wconf 89' lang='lat' dir='ltr'><strong>quia</strong></span> <span class='ocrx_word' id='word_1_334' title='bbox 406 2549 427 2572; x_wconf 86' lang='lat' dir='ltr'><strong>a</strong></span> <span class='ocrx_word' id='word_1_335' title='bbox 455 2539 619 2584; x_wconf 87' lang='lat' dir='ltr'><strong>potentia,</strong></span> <span class='ocrx_word' id='word_1_336' title='bbox 647 2550 751 2584; x_wconf 84' lang='lat' dir='ltr'><strong>quam</strong></span> <span class='ocrx_word' id='word_1_337' title='bbox 779 2540 881 2575; x_wconf 91' lang='lat' dir='ltr'><strong>homo</strong></span> <span class='ocrx_word' id='word_1_338' title='bbox 906 2551 926 2575; x_wconf 86' lang='lat' dir='ltr'><strong>a</strong></span> <span class='ocrx_word' id='word_1_339' title='bbox 954 2545 1079 2575; x_wconf 85' lang='lat' dir='ltr'><strong>natura</strong></span> <span class='ocrx_word' id='word_1_340' title='bbox 1106 2540 1221 2583; x_wconf 76' lang='lat' dir='ltr'><strong>habet⁷</strong></span> <span class='ocrx_word' id='word_1_341' title='bbox 1249 2541 1292 2576; x_wconf 87' lang='lat' dir='ltr'><strong>ad</strong></span> <span class='ocrx_word' id='word_1_342' title='bbox 1320 2540 1562 2586; x_wconf 86' lang='lat' dir='ltr'><strong>impotentiam</strong></span> <span class='ocrx_word' id='word_1_343' title='bbox 1593 2539 1676 2575; x_wconf 90' lang='lat' dir='ltr'><strong>adeo</strong></span> <span class='ocrx_word' id='word_1_344' title='bbox 1703 2537 1800 2573; x_wconf 89' lang='lat' dir='ltr'><strong>brevi</strong></span> 
     </span>
     <span class='ocr_line' id='line_1_38' title="bbox 172 2596 1801 2645; baseline 0 -15"><span class='ocrx_word' id='word_1_345' title='bbox 172 2599 326 2641; x_wconf 89' lang='lat' dir='ltr'><strong>tempore</strong></span> <span class='ocrx_word' id='word_1_346' title='bbox 353 2607 424 2631; x_wconf 89' lang='lat' dir='ltr'><strong>non</strong></span> <span class='ocrx_word' id='word_1_347' title='bbox 454 2597 687 2642; x_wconf 89' lang='lat' dir='ltr'><strong>praesumitur</strong></span> <span class='ocrx_word' id='word_1_348' title='bbox 713 2598 904 2634; x_wconf 88' lang='lat' dir='ltr'><strong>transiisse.</strong></span> <span class='ocrx_word' id='word_1_349' title='bbox 932 2597 966 2634; x_wconf 84' lang='lat' dir='ltr'><strong>Si</strong></span> <span class='ocrx_word' id='word_1_350' title='bbox 995 2599 1203 2643; x_wconf 80' lang='lat' dir='ltr'><strong>secundum,</strong></span> <span class='ocrx_word' id='word_1_351' title='bbox 1235 2599 1407 2645; x_wconf 82' lang='lat' dir='ltr'><strong>praesumi</strong></span> <span class='ocrx_word' id='word_1_352' title='bbox 1439 2599 1540 2634; x_wconf 92' lang='lat' dir='ltr'><strong>debet</strong></span> <span class='ocrx_word' id='word_1_353' title='bbox 1559 2596 1801 2643; x_wconf 85' lang='lat' dir='ltr'><strong>supervenisse</strong></span> 
     </span>
     <span class='ocr_line' id='line_1_39' title="bbox 173 2654 1797 2703; baseline 0 -15"><span class='ocrx_word' id='word_1_354' title='bbox 173 2654 397 2689; x_wconf 87' lang='lat' dir='ltr'><strong>matrimonio</strong></span> <span class='ocrx_word' id='word_1_355' title='bbox 426 2655 493 2690; x_wconf 90' lang='lat' dir='ltr'><strong>iam</strong></span> <span class='ocrx_word' id='word_1_356' title='bbox 522 2661 711 2697; x_wconf 86' lang='lat' dir='ltr'><strong>contracto,</strong></span> <span class='ocrx_word' id='word_1_357' title='bbox 751 2667 790 2692; x_wconf 78' lang='lat' dir='ltr'><strong>ex</strong></span> <span class='ocrx_word' id='word_1_358' title='bbox 829 2657 949 2702; x_wconf 80' lang='lat' dir='ltr'><strong>regula</strong></span> <span class='ocrx_word' id='word_1_359' title='bbox 984 2658 1152 2702; x_wconf 87' lang='lat' dir='ltr'><strong>generali,</strong></span> <span class='ocrx_word' id='word_1_360' title='bbox 1194 2658 1373 2695; x_wconf 83' lang='lat' dir='ltr'><strong>videlicet:</strong></span> <span class='ocrx_word' id='word_1_361' title='bbox 1415 2657 1497 2703; x_wconf 88' lang='lat' dir='ltr'><strong>quia</strong></span> <span class='ocrx_word' id='word_1_362' title='bbox 1529 2656 1676 2703; x_wconf 86' lang='lat' dir='ltr'><strong>quilibet</strong></span> <span class='ocrx_word' id='word_1_363' title='bbox 1701 2655 1797 2690; x_wconf 84' lang='lat' dir='ltr'><strong>nasci</strong></span> 
     </span>
     <span class='ocr_line' id='line_1_40' title="bbox 174 2709 1803 2761; baseline 0.001 -15"><span class='ocrx_word' id='word_1_364' title='bbox 174 2712 408 2758; x_wconf 89' lang='lat' dir='ltr'><strong>praesumitur</strong></span> <span class='ocrx_word' id='word_1_365' title='bbox 434 2724 512 2748; x_wconf 88' lang='lat' dir='ltr'><strong>cum</strong></span> <span class='ocrx_word' id='word_1_366' title='bbox 542 2714 583 2747; x_wconf 89' lang='lat' dir='ltr'><strong>iis</strong></span> <span class='ocrx_word' id='word_1_367' title='bbox 609 2715 849 2759; x_wconf 77' lang='lat' dir='ltr'><strong>qualitatibus,</strong></span> <span class='ocrx_word' id='word_1_368' title='bbox 879 2726 966 2761; x_wconf 87' lang='lat' dir='ltr'><strong>quae</strong></span> <span class='ocrx_word' id='word_1_369' title='bbox 992 2727 1011 2751; x_wconf 87' lang='lat' dir='ltr'><strong>a</strong></span> <span class='ocrx_word' id='word_1_370' title='bbox 1038 2720 1164 2751; x_wconf 82' lang='lat' dir='ltr'><strong>natura</strong></span> <span class='ocrx_word' id='word_1_371' title='bbox 1182 2709 1353 2752; x_wconf 83' lang='lat' dir='ltr'><strong>debentur</strong></span> <span class='ocrx_word' id='word_1_372' title='bbox 1373 2716 1521 2759; x_wconf 85' lang='lat' dir='ltr'><strong>homini,</strong></span> <span class='ocrx_word' id='word_1_373' title='bbox 1542 2715 1608 2749; x_wconf 91' lang='lat' dir='ltr'><strong>nisi</strong></span> <span class='ocrx_word' id='word_1_374' title='bbox 1638 2713 1803 2760; x_wconf 89' lang='lat' dir='ltr'><strong>probetur</strong></span> 
     </span>
     <span class='ocr_line' id='line_1_41' title="bbox 174 2769 1802 2820; baseline 0.001 -16"><span class='ocrx_word' id='word_1_375' title='bbox 174 2771 410 2815; x_wconf 86' lang='lat' dir='ltr'><strong>contrarium;</strong></span> <span class='ocrx_word' id='word_1_376' title='bbox 440 2772 618 2808; x_wconf 82' lang='lat' dir='ltr'><strong>incumbet</strong></span> <span class='ocrx_word' id='word_1_377' title='bbox 651 2783 731 2817; x_wconf 87' lang='lat' dir='ltr'><strong>ergo</strong></span> <span class='ocrx_word' id='word_1_378' title='bbox 756 2784 845 2808; x_wconf 91' lang='lat' dir='ltr'><strong>onus</strong></span> <span class='ocrx_word' id='word_1_379' title='bbox 872 2773 1041 2819; x_wconf 89' lang='lat' dir='ltr'><strong>probandi</strong></span> <span class='ocrx_word' id='word_1_380' title='bbox 1080 2769 1248 2810; x_wconf 86' lang='lat' dir='ltr'><strong>as&#39;serenti</strong></span> <span class='ocrx_word' id='word_1_381' title='bbox 1276 2774 1366 2820; x_wconf 91' lang='lat' dir='ltr'><strong>quod</strong></span> <span class='ocrx_word' id='word_1_382' title='bbox 1403 2775 1466 2809; x_wconf 88' lang='lat' dir='ltr'><strong>boc</strong></span> <span class='ocrx_word' id='word_1_383' title='bbox 1496 2784 1575 2808; x_wconf 82' lang='lat' dir='ltr'><strong>cusu</strong></span> <span class='ocrx_word' id='word_1_384' title='bbox 1596 2770 1802 2818; x_wconf 83' lang='lat' dir='ltr'><strong>impotentia</strong></span> 
     </span>
    </p>
   </div>
   <div class='ocr_carea' id='block_1_8' title="bbox 175 2830 1802 2933">
    <p class='ocr_par' dir='ltr' id='par_1_8' title="bbox 175 2830 1802 2933">
     <span class='ocr_line' id='line_1_42' title="bbox 175 2830 1802 2881; baseline 0 -18"><span class='ocrx_word' id='word_1_385' title='bbox 175 2830 400 2881; x_wconf 78' lang='lat' dir='ltr'><strong>praecesserit</strong></span> <span class='ocrx_word' id='word_1_386' title='bbox 429 2831 741 2866; x_wconf 76' lang='lat' dir='ltr'><strong>matrimonium».</strong></span> <span class='ocrx_word' id='word_1_387' title='bbox 771 2831 862 2867; x_wconf 84' lang='lat' dir='ltr'><strong>Haec</strong></span> <span class='ocrx_word' id='word_1_388' title='bbox 888 2832 1045 2867; x_wconf 86' lang='lat' dir='ltr'><strong>doctrina</strong></span> <span class='ocrx_word' id='word_1_389' title='bbox 1072 2833 1261 2868; x_wconf 82' lang='lat' dir='ltr'><strong>conformis</strong></span> <span class='ocrx_word' id='word_1_390' title='bbox 1287 2838 1338 2868; x_wconf 89' lang='lat' dir='ltr'><strong>est</strong></span> <span class='ocrx_word' id='word_1_391' title='bbox 1365 2844 1391 2868; x_wconf 85' lang='lat' dir='ltr'><strong>c.</strong></span> <span class='ocrx_word' id='word_1_392' title='bbox 1422 2832 1435 2867; x_wconf 87' lang='lat' dir='ltr'><strong>l</strong></span> <span class='ocrx_word' id='word_1_393' title='bbox 1466 2832 1520 2867; x_wconf 88' lang='lat' dir='ltr'><strong>tit.</strong></span> <span class='ocrx_word' id='word_1_394' title='bbox 1549 2832 1590 2867; x_wconf 86' lang='lat' dir='ltr'><strong>de</strong></span> <span class='ocrx_word' id='word_1_395' title='bbox 1618 2830 1752 2876; x_wconf 78' lang='lat' dir='ltr'><strong>frigidis</strong></span> <span class='ocrx_word' id='word_1_396' title='bbox 1769 2833 1802 2864; x_wconf 85' lang='lat' dir='ltr'><strong>et</strong></span> 
     </span>
     <span class='ocr_line' id='line_1_43' title="bbox 177 2888 594 2933; baseline 0.005 -11"><span class='ocrx_word' id='word_1_397' title='bbox 177 2888 394 2924; x_wconf 82' lang='lat' dir='ltr'><strong>maleficiatis</strong></span> <span class='ocrx_word' id='word_1_398' title='bbox 420 2889 492 2933; x_wconf 66' lang='lat' dir='ltr'><strong>(lv,</strong></span> <span class='ocrx_word' id='word_1_399' title='bbox 527 2889 594 2931; x_wconf 82' lang='lat'><strong>15).</strong></span> 
     </span>
    </p>
   </div>
   <div class='ocr_carea' id='block_1_9' title="bbox 1876 0 1971 1543">
    <p class='ocr_par' dir='ltr' id='par_1_9' title="bbox 1876 0 1971 1543">
     <span class='ocr_line' id='line_1_44' title="bbox 1876 0 1971 1543; baseline 0 0"><span class='ocrx_word' id='word_1_400' title='bbox 1876 0 1971 1543; x_wconf 95' lang='lat' dir='ltr'><strong> </strong></span> 
     </span>
    </p>
   </div>
   <div class='ocr_carea' id='block_1_10' title="bbox 1914 2505 1971 2935">
    <p class='ocr_par' dir='ltr' id='par_1_10' title="bbox 1914 2505 1971 2935">
     <span class='ocr_line' id='line_1_45' title="bbox 1914 2505 1971 2935; baseline 0 326"><span class='ocrx_word' id='word_1_401' title='bbox 1914 2505 1971 2935; x_wconf 95' lang='lat' dir='ltr'><strong> </strong></span> 
     </span>
    </p>
   </div>
   <div class='ocr_carea' id='block_1_11' title="bbox 1908 2902 1953 3261">
    <p class='ocr_par' dir='ltr' id='par_1_11' title="bbox 1908 2902 1953 3261">
     <span class='ocr_line' id='line_1_46' title="bbox 1908 2902 1953 3261; textangle 90"><span class='ocrx_word' id='word_1_402' title='bbox 1908 2990 1953 3261; x_wconf 42' lang='lat' dir='ltr'><strong>maner-&#39;2</strong></span> <span class='ocrx_word' id='word_1_403' title='bbox 1919 2952 1925 2958; x_wconf 92' lang='lat'>·</span> <span class='ocrx_word' id='word_1_404' title='bbox 1919 2925 1922 2927; x_wconf 94' lang='lat'>·</span> <span class='ocrx_word' id='word_1_405' title='bbox 1919 2902 1922 2904; x_wconf 58' lang='lat'>&lt;</span> 
     </span>
    </p>
   </div>
  </div>
 </body>
</html>
