1971 3261
144 145 234 182 Gan.
262 145 332 180 947

621 146 704 179 Ti'r.
731 146 776 179 V.
805 166 815 171 -
840 146 897 181 De
922 150 1094 181 ‹uz-trema
1125 150 1303 182 unctione

1698 148 1765 182 351

143 266 373 322 quaesitum
409 264 542 311 suerit,
579 268 621 307 ut
655 266 771 307 unica
807 264 1156 308 determinaretur
1190 267 1364 309 termula
1401 266 1540 310 brevis
1575 269 1611 309 in
1637 267 1765 310 admi-

143 337 383 378 nistratione
400 336 656 379 Sacramenti
676 334 896 378 Extremae
916 334 1127 379 Unctionis
1151 339 1187 379 in
1213 350 1308 380 casu
1335 340 1478 380 mortis
1503 340 1767 385 imminentis,

143 405 277 449 Emmi
313 405 452 449 Patres
482 406 785 449 decreverunt:
822 405 860 447 ln
897 419 991 449 casu
1034 406 1300 464 (notandum)
1346 421 1469 451 verae
1509 411 1773 452 necessitatis

143 476 334 520 sufficere
368 477 567 520 formam:
606 477 680 519 l'er
713 479 829 519 istam
864 482 1047 520 sanctam
1085 481 1319 521 unctionem
1357 479 1566 536 indulgeat
1593 480 1663 523 tibi
1690 479 1768 522 Do·

145 549 280 590 minus
312 547 514 604 quidquid
564 547 786 604 deliquisti.
824 547 1013 590 Amen».
1067 548 1193 603 igitur
1241 551 1447 605 supertlua
1497 555 1589 593 suni
1643 550 1766 594 verba

142 630 286 661 sensus
317 620 501 675 quinque
534 618 806 674 designantia,
835 632 940 675 quae
974 618 1206 662 adhibenda
1232 634 1320 663 esse
1345 620 1591 677 quibusdam
1618 622 1771 665 Aucto-

146 687 258 731 ribus
294 687 459 744 placuit,
486 702 577 731 nam
617 688 738 731 neom.
774 688 873 731 illud
910 689 1002 731 Pius
1039 688 1067 731 Χ
1105 689 1366 745 approbarit.

262 758 453 802 Attamen
489 762 584 817 quia
623 772 718 802 vera
760 762 983 803 necessitas
1030 765 1088 802 est
1139 761 1358 803 indicanda
1408 761 1540 805 t'allaci
1591 762 1768 805 hominis

142 831 459 884 existimatione,
508 835 703 888 certeque
752 829 908 887 absque
954 830 1173 886 scrupulis,
1222 831 1486 887 subiungitur
1521 835 1556 875 in
1591 846 1768 876 canone:

142 900 261 943 salva
294 900 550 957 obliqalione
585 915 657 957 per
690 901 799 945 hunc
833 914 1032 945 canonem
1068 903 1312 945 contirmata
1339 903 1530 958 sin-(sedas
1556 904 1769 947 unctiones

145 972 350 1026 praefatas
374 973 411 1014 in
439 971 513 1015 boc
548 974 590 1026 §⁰
624 971 863 1030 supplendi,
897 978 1086 1015 cessante
1110 973 1319 1030 periculo,
1355 974 1644 1031 undecumque
1669 974 1768 1017 liacc

142 1044 316 1085 cessatio
336 1045 578 1099 proveniat;
600 1046 680 1086 imo
700 1043 898 1098 «deinde,
920 1048 1008 1100 post
1026 1046 1209 1100 quinque
1233 1043 1293 1087 vel
1315 1058 1385 1087 sex·
1413 1048 1683 1098 unctiones,si
1704 1046 1771 1088 ad-

144 1112 223 1156 huc
246 1116 510 1170 supervivat„
532 1115 723 1158 dicantur
746 1112 969 1159 Orationes
994 1117 1323 1171 praetermissae,
1345 1129 1418 1158 sno
1439 1115 1526 1158 loco
1553 1119 1705 1172 positae
1730 1132 1769 1160 ›>.

261 1218 307 1255 De
333 1219 436 1255 huius
464 1222 493 1262 §³
519 1220 672 1265 generali
702 1232 825 1256 norma
852 1220 1046 1265 intelligere
1072 1225 1207 1267 oportet
1236 1219 1355 1256 Conci.
1394 1220 1500 1256 Tridi.
1539 1222 1769 1266 dogmaticam

142 1277 381 1313 definitionem
399 1280 427 1313 ¹:
457 1292 476 1312 «
496 1278 529 1313 Si
558 1280 636 1325 quis
662 1280 802 1320 dixerit,
830 1285 1004 1315 extremae
1033 1280 1211 1314 unctionis
1238 1280 1357 1320 ritum,
1386 1284 1419 1314 et
1447 1292 1557 1320 usum,
1586 1281 1675 1326 qnod
1714 1280 1771 1315 ob-

142 1342 256 1372 servat
281 1342 402 1372 sancta
424 1337 579 1373 Romana
599 1338 762 1382 Ecclesia,
781 1349 976 1385 repugnare
992 1339 1188 1373 sententiae
1205 1339 1294 1374 beati
1313 1338 1422 1373 lacobi
1442 1339 1607 1384 Apostoli,
1632 1339 1773 1384 ideoque

141 1407 220 1432 eum
249 1396 520 1438 mutandum‚...
549 1397 738 1432 anatliema
765 1397 809 1431 sit
826 1410 859 1431 ».
889 1397 997 1433 Cuius
1022 1397 1241 1433 definitionis
1267 1403 1299 1433 et
1327 1398 1429 1433 buius
1448 1398 1592 1434 canonis
1613 1399 1773 1444 praescri-

143 1459 279 1501 ptorum
307 1455 574 1491 convenientem
602 1456 774 1491 rationem
803 1457 960 1502 excipere
989 1468 1175 1503 possumus
1209 1468 1229 1492 a
1270 1457 1307 1491 D.
1348 1456 1447 1492 Ti1.2.
1491 1457 1619 1492 Revera
1654 1457 1773 1492 beatus

142 1514 283 1550 lacobus
321 1515 369 1550 ait
406 1515 642 1550 solummodo:
670 1522 826 1561 imqentes
853 1528 925 1551 eum
952 1516 1021 1551 oleo
1048 1516 1083 1551 in
1109 1517 1240 1551 nomine
1267 1515 1417 1558 Domini,
1447 1517 1504 1552 sed
1537 1532 1550 1549 «
1571 1517 1633 1552 boc
1659 1527 1774 1551 sacra-

142 1577 299 1609 mentum
328 1585 387 1620 per
414 1574 553 1609 modum
581 1575 774 1610 curationis
800 1575 996 1610 exhibetur.
1027 1574 1169 1611 Curatio
1195 1580 1312 1611 autem
1340 1576 1532 1621 corporalis
1552 1588 1621 1611 non
1641 1580 1773 1621 oportet

141 1634 231 1679 quod
261 1633 319 1668 fiat
348 1645 406 1680 per
433 1634 643 1669 medicinam
670 1639 739 1669 toto
765 1635 898 1680 corpori
927 1635 1132 1681 appositam,
1162 1636 1221 1670 sed
1250 1635 1319 1669 illis
1348 1635 1503 1680 partibus
1531 1635 1587 1670 ubi
1607 1641 1658 1670 est
1676 1635 1773 1670 radix

142 1692 266 1727 morbi.
297 1691 335 1726 Et
361 1692 436 1727 ideo
462 1692 567 1727 etiam
595 1693 715 1728 unctio
741 1693 1009 1728 sacramentalis
1036 1693 1137 1728 debet
1167 1693 1238 1729 fieri
1268 1693 1302 1727 in
1332 1693 1401 1727 illis
1439 1693 1596 1739 partibus
1636 1698 1771 1728 tantum

142 1751 176 1785 in
205 1751 332 1796 quibus
357 1755 407 1787 est
433 1751 530 1786 radix
558 1751 750 1797 spiritualis
778 1752 994 1787 infirmitatis
1011 1765 1044 1786 >›.

259 1810 360 1845 Porro
391 1810 596 1856 «principia
624 1810 789 1856 peccandi
819 1812 852 1845 in
882 1811 983 1846 nobis
1009 1816 1091 1846 sunt
1113 1811 1248 1856 eadem,
1278 1822 1366 1857 quae
1392 1816 1424 1847 et
1445 1811 1616 1857 principia
1633 1812 1777 1855 agendi,

141 1869 224 1915 quia
250 1874 429 1916 peccatum
457 1870 616 1905 consistit
643 1870 677 1904 in
707 1875 799 1906 actu.
831 1870 1007 1917 Principia
1032 1875 1148 1906 autem
1186 1871 1310 1915 agendi
1352 1871 1386 1904 in
1430 1870 1529 1905 nobis
1563 1877 1646 1905 sunt
1684 1870 1770 1905 tria:

142 1928 295 1974 primum
321 1934 372 1964 est
398 1929 566 1974 dirigens,
594 1930 728 1965 scilicet
755 1931 806 1964 vis
832 1930 1089 1975 cognoscitiva3
1119 1931 1311 1965 secundum
1339 1936 1389 1965 est
1417 1930 1607 1976 imperans,
1644 1930 1774 1965 scilicet

143 1989 195 2022 vis
219 1988 429 2035 appetitiva;
456 1989 597 2025 tertium
624 1995 675 2025 est
701 2000 890 2036 exequens,
918 1990 1049 2026 scilicet
1077 1990 1128 2024 vis
1154 1990 1294 2025 motiva.
1332 1988 1459 2025 Omnis
1498 1995 1612 2025 autem
1654 1994 1773 2024 nostra

141 2048 294 2093 cognitio
320 2060 339 2083 a
365 2059 470 2083 sensu
498 2054 611 2084 ortum
641 2049 756 2084 habet.
788 2049 827 2084 Et
853 2050 936 2095 quia
964 2049 1020 2084 ubi
1050 2055 1100 2084 est
1126 2049 1161 2083 in
1189 2049 1289 2084 nobis
1317 2050 1429 2094 prima
1447 2049 1542 2093 origo
1563 2049 1704 2095 peccati,
1726 2048 1771 2083 ibi

142 2106 242 2142 debet
269 2107 443 2143 medicina
469 2108 648 2149 adhiberi;
678 2109 754 2144 ideo
781 2110 1004 2153 inunguntur
1030 2109 1103 2144 loca
1129 2109 1286 2154 quinque
1312 2119 1496 2149 sensuum3
1523 2108 1654 2143 scilicet
1683 2107 1772 2143 oculi

143 2171 282 2212 propter
308 2167 436 2208 visum,
465 2178 566 2202 aures
595 2172 733 2213 propter
757 2168 930 2209 auditum,
960 2179 1063 2203 nares
1094 2173 1233 2213 propter
1259 2168 1457 2209 odoratum,
1483 2179 1519 2202 os
1547 2172 1684 2213 propter
1717 2179 1776 2212 gu-

142 2230 248 2266 stum,
277 2237 404 2262 manns
434 2231 572 2272 propter
597 2232 742 2263 tactum.
773 2227 829 2273 qui
860 2228 894 2262 in
918 2227 1033 2273 pulpis
1051 2227 1237 2272 digitorum
1259 2227 1441 2273 praecipue
1461 2227 1563 2272 viget,
1584 2231 1616 2262 et
1638 2231 1776 2272 propter

141 2285 369 2331 appetitivam
398 2286 624 2330 inunguntur
650 2277 974 2332 aliquibus'renes3
1003 2287 1104 2333 pedes
1130 2291 1245 2321 autem
1274 2287 1497 2331 inunguntur
1529 2290 1665 2332 propter
1703 2297 1772 2321 mo-

142 2343 264 2387 tivam,
294 2344 353 2391 qui
384 2350 466 2380 sunt
494 2345 725 2392 principalius
751 2346 826 2382 eius
852 2346 1140 2381 instrumentum.
1178 2345 1217 2380 Et
1257 2346 1340 2391 quia
1371 2345 1521 2391 primum
1561 2345 1772 2391 principium

143 2404 356 2450 operationis
382 2404 560 2440 humanae
588 2409 639 2440 est
665 2405 912 2450 cognoscitiva,
942 2406 1016 2440 ideo
1045 2405 1102 2440 illa
1137 2405 1254 2439 unctio
1291 2404 1333 2438 ab
1372 2404 1536 2440 omnibus
1573 2404 1776 2440 observatur

142 2473 232 2509 quae
259 2463 295 2497 fit
320 2463 364 2498 ad
391 2463 548 2509 quinque
575 2475 712 2505 sensus
739 2465 837 2510 quasi
867 2465 908 2500 de
936 2464 1140 2499 necessitate
1167 2464 1396 2505 sacramenti;
1435 2463 1493 2499 sed
1532 2463 1671 2509 quidam
1704 2474 1773 2499 non

143 2526 284 2557 servant
309 2522 419 2566 alias;
449 2522 592 2568 quidam
615 2534 694 2558 vero
712 2523 808 2559 illam
836 2528 988 2564 servant,
1010 2534 1098 2568 quae
1119 2522 1155 2557 fit
1174 2523 1215 2557 ad
1234 2523 1345 2568 pedes,
1361 2527 1394 2558 et
1408 2533 1476 2557 non
1493 2533 1582 2568 quae
1595 2523 1637 2557 ad
1659 2534 1772 2558 renes:

143 2581 225 2626 quia
243 2581 435 2627 appetitiva
454 2587 487 2617 et
508 2583 636 2618 motiva
654 2588 736 2618 sunt
762 2582 969 2618 secundaria
998 2582 1169 2628 principia
1186 2596 1216 2615 ».

261 2675 348 2719 Non
385 2690 563 2734 semper.
600 2683 701 2721 teste
734 2680 795 2721 sui
842 2679 1039 2733 temporis
1075 2676 1118 2720 D.
1154 2675 1322 2728 Tlioma,
1356 2676 1566 2720 adhibitae
1610 2679 1772 2720 suerunt

145 2759 289 2789 renum
328 2751 368 2790 et
401 2747 551 2804 pedum
587 2750 820 2792 unctiones.
864 2747 989 2790 Recte
1039 2749 1164 2803 igitur
1212 2760 1342 2791 canon
1391 2747 1603 2791 subiunxit
1645 2748 1702 2806 ἐξ
1751 2748 1775 2790 2

263 2899 274 2921 1
302 2899 420 2935 Sess..
449 2900 557 2941 XIV,
584 2912 667 2935 ean.
697 2900 731 2936 3.
760 2920 802 2925 -
838 2900 851 2922 ‘2
879 2899 1011 2944 Suppl.
1039 2912 1075 2944 q.
1103 2899 1276 2943 XXXII,
1304 2912 1363 2935 aa.
1393 2901 1413 2934 5
1440 2904 1480 2934 et
1505 2901 1538 2935 6.
