1971 3261
236 205 302 239 134
633 203 716 237 Lrss.
743 202 813 236 ΙΙΙ.
840 221 851 228 -
879 201 989 234 PARS
1018 203 1044 235 Ι.
1070 220 1082 226 -
1109 201 1166 235 De
1190 201 1457 236 Sam-amentis

1672 201 1766 236 Can.
1793 201 1863 236 820

393 392 489 434 Aar.
518 390 578 432 lll.
619 415 666 419 --
704 388 760 431 De
800 387 996 445 Tempore
1029 393 1068 430 et
1101 387 1188 430 loco
1224 387 1385 431 Missae
1417 388 1702 432 celebrandae.

278 520 361 555 CAN.
384 517 464 553 8¹20.
489 539 504 543 —
527 518 650 552 Missae
671 516 881 551 sacrificium
901 516 1010 551 omni-

233 568 296 602 bus
322 567 444 601 diebus
471 565 634 600 celebrari
666 568 785 607 potest,
799 564 950 609 exceptis
968 563 1010 598 iis

231 615 287 660 qui
310 614 446 660 proprio
467 612 654 647 sacerdotis
673 612 741 646 ritu
759 611 1008 646 excluduntur.

278 660 362 696 CAN.
401 660 481 694 821.
513 680 528 684 -
565 663 584 701 ἓ
615 659 644 692 l.
679 658 804 694 Missae
830 657 1010 693 celebran-

231 709 294 743 dae
321 708 461 742 initium
501 718 543 741 ne
584 706 641 740 fiat
681 706 784 740 citius
810 716 916 751 quam
943 716 1011 741 una

233 756 314 791 liora
334 760 415 789 ante
433 764 594 789 auroram
614 752 665 788 vel
686 753 796 788 serius
814 764 920 798 quam
940 764 1011 788 una

234 803 315 838 hora
345 807 417 847 post
437 801 631 835 meridiem.

279 854 297 895 ξ
324 849 355 885 ’2.
383 849 418 883 in
446 853 546 883 nocte
573 847 771 882 Nativitatis
793 846 929 882 Domini
958 847 1010 881 in-

232 897 347 932 choari
378 895 490 931 media
518 899 616 930 nocte
649 899 757 940 potest
795 894 867 929 sola
905 893 1012 929 Missa

232 942 473 979 conventualis
500 943 551 978 vel
579 941 794 988 paroecialiS,
809 952 879 976 non
894 947 1010 977 autem

232 991 300 1026 alia
326 991 401 1026 sine
427 989 615 1036 apostolico
641 989 788 1024 indulto.

280 1042 298 1084 ξ
326 1037 357 1073 3.
376 1037 412 1072 ln
433 1037 599 1073 omnibus
617 1041 735 1072 tamen
754 1036 924 1081 religiosis
951 1046 1010 1070 seu

235 1085 299 1131 piis
317 1085 478 1120 domibus
496 1084 686 1120 oratorium
707 1083 917 1119 habentibus
931 1094 1010 1118 cum

235 1133 396 1168 facultate
411 1132 669 1167 sanctissimam
687 1130 939 1166 Eucharistiam
956 1130 1012 1165 ha-

233 1180 409 1215 bitualiter
434 1179 649 1220 asservandi,
677 1183 776 1213 nocte
815 1177 1011 1213 Nativitatis

236 1227 386 1267 Domini,
429 1238 521 1262 unus
559 1226 718 1261 sacerdos
760 1230 828 1260 tres
870 1225 1013 1260 rituales

232 1274 354 1310 Missas
390 1274 455 1317 vel,
496 1274 640 1309 servatis
680 1273 874 1313 servandis,
904 1283 1011 1307 unam

233 1327 370 1357 tantum
397 1332 486 1367 quae
520 1320 741 1356 adstantibus
780 1320 944 1355 omnibus
969 1319 1012 1354 ad

235 1369 404 1415 praecepti
432 1379 569 1414 quoque
595 1367 868 1403 satisfactionem
885 1367 1010 1407 valeat,

233 1417 406 1452 celebrare
433 1421 544 1462 potest
562 1420 595 1451 et
613 1420 769 1450 sanctam
797 1414 1013 1450 communio-

233 1475 313 1500 nem
342 1464 540 1509 petentibus
567 1462 781 1497 ministrare.

281 1510 360 1547 CAN.
391 1509 471 1545 822.
497 1532 512 1535 -
541 1515 560 1552 ξ
596 1510 624 1544 i.
662 1509 767 1544 Missa
804 1508 1014 1544 celebranda

233 1563 283 1593 est
310 1569 413 1604 super
438 1558 547 1593 altare
573 1562 814 1592 consecratum
841 1561 873 1592 et
900 1557 935 1590 in
964 1567 1013 1591 ec-

233 1606 337 1641 clesia
357 1606 405 1640 rel
427 1605 574 1640 oratorio
589 1609 788 1640 consecrato
802 1609 862 1639 aut
876 1603 1015 1639 benedi·

235 1657 286 1688 cto
312 1653 358 1734 ad1
372 1664 543 1734 ¹pssrmam
571 1652 669 1696 iuris,
687 1652 781 1687 salvo
801 1651 1013 1697 praescripto

234 1711 311 1735 can.
393 1725 397 1732 .
422 1713 446 1734 ).

1131 520 1150 558 ξ
1177 515 1210 550 ⁶2.
1231 516 1453 562 privilegium
1472 517 1594 553 altaris
1616 518 1792 565 portatilis
1811 518 1863 554 vel

1085 563 1158 599 iure
1184 563 1236 599 vel
1264 564 1399 599 indulto
1425 563 1524 600 Sedis
1554 570 1691 600 tantum
1720 566 1863 612 Aposto—

1083 611 1169 646 licae
1195 612 1411 646 conceditur.

1130 659 1149 704 ξ
1175 657 1205 692 3.
1240 657 1311 694 Hoc
1339 659 1558 704 privilegium
1590 659 1637 694 ita
1664 659 1862 704 intelligen-

1082 705 1166 740 dum
1193 710 1255 743 est.
1273 711 1310 741 ut
1336 707 1544 741 secumferat
1565 706 1763 742 facultatem
1792 707 1863 742 ubi-

1083 763 1150 798 que
1175 752 1388 791 celebrandi.
1418 754 1564 788 honesto
1590 758 1708 789 tamen
1745 765 1785 790 ac
1810 755 1865 790 de-

1083 799 1174 835 centi
1202 800 1274 835 loco
1291 805 1325 835 et
1343 811 1446 846 super
1467 805 1599 846 petram
1618 812 1768 844 sacram,
1792 813 1858 837 non

1083 851 1199 882 autem
1227 847 1263 881 in
1291 847 1391 882 mari.

1131 898 1149 936 ξ
1177 892 1209 928 4.
1242 894 1315 929 Loci
1345 893 1557 930 Ordinarius
1583 898 1656 939 aut⁷
1687 895 1714 929 si
1741 899 1865 940 agatur

1084 942 1126 976 de
1151 941 1252 976 domo
1278 941 1458 986 religionis
1476 946 1671 987 exemptae,
1701 941 1865 988 Superior

1085 988 1207 1029 maior,
1225 988 1402 1024 licentiam
1429 989 1627 1024 celebrandi
1647 994 1744 1025 extra
1761 989 1866 1025 eccle-

1084 1036 1171 1070 siam
1202 1040 1235 1071 et
1272 1036 1459 1071 oratorium
1501 1047 1605 1082 super
1644 1042 1776 1083 petram
1816 1047 1866 1072 sa—

1084 1094 1179 1118 cram
1206 1088 1239 1118 et
1265 1083 1400 1119 decenti
1429 1084 1512 1124 loco,
1540 1095 1722 1130 nunquam
1748 1089 1863 1120 autem

1086 1131 1121 1164 in
1150 1130 1320 1171 cubiculo.
1343 1131 1533 1166 concedere
1560 1135 1669 1176 potest
1688 1132 1867 1167 iustatan-

1084 1182 1159 1212 tum
1185 1189 1224 1212 ac
1250 1178 1448 1213 rationabili
1477 1178 1518 1214 de
1544 1189 1661 1220 causa,
1684 1179 1718 1212 in
1749 1179 1866 1225 aliquo

1084 1225 1359 1260 extraordinario
1373 1237 1455 1261 casu
1469 1230 1502 1260 et
1519 1236 1577 1271 per
1596 1226 1736 1261 modum
1755 1230 1865 1261 actus,

1132 1272 1216 1306 CAN.
1248 1270 1328 1307 823.
1361 1294 1378 1298 -
1407 1277 1426 1315 ξ
1459 1273 1486 1307 l.
1516 1273 1591 1308 Non
1619 1273 1697 1308 licet
1722 1273 1865 1308 Missam

1085 1320 1258 1355 celebrare
1300 1321 1331 1354 in
1373 1321 1502 1365 templo
1533 1321 1784 1356 haereticorum
1813 1321 1865 1356 vel

1085 1367 1402 1407 schismaticorum,
1430 1368 1493 1403 etsi
1528 1368 1610 1403 olim
1650 1368 1713 1403 rite
1751 1379 1864 1403 conse-

1085 1419 1179 1449 crato
1204 1418 1264 1449 aut
1290 1415 1486 1450 benedicto.

1133 1465 1152 1503 ξ
1180 1461 1211 1496 2.
1240 1461 1427 1498 Deficiente
1466 1462 1566 1498 altari
1608 1462 1734 1508 proprii
1763 1463 1863 1506 ritus⁷

1086 1509 1252 1544 sacerdoti
1275 1509 1325 1544 fas
1339 1514 1390 1545 est
1405 1510 1473 1544 ritu
1490 1510 1627 1556 proprio
1641 1509 1815 1545 celebrare
1829 1510 1865 1544 in

1087 1556 1187 1591 altari
1204 1562 1403 1592 consecrato
1416 1557 1506 1592 alius
1516 1557 1603 1591 ritus
1613 1557 1864 1597 catholici,non

1087 1608 1203 1638 autem
1231 1615 1333 1650 super
1360 1603 1573 1639 Graecorum
1600 1604 1823 1639 aittimensiis.

1135 1655 1153 1692 ξ
1182 1650 1213 1686 3.
1240 1651 1276 1685 ln
1304 1651 1474 1686 altaribus
1494 1651 1678 1697 papalibus
1697 1663 1799 1687 nemo
1817 1662 1869 1686 ce-

1087 1697 1195 1733 lebret
1221 1698 1297 1733 sine
1323 1699 1512 1744 apostolico
1538 1699 1688 1734 indulto.

358 1808 449 1851 128.
487 1810 747 1864 Inscriptio
781 1808 971 1853 articuli
1000 1810 1048 1852 et
1081 1809 1204 1852 ordo
1237 1821 1494 1852 canonum.
1519 1833 1545 1837 —
1581 1806 1737 1850 Deinde
1770 1820 1865 1850 con-

234 1880 482 1922 siderandus
515 1884 574 1922 est
608 1879 697 1922 Art.
733 1876 799 1920 III
828 1879 1051 1934 inscriptus
1085 1876 1144 1920 De
1177 1882 1361 1935 tempore
1383 1877 1516 1934 quoad
1548 1878 1636 1920 dies
1669 1881 1709 1921 et
1742 1877 1888 1921 horas

235 1954 273 1991 et
306 1948 408 2003 loeo,
442 1954 528 1992 tum
563 1949 803 1992 immediato
836 1961 961 2004 super
994 1961 1116 2005 quem
1161 1947 1296 1991 oblata
1340 1948 1637 1992 sanctificanda
1677 1953 1716 1991 et
1748 1960 1866 1992 sacra

238 2022 404 2064 victima
439 2020 696 2064 collocantur
745 2025 785 2063 et
831 2022 942 2063 circa
985 2033 1109 2077 quem
1153 2022 1441 2062 caeremoniae
1475 2024 1746 2076 peraguntur,
1778 2024 1866 2062 tum

238 2091 415 2134 mediato
450 2093 555 2134 intra
590 2104 714 2148 quem
751 2091 1023 2146 perficiuntur
1045 2102 1151 2146 quae
1174 2095 1269 2133 sunt
1294 2092 1457 2146 propria
1477 2089 1638 2132 Missae
1661 2089 1871 2132 celebran-

235 2163 324 2204 dae.
361 2162 496 2218 Atque
531 2174 621 2205 can.
658 2162 740 2205 820
775 2166 836 2204 est
869 2161 920 2204 de
953 2160 1113 2215 diebus,
1149 2173 1238 2204 can.
1274 2161 1350 2204 8⁶21
1392 2161 1442 2204 (le
1476 2160 1602 2215 horis,
1621 2166 1660 2204 et
1693 2161 1743 2203 de
1778 2160 1866 2204 loco

237 2231 459 2287 dupliciter
493 2232 701 2275 intellecto
736 2232 886 2275 dantur
921 2233 1174 2288 praescripta
1209 2244 1298 2276 can.
1325 2231 1422 2286 8⁶22,
1458 2231 1553 2276 823.

361 2302 450 2345 129.
492 2304 564 2349 De
597 2305 772 2349 diebus
819 2306 867 2348 in
915 2305 1093 2360 quibus
1136 2305 1336 2348 missam
1380 2304 1636 2348 celebrare
1675 2304 1802 2348 licet.
1843 2326 1865 2333 -

235 2371 377 2425 Quoad
416 2378 578 2429 tempus
613 2376 912 2416 convenienter
945 2373 1267 2416 determinatum
1302 2372 1594 2416 celebrationis
1627 2372 1866 2415 divinorum

237 2446 553 2500 mysteriorum:
593 2460 615 2485 «
639 2444 862 2500 respondet
896 2443 1119 2487 (licendum
1149 2443 1190 2486 D.
1216 2443 1287 2486 Th.
1315 2443 1328 2465 ²
1362 2443 1485 2501 quod,
1511 2445 1549 2486 in
1585 2442 1866 2486 celebratione

235 2514 356 2556 huius
392 2517 573 2570 mysterii
609 2515 836 2557 attenditur
871 2516 1195 2571 repraesentatio
1219 2514 1453 2557 dominicae
1477 2515 1691 2570 passionis,
1716 2519 1755 2557 et
1780 2526 1867 2570 par-

234 2586 417 2640 ticipatio
451 2586 609 2628 fructus
642 2588 742 2628 eius.
778 2585 825 2628 Et
859 2585 1088 2629 secundum
1126 2589 1348 2642 utrumque
1382 2587 1562 2641 oportuit
1586 2585 1868 2646 determinare

237 2660 398 2711 tempus
430 2660 570 2708 aptum
607 2655 876 2699 celebrationi
910 2655 1032 2698 huius
1064 2658 1328 2698 sacramenti.
1364 2656 1469 2709 Quia
1493 2657 1603 2698 enim
1629 2656 1764 2698 fructu
1799 2655 1866 2697 do-

236 2727 410 2768 minicae
446 2727 646 2781 passionis
679 2726 864 2783 quotidie
899 2725 1134 2782 indigemus
1169 2731 1336 2781 propter
1368 2726 1630 2782 quotidianos
1665 2726 1865 2779 defectus,

234 2796 417 2852 quotidie
454 2798 490 2837 in
527 2795 707 2839 Ecclesia
746 2796 994 2852 regulariter
1027 2796 1103 2838 hoc
1137 2801 1443 2839 sacramentum
1478 2796 1662 2839 offertur.
1687 2795 1804 2839 Unde
1828 2799 1865 2838 et

356 2951 365 2970 1
393 2949 434 2982 3³²
463 2948 503 2981 P.
535 2960 570 2993 q.
602 2948 815 2982 LXXXIII
843 2961 875 2982 a.
906 2950 939 2983 2.
