1971 3261
193 150 284 186 Can.
317 151 384 186 774
758 151 842 186 Tl'r.
869 151 900 185 Ι.
929 171 940 176 -
964 152 1022 186 De
1047 153 1255 197 Baptismo
1787 155 1832 190 67

194 273 242 317 Et
274 285 368 316 cum
404 270 660 316 Clementiua
697 284 775 314 non
811 271 1053 327 distinguat,
1078 274 1202 315 etiam
1238 272 1559 329 comprehendit
1582 265 1746 318 adultos
1771 274 1836 318 ba-

195 342 419 401 ptizandos,
455 344 510 386 uti
556 354 752 398 expresse
798 344 835 384 in
878 341 956 386 Rit.
994 341 1112 386 Rom.
1146 342 1300 386 dicitur
1336 343 1397 398 (C.
1433 343 1498 400 lli,
1532 357 1570 388 n.
1607 344 1675 402 7):
1716 361 1736 386 <c
1760 344 1834 390 Ca-

192 414 469 458 thecumenus
503 415 729 457 instructus
764 412 993 469 baptizetur
1028 415 1065 456 in
1102 412 1286 457 Ecclesia
1321 427 1393 457 seu
1429 414 1676 472 Baptisterio
1701 432 1738 462 ».

312 486 379 528 64.
418 486 669 531 Ecclesiae
701 485 981 542 gaudentes
1004 487 1109 531 iure
1131 486 1284 531 fontis
1307 488 1637 543 baptismalis.
1658 514 1684 517 —
1703 485 1836 540 Quae-

192 570 286 600 nam
309 558 392 599 sint
414 555 509 599 illae
531 554 743 599 Ecclesiae
779 554 843 598 vel
879 558 1075 609 oratoria,
1104 572 1126 596 α
1151 556 1239 599 loca
1277 555 1469 613 baptismi
1503 557 1716 601 sollemnis
1742 572 1833 615 pro-

192 630 278 685 pria
302 643 324 668 »
363 626 488 670 edicit
523 639 596 682 pro
629 625 848 677 disciplina
874 628 911 668 in
939 626 1122 670 futurum
1149 640 1239 670 caii.
1267 629 1374 670 774.
1399 627 1426 686 ἓ
1455 629 1488 670 l.
1516 627 1737 681 Quaelibet
1758 643 1833 687 pa-

192 697 390 742 roecialis
423 697 613 753 ecclesia,
648 696 835 741 scilicet:
869 696 936 741 illa
975 697 1289 753 «peculiaris»
1328 699 1379 742 (le
1413 712 1493 757 qua
1529 701 1566 742 in
1602 713 1692 744 can.
1735 700 1835 754 ⁶216,

192 771 244 824 ἐξ
278 770 314 825 t,
350 768 387 821 3,
421 773 628 820 revocato,
664 771 715 812 ita
760 773 804 811 ut
847 771 886 811 in
933 772 1144 825 posterum
1190 782 1269 812 non
1319 772 1471 826 vigeat,
1506 785 1555 813 ae
1594 770 1832 829 reprobato,

192 854 273 898 quo
295 839 422 883 verbo
455 839 648 894 edicitur,
674 844 716 883 ut
739 839 1097 897 quemadmodum
1121 841 1379 884 consuetudo
1403 841 1563 896 similis,
1595 858 1614 883 «
1635 847 1831 900 tanquam

191 913 292 955 iuris
334 909 571 967 corruptela
615 913 865 967 corrigatur,
901 910 996 954 licet
1039 912 1090 953 sit
1135 911 1494 966 immemorabilis,
1530 926 1636 956 neve
1674 916 1834 957 sinatur

191 982 404 1040 (sequens,
436 983 543 1026 sicut
576 986 615 1025 et
648 981 727 1025 alia
762 981 1019 1025 consuetudo
1052 995 1104 1025 ss.
1138 982 1368 1026 canonibus
1406 996 1602 1039 expresse
1638 984 1832 1041 reproba-

191 1053 249 1109 ta)
285 1055 322 1096 in
359 1057 568 1109 posterum
605 1055 904 1097 reviviscere»
944 1056 1049 1108 (can.
1086 1053 1137 1106 5),
1173 1053 1318 1111 quovis
1351 1054 1568 1098 contrario
1607 1054 1648 1112 a)
1673 1060 1833 1099 statuto

190 1126 462 1182 quantumvis
497 1123 736 1180 particulari
771 1137 818 1167 ac
854 1124 1037 1181 legitime
1071 1124 1253 1179 condito,
1290 1124 1332 1182 b)
1357 1124 1421 1167 vel
1438 1125 1682 1183 prim'leqio,
1709 1129 1834 1184 igitur

191 1199 252 1239 est
286 1195 351 1239 hic
385 1208 505 1239 casus
538 1197 796 1251 exceptionis
831 1197 868 1238 in
904 1207 994 1240 can.
1022 1195 1044 1237 4
1072 1196 1101 1247 ¹,
1126 1195 1165 1251 c)
1190 1195 1254 1238 vel
1277 1195 1581 1239 consuetudine
1604 1198 1832 1241 universali

194 1266 256 1309 vel
292 1265 531 1323 particulari
566 1279 763 1322 expresse
787 1266 854 1310 hic
879 1265 1098 1322 reprobata
1124 1267 1174 1309 ad
1205 1279 1393 1310 normam
1419 1279 1508 1311 can.
1537 1269 1575 1322 ὃ,
1604 1267 1832 1326 baptisma-

190 1336 269 1380 lem
304 1336 455 1380 habeat
486 1336 646 1395 fontem
688 1337 740 1380 de
784 1350 894 1380 novo
936 1351 984 1380 ex
1032 1343 1255 1394 praecepto
1298 1339 1646 1391 constituendam,
1681 1342 1712 1383 si
1754 1354 1832 1384 non

190 1410 355 1463 existat,
387 1407 504 1451 salvo
538 1407 728 1465 leqitimo
761 1408 812 1452 ad
848 1421 1039 1452 normam
1075 1411 1178 1452 iuris
1211 1409 1500 1465 praecedentis
1539 1409 1708 1455 obtento
1742 1411 1836 1454 itere

189 1478 461 1534 cumulatim),
497 1479 716 1524 videlicet:
764 1484 806 1523 ut
847 1480 992 1524 fideles
1034 1482 1140 1524 sicut
1183 1481 1293 1538 apud
1340 1484 1549 1538 propriam
1592 1482 1830 1539 parochiam

191 1555 356 1608 possent
388 1563 554 1608 quoque
587 1551 696 1608 apud
734 1550 807 1595 has
841 1550 1052 1608 baptizari,
1088 1550 1190 1595 aliis
1223 1551 1427 1607 ecclesiis,
1464 1566 1499 1596 v.
1535 1566 1596 1610 gr.
1621 1553 1833 1597 Ecclesiae

188 1622 227 1666 S.
264 1621 370 1666 Petri
404 1622 541 1680 quoad
577 1622 732 1666 incolas
765 1621 900 1678 Urbis,
937 1622 1023 1665 iam
1056 1623 1265 1680 quaesito,
1301 1623 1425 1668 idest:
1460 1628 1554 1668 ante
1578 1623 1743 1669 Codicis
1780 1627 1834 1668 vi-

188 1706 331 1750 gorem
367 1695 448 1737 iam
483 1706 684 1750 possesso,
719 1693 830 1752 quod
865 1706 954 1738 can.
993 1694 1015 1737 4
1043 1694 1055 1716 ¹
1091 1697 1298 1751 congruit.

310 1763 368 1808 De
401 1763 479 1808 hoc
517 1766 647 1808 «iure
679 1764 979 1808 cumulativ0»
1017 1770 1057 1808 et
1090 1765 1141 1809 de
1174 1765 1255 1809 alio
1290 1765 1469 1810 habente
1493 1769 1693 1811 maiorem
1734 1770 1833 1822 vim,

190 1839 332 1892 utpote
350 1834 557 1890 exlusivo,
581 1835 696 1879 dedit
718 1835 988 1879 authenticat]
1013 1834 1136 1879 huius
1159 1836 1410 1893 paragraphi
1446 1839 1830 1894 interpretationem

192 1906 306 1950 Pont.
340 1906 587 1951 Commissio
626 1907 676 1950 ad
712 1905 877 1951 Codicis
910 1919 1001 1950 can.
1036 1905 1149 1950 auth.
1190 1908 1525 1964 interpretandos
1579 1909 1835 1965 respondens

190 1976 240 2021 ad
276 1976 514 2021 huiusmodi
548 1976 738 2021 dubium.
776 1976 791 1999 ²
819 1977 1005 2022 «Utrum
1040 1977 1216 2022 ecclesia
1250 1991 1356 2035 quae
1390 1983 1485 2023 ante
1520 1978 1685 2023 Codicis
1729 1982 1832 2024 iuris

189 2050 377 2092 canonici
404 2048 780 2106 promulgationem
807 2047 1024 2093 fruebatur
1048 2048 1234 2106 legitimo
1254 2051 1347 2093 iure
1370 2049 1562 2094 exlusivo
1588 2052 1711 2094 fontis
1737 2064 1834 2108 prae

190 2119 282 2164 aliis
321 2119 626 2177 paroecialibus
649 2121 849 2176 ecclesiis,
876 2120 975 2164 illud
1002 2125 1224 2164 conservet
1241 2121 1545 2165 cumulativum
1569 2135 1662 2166 cum
1685 2122 1830 2166 iisdem

190 2190 391 2246 ecclesiis,
425 2203 532 2250 quae
565 2205 614 2235 ex
652 2194 907 2249 praescripto
941 2205 1032 2236 can.
1068 2191 1166 2247 774,
1200 2191 1228 2250 ξ
1262 2192 1301 2247 1,
1335 2194 1399 2236 ius
1434 2194 1556 2237 fontis
1589 2192 1789 2238 obtinent.

309 2261 431 2319 Resp-
465 2260 673 2307 Canonem
710 2263 808 2319 774,
843 2265 868 2317 ἓ
906 2264 941 2317 i,
975 2264 1030 2308 ita
1067 2262 1383 2319 intelligendum
1427 2277 1531 2320 esse,
1566 2269 1609 2307 ut
1656 2264 1832 2309 ecclesia

190 2345 297 2391 quae
331 2335 395 2377 ius
429 2334 552 2377 fontis
584 2333 709 2378 babet
741 2334 1049 2379 cumulativum
1084 2347 1180 2378 cum
1214 2333 1306 2378 aliis
1339 2337 1465 2379 totius
1493 2337 1676 2379 civitatis
1700 2335 1832 2379 eccle-

190 2406 261 2448 siis
295 2403 614 2461 paroecialibus,
649 2404 750 2449 illud
785 2405 972 2450 obtineat
1005 2407 1128 2449 etiam
1165 2417 1264 2462 prae
1288 2405 1476 2450 ecclesiis
1510 2406 1833 2463 paroecialibuS,

190 2478 356 2519 noviter
379 2478 419 2519 in
447 2478 618 2520 civitate
642 2479 793 2521 erectis
826 2491 921 2521 cum
948 2478 1059 2520 fonte
1083 2476 1332 2534 baptismali.
1373 2477 1427 2521 At
1450 2479 1513 2521 ius
1538 2479 1661 2522 fontis
1688 2491 1833 2521 cumu-

193 2547 365 2591 lativum
406 2549 446 2590 in
472 2552 683 2604 posterum
720 2548 899 2592 obtineri
933 2550 1076 2606 nequit
1111 2561 1159 2591 ex
1196 2548 1510 2596 consuetudine,
1550 2560 1656 2606 quae
1690 2562 1834 2592 corru-

193 2617 299 2675 ptela
334 2618 512 2662 dicenda
547 2629 622 2663 est.

309 2724 319 2745 ¹
348 2723 441 2758 Gan.
467 2725 501 2760 4.
519 2724 612 2759 Iura
637 2725 730 2760 aliis
757 2726 946 2771 quaesita,
968 2725 1144 2771 itemque
1170 2725 1387 2770 privilegia
1402 2728 1522 2770 atque
1541 2726 1698 2760 indulta
1717 2736 1830 2770 quae,

189 2770 238 2804 ab
262 2770 496 2815 Apostolioa
522 2771 620 2806 Sede
646 2772 695 2807 ad
721 2772 818 2807 haec
844 2784 971 2818 usque
999 2778 1175 2818 tempora
1200 2772 1380 2818 personis
1418 2772 1502 2807 sive
1541 2773 1718 2819 physicis
1748 2772 1832 2806 sive

190 2818 406 2853 moralibus
431 2830 627 2862 concessa,
654 2820 697 2854 in
724 2831 801 2855 usu
827 2820 958 2855 adhuc
992 2824 1088 2855 sunt
1122 2831 1195 2854 nec
1229 2823 1425 2864 revocata,
1462 2820 1620 2866 integra
1653 2824 1831 2861 manent,

190 2865 270 2899 nisi
295 2864 418 2900 huius
444 2865 600 2901 Codicis
626 2868 848 2902 canonibus
875 2878 1059 2912 expresse
1086 2870 1336 2903 revocentur.

309 2913 324 2931 ⁹·
351 2914 395 2947 12
423 2913 520 2949 Nov.
554 2915 657 2948 1922.
688 2914 760 2947 00,
795 2915 903 2959 XIV,
933 2915 1015 2959 662,
1044 2915 1110 2949 IV.
