<?xml version="1.0" encoding="UTF-8"?>
<!DOCTYPE html PUBLIC "-//W3C//DTD XHTML 1.0 Transitional//EN"
    "http://www.w3.org/TR/xhtml1/DTD/xhtml1-transitional.dtd">
<html xmlns="http://www.w3.org/1999/xhtml" xml:lang="en" lang="en">
 <head>
  <title>
</title>
<meta http-equiv="Content-Type" content="text/html;charset=utf-8" />
  <meta name='ocr-system' content='tesseract 3.04.00' />
  <meta name='ocr-capabilities' content='ocr_page ocr_carea ocr_par ocr_line ocrx_word'/>
</head>
<body>
  <div class='ocr_page' id='page_1' title='image "./p1commentariumte03blatuoft_0601.png"; bbox 0 0 1971 3261; ppageno 0'>
   <div class='ocr_carea' id='block_1_1' title="bbox 139 147 1766 184">
    <p class='ocr_par' dir='ltr' id='par_1_1' title="bbox 139 147 1766 184">
     <span class='ocr_line' id='line_1_1' title="bbox 139 147 1766 184; baseline 0.001 -2"><span class='ocrx_word' id='word_1_1' title='bbox 139 147 353 183; x_wconf 79' lang='lat' dir='ltr'>can.··1075</span> <span class='ocrx_word' id='word_1_2' title='bbox 650 147 734 182; x_wconf 77' lang='lat' dir='ltr'>Trr.</span> <span class='ocrx_word' id='word_1_3' title='bbox 767 148 852 183; x_wconf 90' lang='lat' dir='ltr'>VII.</span> <span class='ocrx_word' id='word_1_4' title='bbox 874 168 886 173; x_wconf 98' lang='lat'><em>-</em></span> <span class='ocrx_word' id='word_1_5' title='bbox 914 149 970 184; x_wconf 88' lang='lat' dir='ltr'>De</span> <span class='ocrx_word' id='word_1_6' title='bbox 997 151 1256 184; x_wconf 75' lang='lat' dir='ltr'>Matrimonio</span> <span class='ocrx_word' id='word_1_7' title='bbox 1697 150 1766 184; x_wconf 69' lang='lat'>587</span> 
     </span>
    </p>
   </div>
   <div class='ocr_carea' id='block_1_2' title="bbox 553 210 1091 214">
    <p class='ocr_par' dir='ltr' id='par_1_2' title="bbox 553 210 1091 214">
     <span class='ocr_line' id='line_1_2' title="bbox 553 210 1091 214; baseline 0 0"><span class='ocrx_word' id='word_1_8' title='bbox 553 210 1091 214; x_wconf 95' lang='lat' dir='ltr'> </span> 
     </span>
    </p>
   </div>
   <div class='ocr_carea' id='block_1_3' title="bbox 1131 211 1228 216">
    <p class='ocr_par' dir='ltr' id='par_1_3' title="bbox 1131 211 1228 216">
     <span class='ocr_line' id='line_1_3' title="bbox 1131 211 1228 216; baseline 0 0"><span class='ocrx_word' id='word_1_9' title='bbox 1131 211 1228 216; x_wconf 95' lang='lat' dir='ltr'> </span> 
     </span>
    </p>
   </div>
   <div class='ocr_carea' id='block_1_4' title="bbox 1231 212 1339 215">
    <p class='ocr_par' dir='ltr' id='par_1_4' title="bbox 1231 212 1339 215">
     <span class='ocr_line' id='line_1_4' title="bbox 1231 212 1339 215; baseline 0 0"><span class='ocrx_word' id='word_1_10' title='bbox 1231 212 1339 215; x_wconf 95' lang='lat' dir='ltr'> </span> 
     </span>
    </p>
   </div>
   <div class='ocr_carea' id='block_1_5' title="bbox 1365 212 1476 215">
    <p class='ocr_par' dir='ltr' id='par_1_5' title="bbox 1365 212 1476 215">
     <span class='ocr_line' id='line_1_5' title="bbox 1365 212 1476 215; baseline 0 0"><span class='ocrx_word' id='word_1_11' title='bbox 1365 212 1476 215; x_wconf 95' lang='lat' dir='ltr'> </span> 
     </span>
    </p>
   </div>
   <div class='ocr_carea' id='block_1_6' title="bbox 1478 211 1704 216">
    <p class='ocr_par' dir='ltr' id='par_1_6' title="bbox 1478 211 1704 216">
     <span class='ocr_line' id='line_1_6' title="bbox 1478 211 1704 216; baseline 0 0"><span class='ocrx_word' id='word_1_12' title='bbox 1478 211 1704 216; x_wconf 95' lang='lat' dir='ltr'> </span> 
     </span>
    </p>
   </div>
   <div class='ocr_carea' id='block_1_7' title="bbox 133 265 1770 2949">
    <p class='ocr_par' dir='ltr' id='par_1_7' title="bbox 133 265 1770 2166">
     <span class='ocr_line' id='line_1_7' title="bbox 139 265 1765 323; baseline 0.002 -15"><span class='ocrx_word' id='word_1_13' title='bbox 139 265 267 309; x_wconf 85' lang='lat' dir='ltr'>verba</span> <span class='ocrx_word' id='word_1_14' title='bbox 301 267 339 309; x_wconf 90' lang='lat' dir='ltr'>in</span> <span class='ocrx_word' id='word_1_15' title='bbox 376 265 434 309; x_wconf 91' lang='lat' dir='ltr'>n.⁰</span> <span class='ocrx_word' id='word_1_16' title='bbox 469 267 732 323; x_wconf 87' lang='lat' dir='ltr'>praecedenti</span> <span class='ocrx_word' id='word_1_17' title='bbox 784 269 949 310; x_wconf 79' lang='lat' dir='ltr'>suerunt</span> <span class='ocrx_word' id='word_1_18' title='bbox 995 268 1221 323; x_wconf 85' lang='lat' dir='ltr'>declarata,</span> <span class='ocrx_word' id='word_1_19' title='bbox 1269 269 1396 311; x_wconf 79' lang='lat' dir='ltr'>eliam</span> <span class='ocrx_word' id='word_1_20' title='bbox 1430 269 1521 312; x_wconf 74' lang='lat' dir='ltr'>sine</span> <span class='ocrx_word' id='word_1_21' title='bbox 1553 268 1765 312; x_wconf 76' lang='lat' dir='ltr'>‹ulullerio</span> 
     </span>
     <span class='ocr_line' id='line_1_8' title="bbox 138 335 1764 396; baseline 0.002 -16"><span class='ocrx_word' id='word_1_22' title='bbox 138 335 336 393; x_wconf 76' lang='lat' dir='ltr'>quolibet,</span> <span class='ocrx_word' id='word_1_23' title='bbox 372 342 543 380; x_wconf 77' lang='lat' dir='ltr'>mortem</span> <span class='ocrx_word' id='word_1_24' title='bbox 587 337 757 395; x_wconf 70' lang='lat'>00711&#39;2191&#39;</span> <span class='ocrx_word' id='word_1_25' title='bbox 798 338 1038 382; x_wconf 75' lang='lat' dir='ltr'>alterutrius</span> <span class='ocrx_word' id='word_1_26' title='bbox 1081 352 1224 382; x_wconf 89' lang='lat' dir='ltr'>eorum</span> <span class='ocrx_word' id='word_1_27' title='bbox 1270 339 1519 387; x_wconf 65' lang='lat' dir='ltr'>intuleratis,</span> <span class='ocrx_word' id='word_1_28' title='bbox 1561 345 1601 382; x_wconf 93' lang='lat' dir='ltr'>ut</span> <span class='ocrx_word' id='word_1_29' title='bbox 1642 345 1764 396; x_wconf 86' lang='lat' dir='ltr'>patet.</span> 
     </span>
     <span class='ocr_line' id='line_1_9' title="bbox 138 406 1765 466; baseline 0.002 -17"><span class='ocrx_word' id='word_1_30' title='bbox 138 406 286 450; x_wconf 71' lang='lat' dir='ltr'>ellectu</span> <span class='ocrx_word' id='word_1_31' title='bbox 320 420 369 450; x_wconf 84' lang='lat' dir='ltr'>ex</span> <span class='ocrx_word' id='word_1_32' title='bbox 405 407 515 450; x_wconf 89' lang='lat' dir='ltr'>dicta</span> <span class='ocrx_word' id='word_1_33' title='bbox 564 421 688 463; x_wconf 86' lang='lat' dir='ltr'>opera</span> <span class='ocrx_word' id='word_1_34' title='bbox 737 414 925 465; x_wconf 84' lang='lat' dir='ltr'>sequutO.</span> <span class='ocrx_word' id='word_1_35' title='bbox 967 409 1007 452; x_wconf 91' lang='lat' dir='ltr'>ld</span> <span class='ocrx_word' id='word_1_36' title='bbox 1053 415 1195 465; x_wconf 87' lang='lat' dir='ltr'>aperte</span> <span class='ocrx_word' id='word_1_37' title='bbox 1238 410 1416 453; x_wconf 75' lang='lat' dir='ltr'>traditur</span> <span class='ocrx_word' id='word_1_38' title='bbox 1461 413 1497 453; x_wconf 90' lang='lat' dir='ltr'>in</span> <span class='ocrx_word' id='word_1_39' title='bbox 1531 423 1621 466; x_wconf 81' lang='lat' dir='ltr'>cap.</span> <span class='ocrx_word' id='word_1_40' title='bbox 1660 411 1672 452; x_wconf 95' lang='grc'>1</span> <span class='ocrx_word' id='word_1_41' title='bbox 1714 410 1765 453; x_wconf 89' lang='lat' dir='ltr'>de</span> 
     </span>
     <span class='ocr_line' id='line_1_10' title="bbox 137 477 1762 538; baseline 0.002 -18"><span class='ocrx_word' id='word_1_42' title='bbox 137 479 411 521; x_wconf 83' lang='lat' dir='ltr'>conversione</span> <span class='ocrx_word' id='word_1_43' title='bbox 446 477 674 521; x_wconf 80' lang='lat' dir='ltr'>infidelium</span> <span class='ocrx_word' id='word_1_44' title='bbox 711 479 792 534; x_wconf 63' lang='lat' dir='ltr'>(ill,</span> <span class='ocrx_word' id='word_1_45' title='bbox 828 480 924 536; x_wconf 77' lang='lat'>333):</span> <span class='ocrx_word' id='word_1_46' title='bbox 975 496 993 520; x_wconf 89' lang='lat'>«</span> <span class='ocrx_word' id='word_1_47' title='bbox 1020 479 1282 537; x_wconf 69' lang='lat' dir='ltr'>interrogasti</span> <span class='ocrx_word' id='word_1_48' title='bbox 1332 481 1383 524; x_wconf 91' lang='lat' dir='ltr'>de</span> <span class='ocrx_word' id='word_1_49' title='bbox 1431 483 1648 525; x_wconf 75' lang='lat' dir='ltr'>Saracenis</span> <span class='ocrx_word' id='word_1_50' title='bbox 1680 483 1762 538; x_wconf 87' lang='lat' dir='ltr'>qui.</span> 
     </span>
     <span class='ocr_line' id='line_1_11' title="bbox 137 547 1762 607; baseline 0.002 -16"><span class='ocrx_word' id='word_1_51' title='bbox 137 547 234 591; x_wconf 92' lang='lat' dir='ltr'>dum</span> <span class='ocrx_word' id='word_1_52' title='bbox 270 550 306 591; x_wconf 86' lang='lat' dir='ltr'>in</span> <span class='ocrx_word' id='word_1_53' title='bbox 341 551 583 604; x_wconf 80' lang='lat' dir='ltr'>captivitate</span> <span class='ocrx_word' id='word_1_54' title='bbox 617 555 754 593; x_wconf 88' lang='lat' dir='ltr'>essent</span> <span class='ocrx_word' id='word_1_55' title='bbox 786 552 1061 607; x_wconf 90' lang='lat' dir='ltr'>quarumdam</span> <span class='ocrx_word' id='word_1_56' title='bbox 1111 551 1439 595; x_wconf 84' lang='lat' dir='ltr'>Christianarum</span> <span class='ocrx_word' id='word_1_57' title='bbox 1479 555 1589 594; x_wconf 85' lang='lat' dir='ltr'>viros</span> <span class='ocrx_word' id='word_1_58' title='bbox 1621 564 1762 594; x_wconf 87' lang='lat' dir='ltr'>earum</span> 
     </span>
     <span class='ocr_line' id='line_1_12' title="bbox 137 618 1768 679; baseline 0.003 -19"><span class='ocrx_word' id='word_1_59' title='bbox 137 618 297 662; x_wconf 86' lang='lat' dir='ltr'>insidiis</span> <span class='ocrx_word' id='word_1_60' title='bbox 329 623 367 661; x_wconf 91' lang='lat' dir='ltr'>et</span> <span class='ocrx_word' id='word_1_61' title='bbox 403 618 779 664; x_wconf 78' lang='lat' dir='ltr'>machinationibus</span> <span class='ocrx_word' id='word_1_62' title='bbox 811 621 1068 676; x_wconf 85' lang='lat' dir='ltr'>occiderunt,</span> <span class='ocrx_word' id='word_1_63' title='bbox 1103 627 1256 673; x_wconf 91' lang='lat' dir='ltr'>utrum,</span> <span class='ocrx_word' id='word_1_64' title='bbox 1280 625 1374 679; x_wconf 87' lang='lat' dir='ltr'>quia</span> <span class='ocrx_word' id='word_1_65' title='bbox 1401 628 1537 678; x_wconf 82' lang='lat' dir='ltr'>postea</span> <span class='ocrx_word' id='word_1_66' title='bbox 1565 636 1636 678; x_wconf 87' lang='lat' dir='ltr'>per</span> <span class='ocrx_word' id='word_1_67' title='bbox 1660 625 1768 678; x_wconf 81' lang='lat' dir='ltr'>ipsas</span> 
     </span>
     <span class='ocr_line' id='line_1_13' title="bbox 136 689 1766 749; baseline 0.002 -17"><span class='ocrx_word' id='word_1_68' title='bbox 136 689 186 732; x_wconf 88' lang='lat' dir='ltr'>ad</span> <span class='ocrx_word' id='word_1_69' title='bbox 222 689 345 733; x_wconf 84' lang='lat' dir='ltr'>tidem</span> <span class='ocrx_word' id='word_1_70' title='bbox 381 689 648 734; x_wconf 81' lang='lat' dir='ltr'>christianam</span> <span class='ocrx_word' id='word_1_71' title='bbox 685 694 876 735; x_wconf 80' lang='lat' dir='ltr'>conversi</span> <span class='ocrx_word' id='word_1_72' title='bbox 925 698 1034 745; x_wconf 79' lang='lat' dir='ltr'>sunt,</span> <span class='ocrx_word' id='word_1_73' title='bbox 1078 705 1147 736; x_wconf 89' lang='lat' dir='ltr'>eas</span> <span class='ocrx_word' id='word_1_74' title='bbox 1180 693 1231 736; x_wconf 92' lang='lat' dir='ltr'>de</span> <span class='ocrx_word' id='word_1_75' title='bbox 1266 695 1354 736; x_wconf 93' lang='lat' dir='ltr'>iure</span> <span class='ocrx_word' id='word_1_76' title='bbox 1390 696 1542 749; x_wconf 82' lang='lat' dir='ltr'>possint</span> <span class='ocrx_word' id='word_1_77' title='bbox 1576 696 1766 749; x_wconf 87' lang='lat' dir='ltr'>accipere</span> 
     </span>
     <span class='ocr_line' id='line_1_14' title="bbox 138 761 1767 820; baseline 0.003 -18"><span class='ocrx_word' id='word_1_78' title='bbox 138 762 176 802; x_wconf 96' lang='lat' dir='ltr'>in</span> <span class='ocrx_word' id='word_1_79' title='bbox 211 768 376 815; x_wconf 72' lang='lat' dir='ltr'>uxores,</span> <span class='ocrx_word' id='word_1_80' title='bbox 415 761 477 804; x_wconf 79' lang='lat' dir='ltr'>vel</span> <span class='ocrx_word' id='word_1_81' title='bbox 512 764 544 804; x_wconf 90' lang='lat' dir='ltr'>si</span> <span class='ocrx_word' id='word_1_82' title='bbox 579 762 789 817; x_wconf 78' lang='lat' dir='ltr'>duxerint,</span> <span class='ocrx_word' id='word_1_83' title='bbox 823 766 1062 820; x_wconf 83' lang='lat' dir='ltr'>coniugium</span> <span class='ocrx_word' id='word_1_84' title='bbox 1099 768 1234 807; x_wconf 91' lang='lat' dir='ltr'>teneat</span> <span class='ocrx_word' id='word_1_85' title='bbox 1278 765 1536 808; x_wconf 85' lang='lat' dir='ltr'>earumdem.</span> <span class='ocrx_word' id='word_1_86' title='bbox 1572 763 1647 807; x_wconf 87' lang='lat' dir='ltr'>Hic</span> <span class='ocrx_word' id='word_1_87' title='bbox 1680 763 1767 807; x_wconf 84' lang='lat' dir='ltr'>Tri-</span> 
     </span>
     <span class='ocr_line' id='line_1_15' title="bbox 138 830 1765 892; baseline 0.002 -18"><span class='ocrx_word' id='word_1_88' title='bbox 138 830 343 875; x_wconf 83' lang='lat' dir='ltr'>buriensis</span> <span class='ocrx_word' id='word_1_89' title='bbox 390 830 562 876; x_wconf 90' lang='lat' dir='ltr'>Concilii</span> <span class='ocrx_word' id='word_1_90' title='bbox 614 833 755 890; x_wconf 88' lang='lat' dir='ltr'>regula</span> <span class='ocrx_word' id='word_1_91' title='bbox 804 838 985 878; x_wconf 91' lang='lat' dir='ltr'>contenti</span> <span class='ocrx_word' id='word_1_92' title='bbox 1035 849 1194 889; x_wconf 80' lang='lat' dir='ltr'>sumus,</span> <span class='ocrx_word' id='word_1_93' title='bbox 1242 837 1464 878; x_wconf 89' lang='lat' dir='ltr'>asserentis</span> <span class='ocrx_word' id='word_1_94' title='bbox 1501 835 1626 892; x_wconf 81' lang='lat' dir='ltr'>quod,</span> <span class='ocrx_word' id='word_1_95' title='bbox 1661 838 1692 878; x_wconf 92' lang='lat' dir='ltr'>si</span> <span class='ocrx_word' id='word_1_96' title='bbox 1729 838 1765 878; x_wconf 93' lang='lat' dir='ltr'>in</span> 
     </span>
     <span class='ocr_line' id='line_1_16' title="bbox 137 904 1767 959; baseline 0.002 -15"><span class='ocrx_word' id='word_1_97' title='bbox 137 907 311 946; x_wconf 91' lang='lat' dir='ltr'>mortem</span> <span class='ocrx_word' id='word_1_98' title='bbox 348 905 529 959; x_wconf 88' lang='lat' dir='ltr'>ipsorum</span> <span class='ocrx_word' id='word_1_99' title='bbox 568 904 771 948; x_wconf 87' lang='lat' dir='ltr'>malitiose</span> <span class='ocrx_word' id='word_1_100' title='bbox 809 906 960 949; x_wconf 83' lang='lat' dir='ltr'>suerint</span> <span class='ocrx_word' id='word_1_101' title='bbox 1005 905 1277 959; x_wconf 78' lang='lat' dir='ltr'>machinatae,</span> <span class='ocrx_word' id='word_1_102' title='bbox 1323 906 1417 949; x_wconf 90' lang='lat' dir='ltr'>licet</span> <span class='ocrx_word' id='word_1_103' title='bbox 1454 919 1596 949; x_wconf 90' lang='lat' dir='ltr'>earum</span> <span class='ocrx_word' id='word_1_104' title='bbox 1630 906 1767 949; x_wconf 89' lang='lat' dir='ltr'>studio</span> 
     </span>
     <span class='ocr_line' id='line_1_17' title="bbox 135 972 1764 1030; baseline 0.002 -15"><span class='ocrx_word' id='word_1_105' title='bbox 135 972 185 1016; x_wconf 89' lang='lat' dir='ltr'>ad</span> <span class='ocrx_word' id='word_1_106' title='bbox 222 973 345 1016; x_wconf 84' lang='lat' dir='ltr'>tidem</span> <span class='ocrx_word' id='word_1_107' title='bbox 381 977 650 1029; x_wconf 78' lang='lat' dir='ltr'>accesserint,</span> <span class='ocrx_word' id='word_1_108' title='bbox 683 980 819 1019; x_wconf 87' lang='lat' dir='ltr'>tamen</span> <span class='ocrx_word' id='word_1_109' title='bbox 856 989 931 1020; x_wconf 90' lang='lat' dir='ltr'>nec</span> <span class='ocrx_word' id='word_1_110' title='bbox 965 978 1024 1019; x_wconf 89' lang='lat' dir='ltr'>eis</span> <span class='ocrx_word' id='word_1_111' title='bbox 1056 976 1286 1020; x_wconf 85' lang='lat' dir='ltr'>adhaerere</span> <span class='ocrx_word' id='word_1_112' title='bbox 1311 976 1476 1030; x_wconf 70' lang='lat' dir='ltr'>dehent,</span> <span class='ocrx_word' id='word_1_113' title='bbox 1502 990 1577 1019; x_wconf 90' lang='lat' dir='ltr'>nec</span> <span class='ocrx_word' id='word_1_114' title='bbox 1601 981 1709 1027; x_wconf 76' lang='lat' dir='ltr'>sunt,</span> <span class='ocrx_word' id='word_1_115' title='bbox 1734 979 1764 1019; x_wconf 83' lang='lat' dir='ltr'>si</span> 
     </span>
     <span class='ocr_line' id='line_1_18' title="bbox 135 1043 1765 1101; baseline 0.002 -14"><span class='ocrx_word' id='word_1_116' title='bbox 135 1043 413 1100; x_wconf 69' lang='lat' dir='ltr'>adhaeserint,</span> <span class='ocrx_word' id='word_1_117' title='bbox 439 1048 561 1089; x_wconf 91' lang='lat' dir='ltr'>etiam</span> <span class='ocrx_word' id='word_1_118' title='bbox 599 1047 816 1101; x_wconf 82' lang='lat' dir='ltr'>tolerandi,</span> <span class='ocrx_word' id='word_1_119' title='bbox 848 1060 941 1090; x_wconf 90' lang='lat' dir='ltr'>cum</span> <span class='ocrx_word' id='word_1_120' title='bbox 977 1047 1057 1090; x_wconf 83' lang='lat' dir='ltr'>tale</span> <span class='ocrx_word' id='word_1_121' title='bbox 1091 1048 1288 1090; x_wconf 92' lang='lat' dir='ltr'>damnum</span> <span class='ocrx_word' id='word_1_122' title='bbox 1325 1047 1393 1090; x_wconf 89' lang='lat' dir='ltr'>tali</span> <span class='ocrx_word' id='word_1_123' title='bbox 1430 1047 1545 1091; x_wconf 92' lang='lat' dir='ltr'>lucro</span> <span class='ocrx_word' id='word_1_124' title='bbox 1579 1047 1765 1091; x_wconf 78' lang='lat' dir='ltr'>Ecclesia</span> 
     </span>
     <span class='ocr_line' id='line_1_19' title="bbox 135 1117 1768 1171; baseline 0.002 -14"><span class='ocrx_word' id='word_1_125' title='bbox 135 1127 406 1171; x_wconf 86' lang='lat' dir='ltr'>compensare</span> <span class='ocrx_word' id='word_1_126' title='bbox 440 1129 519 1159; x_wconf 92' lang='lat' dir='ltr'>non</span> <span class='ocrx_word' id='word_1_127' title='bbox 557 1117 653 1161; x_wconf 81' lang='lat' dir='ltr'>velit</span> <span class='ocrx_word' id='word_1_128' title='bbox 677 1134 716 1159; x_wconf 76' lang='lat' dir='ltr'>n.</span> <span class='ocrx_word' id='word_1_129' title='bbox 752 1117 911 1161; x_wconf 91' lang='lat' dir='ltr'>Deinde</span> <span class='ocrx_word' id='word_1_130' title='bbox 953 1117 1209 1162; x_wconf 86' lang='lat' dir='ltr'>Coelestinus</span> <span class='ocrx_word' id='word_1_131' title='bbox 1253 1117 1301 1160; x_wconf 94' lang='grc' dir='ltr'>ΙΙΙ</span> <span class='ocrx_word' id='word_1_132' title='bbox 1347 1118 1471 1161; x_wconf 89' lang='lat' dir='ltr'>tradit</span> <span class='ocrx_word' id='word_1_133' title='bbox 1505 1131 1526 1161; x_wconf 92' lang='lat' dir='ltr'>e</span> <span class='ocrx_word' id='word_1_134' title='bbox 1559 1121 1768 1161; x_wconf 86' lang='lat' dir='ltr'>contrario</span> 
     </span>
     <span class='ocr_line' id='line_1_20' title="bbox 138 1187 1769 1244; baseline 0.002 -16"><span class='ocrx_word' id='word_1_135' title='bbox 138 1198 288 1229; x_wconf 86' lang='lat' dir='ltr'>uxores</span> <span class='ocrx_word' id='word_1_136' title='bbox 314 1188 496 1230; x_wconf 74' lang='lat' dir='ltr'>virorum</span> <span class='ocrx_word' id='word_1_137' title='bbox 523 1187 843 1231; x_wconf 88' lang='lat' dir='ltr'>christianorum</span> <span class='ocrx_word' id='word_1_138' title='bbox 870 1191 907 1231; x_wconf 93' lang='lat' dir='ltr'>in</span> <span class='ocrx_word' id='word_1_139' title='bbox 934 1188 1040 1232; x_wconf 88' lang='lat' dir='ltr'>bello</span> <span class='ocrx_word' id='word_1_140' title='bbox 1074 1190 1384 1232; x_wconf 85' lang='lat' dir='ltr'>interfectorum</span> <span class='ocrx_word' id='word_1_141' title='bbox 1413 1201 1529 1244; x_wconf 89' lang='lat' dir='ltr'>posse</span> <span class='ocrx_word' id='word_1_142' title='bbox 1551 1190 1769 1232; x_wconf 77' lang='lat' dir='ltr'>Saracenis</span> 
     </span>
     <span class='ocr_line' id='line_1_21' title="bbox 134 1256 1765 1315; baseline 0.002 -17"><span class='ocrx_word' id='word_1_143' title='bbox 134 1258 350 1299; x_wconf 87' lang='lat' dir='ltr'>conversis</span> <span class='ocrx_word' id='word_1_144' title='bbox 378 1256 548 1309; x_wconf 77' lang='lat' dir='ltr'>nubere,</span> <span class='ocrx_word' id='word_1_145' title='bbox 573 1272 667 1301; x_wconf 91' lang='lat' dir='ltr'>cum</span> <span class='ocrx_word' id='word_1_146' title='bbox 707 1275 729 1300; x_wconf 88' lang='lat'>«</span> <span class='ocrx_word' id='word_1_147' title='bbox 754 1259 855 1302; x_wconf 91' lang='lat' dir='ltr'>tales</span> <span class='ocrx_word' id='word_1_148' title='bbox 888 1272 967 1302; x_wconf 93' lang='lat' dir='ltr'>non</span> <span class='ocrx_word' id='word_1_149' title='bbox 995 1261 1315 1315; x_wconf 79' lang='lat' dir='ltr'>procuraverint</span> <span class='ocrx_word' id='word_1_150' title='bbox 1343 1261 1527 1302; x_wconf 77' lang='lat' dir='ltr'>virorum</span> <span class='ocrx_word' id='word_1_151' title='bbox 1554 1261 1765 1302; x_wconf 90' lang='lat' dir='ltr'>interitum</span> 
     </span>
     <span class='ocr_line' id='line_1_22' title="bbox 135 1326 1768 1386; baseline 0.002 -17"><span class='ocrx_word' id='word_1_152' title='bbox 135 1326 426 1370; x_wconf 80' lang='lat' dir='ltr'>defunctorum</span> <span class='ocrx_word' id='word_1_153' title='bbox 451 1343 492 1371; x_wconf 74' lang='lat' dir='ltr'>n.</span> <span class='ocrx_word' id='word_1_154' title='bbox 525 1326 731 1380; x_wconf 84' lang='lat' dir='ltr'>Quamvis</span> <span class='ocrx_word' id='word_1_155' title='bbox 764 1334 887 1386; x_wconf 91' lang='lat' dir='ltr'>caput</span> <span class='ocrx_word' id='word_1_156' title='bbox 919 1332 1090 1373; x_wconf 89' lang='lat' dir='ltr'>citatum</span> <span class='ocrx_word' id='word_1_157' title='bbox 1117 1343 1196 1373; x_wconf 90' lang='lat' dir='ltr'>non</span> <span class='ocrx_word' id='word_1_158' title='bbox 1221 1332 1428 1386; x_wconf 82' lang='lat' dir='ltr'>exprimat</span> <span class='ocrx_word' id='word_1_159' title='bbox 1452 1329 1649 1373; x_wconf 85' lang='lat' dir='ltr'>delictum</span> <span class='ocrx_word' id='word_1_160' title='bbox 1676 1342 1768 1386; x_wconf 91' lang='lat' dir='ltr'>per-</span> 
     </span>
     <span class='ocr_line' id='line_1_23' title="bbox 136 1397 1767 1455; baseline 0.002 -16"><span class='ocrx_word' id='word_1_161' title='bbox 136 1397 382 1452; x_wconf 88' lang='lat' dir='ltr'>petrandum</span> <span class='ocrx_word' id='word_1_162' title='bbox 417 1411 506 1441; x_wconf 88' lang='lat' dir='ltr'>esse</span> <span class='ocrx_word' id='word_1_163' title='bbox 540 1401 688 1442; x_wconf 87' lang='lat' dir='ltr'>intuitu</span> <span class='ocrx_word' id='word_1_164' title='bbox 725 1402 977 1443; x_wconf 87' lang='lat' dir='ltr'>matrimonii</span> <span class='ocrx_word' id='word_1_165' title='bbox 1012 1413 1105 1444; x_wconf 91' lang='lat' dir='ltr'>cum</span> <span class='ocrx_word' id='word_1_166' title='bbox 1141 1403 1253 1443; x_wconf 90' lang='lat' dir='ltr'>socio</span> <span class='ocrx_word' id='word_1_167' title='bbox 1287 1400 1551 1455; x_wconf 89' lang='lat' dir='ltr'>coniugicida</span> <span class='ocrx_word' id='word_1_168' title='bbox 1586 1400 1767 1443; x_wconf 84' lang='lat' dir='ltr'>ineundi.</span> 
     </span>
     <span class='ocr_line' id='line_1_24' title="bbox 139 1466 1766 1528; baseline 0.002 -19"><span class='ocrx_word' id='word_1_169' title='bbox 139 1466 200 1510; x_wconf 81' lang='lat' dir='ltr'>vel</span> <span class='ocrx_word' id='word_1_170' title='bbox 235 1481 329 1511; x_wconf 91' lang='lat' dir='ltr'>cum</span> <span class='ocrx_word' id='word_1_171' title='bbox 366 1482 446 1512; x_wconf 92' lang='lat' dir='ltr'>uno</span> <span class='ocrx_word' id='word_1_172' title='bbox 480 1483 530 1513; x_wconf 86' lang='lat' dir='ltr'>ex</span> <span class='ocrx_word' id='word_1_173' title='bbox 565 1472 636 1523; x_wconf 73' lang='lat' dir='ltr'>eis,</span> <span class='ocrx_word' id='word_1_174' title='bbox 672 1473 703 1513; x_wconf 92' lang='lat' dir='ltr'>si</span> <span class='ocrx_word' id='word_1_175' title='bbox 740 1472 891 1514; x_wconf 86' lang='lat' dir='ltr'>fuerint</span> <span class='ocrx_word' id='word_1_176' title='bbox 927 1471 1080 1528; x_wconf 81' lang='lat' dir='ltr'>plures,</span> <span class='ocrx_word' id='word_1_177' title='bbox 1118 1471 1315 1515; x_wconf 77' lang='lat' dir='ltr'>Doctores</span> <span class='ocrx_word' id='word_1_178' title='bbox 1350 1470 1455 1514; x_wconf 91' lang='lat' dir='ltr'>hanc</span> <span class='ocrx_word' id='word_1_179' title='bbox 1488 1471 1766 1514; x_wconf 91' lang='lat' dir='ltr'>conditionem</span> 
     </span>
     <span class='ocr_line' id='line_1_25' title="bbox 135 1538 1766 1598; baseline 0.002 -17"><span class='ocrx_word' id='word_1_180' title='bbox 135 1551 185 1581; x_wconf 86' lang='lat' dir='ltr'>ex</span> <span class='ocrx_word' id='word_1_181' title='bbox 219 1538 365 1582; x_wconf 88' lang='lat' dir='ltr'>eodem</span> <span class='ocrx_word' id='word_1_182' title='bbox 400 1546 509 1597; x_wconf 68' lang='lat' dir='ltr'>cap.e</span> <span class='ocrx_word' id='word_1_183' title='bbox 541 1541 786 1597; x_wconf 77' lang='lat' dir='ltr'>arguebant.</span> <span class='ocrx_word' id='word_1_184' title='bbox 822 1542 926 1596; x_wconf 84' lang='lat' dir='ltr'>Quia</span> <span class='ocrx_word' id='word_1_185' title='bbox 964 1555 1065 1585; x_wconf 87' lang='lat' dir='ltr'>vero</span> <span class='ocrx_word' id='word_1_186' title='bbox 1100 1542 1279 1598; x_wconf 90' lang='lat' dir='ltr'>idipsum</span> <span class='ocrx_word' id='word_1_187' title='bbox 1300 1555 1375 1585; x_wconf 83' lang='lat' dir='ltr'>nec</span> <span class='ocrx_word' id='word_1_188' title='bbox 1396 1541 1595 1598; x_wconf 85' lang='lat' dir='ltr'>implicite</span> <span class='ocrx_word' id='word_1_189' title='bbox 1620 1544 1657 1584; x_wconf 93' lang='lat' dir='ltr'>in</span> <span class='ocrx_word' id='word_1_190' title='bbox 1692 1555 1766 1585; x_wconf 91' lang='lat' dir='ltr'>nu·</span> 
     </span>
     <span class='ocr_line' id='line_1_26' title="bbox 137 1610 1767 1670; baseline 0.002 -18"><span class='ocrx_word' id='word_1_191' title='bbox 137 1611 262 1653; x_wconf 89' lang='lat' dir='ltr'>meris</span> <span class='ocrx_word' id='word_1_192' title='bbox 296 1610 339 1653; x_wconf 73' lang='lat'>⁶2⁰</span> <span class='ocrx_word' id='word_1_193' title='bbox 372 1623 419 1655; x_wconf 90' lang='lat' dir='ltr'>ac</span> <span class='ocrx_word' id='word_1_194' title='bbox 454 1610 498 1654; x_wconf 86' lang='lat'>3⁰</span> <span class='ocrx_word' id='word_1_195' title='bbox 531 1615 807 1667; x_wconf 76' lang='lat' dir='ltr'>contineatur,</span> <span class='ocrx_word' id='word_1_196' title='bbox 842 1618 881 1656; x_wconf 89' lang='lat' dir='ltr'>et</span> <span class='ocrx_word' id='word_1_197' title='bbox 913 1616 1056 1670; x_wconf 86' lang='lat' dir='ltr'>praxis</span> <span class='ocrx_word' id='word_1_198' title='bbox 1098 1615 1403 1657; x_wconf 84' lang='lat' dir='ltr'>recurrentium</span> <span class='ocrx_word' id='word_1_199' title='bbox 1450 1626 1523 1669; x_wconf 90' lang='lat' dir='ltr'>pro</span> <span class='ocrx_word' id='word_1_200' title='bbox 1556 1612 1767 1669; x_wconf 87' lang='lat' dir='ltr'>dispensa·</span> 
     </span>
     <span class='ocr_line' id='line_1_27' title="bbox 135 1682 1767 1741; baseline 0.001 -17"><span class='ocrx_word' id='word_1_201' title='bbox 135 1682 247 1725; x_wconf 90' lang='lat' dir='ltr'>tione</span> <span class='ocrx_word' id='word_1_202' title='bbox 280 1694 328 1726; x_wconf 91' lang='lat' dir='ltr'>ac</span> <span class='ocrx_word' id='word_1_203' title='bbox 361 1682 631 1740; x_wconf 72' lang='lat' dir='ltr'>Super-iorum</span> <span class='ocrx_word' id='word_1_204' title='bbox 667 1684 996 1741; x_wconf 88' lang='lat' dir='ltr'>dispensantium</span> <span class='ocrx_word' id='word_1_205' title='bbox 1031 1687 1083 1728; x_wconf 91' lang='lat' dir='ltr'>sit</span> <span class='ocrx_word' id='word_1_206' title='bbox 1116 1698 1194 1727; x_wconf 89' lang='lat' dir='ltr'>nou</span> <span class='ocrx_word' id='word_1_207' title='bbox 1229 1696 1378 1728; x_wconf 88' lang='lat' dir='ltr'>curare</span> <span class='ocrx_word' id='word_1_208' title='bbox 1412 1684 1463 1727; x_wconf 91' lang='lat' dir='ltr'>de</span> <span class='ocrx_word' id='word_1_209' title='bbox 1498 1684 1564 1727; x_wconf 90' lang='lat' dir='ltr'>illa</span> <span class='ocrx_word' id='word_1_210' title='bbox 1588 1686 1767 1728; x_wconf 87' lang='lat' dir='ltr'>circum-</span> 
     </span>
     <span class='ocr_line' id='line_1_28' title="bbox 133 1755 1768 1812; baseline 0.001 -17"><span class='ocrx_word' id='word_1_211' title='bbox 133 1755 298 1805; x_wconf 86' lang='lat' dir='ltr'>stantia,</span> <span class='ocrx_word' id='word_1_212' title='bbox 331 1766 439 1811; x_wconf 90' lang='lat' dir='ltr'>quae</span> <span class='ocrx_word' id='word_1_213' title='bbox 487 1757 731 1812; x_wconf 77' lang='lat' dir='ltr'>ceteroquin</span> <span class='ocrx_word' id='word_1_214' title='bbox 783 1758 1064 1812; x_wconf 88' lang='lat' dir='ltr'>praesumitur</span> <span class='ocrx_word' id='word_1_215' title='bbox 1111 1769 1161 1799; x_wconf 87' lang='lat' dir='ltr'>ex</span> <span class='ocrx_word' id='word_1_216' title='bbox 1200 1757 1389 1798; x_wconf 86' lang='lat' dir='ltr'>criminis</span> <span class='ocrx_word' id='word_1_217' title='bbox 1421 1757 1768 1803; x_wconf 80' lang='lat' dir='ltr'>circumstantiis:</span> 
     </span>
     <span class='ocr_line' id='line_1_29' title="bbox 133 1825 1768 1883; baseline 0.001 -17"><span class='ocrx_word' id='word_1_218' title='bbox 133 1835 282 1867; x_wconf 89' lang='lat' dir='ltr'>censeo</span> <span class='ocrx_word' id='word_1_219' title='bbox 320 1827 358 1867; x_wconf 89' lang='lat' dir='ltr'>vi</span> <span class='ocrx_word' id='word_1_220' title='bbox 391 1828 562 1869; x_wconf 87' lang='lat' dir='ltr'>canonis</span> <span class='ocrx_word' id='word_1_221' title='bbox 596 1831 684 1882; x_wconf 88' lang='lat' dir='ltr'>post</span> <span class='ocrx_word' id='word_1_222' title='bbox 717 1825 881 1871; x_wconf 90' lang='lat' dir='ltr'>Codicis</span> <span class='ocrx_word' id='word_1_223' title='bbox 917 1828 1104 1883; x_wconf 87' lang='lat' dir='ltr'>vigorem</span> <span class='ocrx_word' id='word_1_224' title='bbox 1141 1839 1219 1869; x_wconf 91' lang='lat' dir='ltr'>non</span> <span class='ocrx_word' id='word_1_225' title='bbox 1256 1828 1410 1883; x_wconf 82' lang='lat' dir='ltr'>requiri</span> <span class='ocrx_word' id='word_1_226' title='bbox 1438 1825 1547 1868; x_wconf 91' lang='lat' dir='ltr'>illam</span> <span class='ocrx_word' id='word_1_227' title='bbox 1573 1828 1768 1869; x_wconf 87' lang='lat' dir='ltr'>crimino·</span> 
     </span>
     <span class='ocr_line' id='line_1_30' title="bbox 134 1896 1770 1953; baseline 0.002 -16"><span class='ocrx_word' id='word_1_228' title='bbox 134 1907 273 1938; x_wconf 90' lang='lat' dir='ltr'>sorum</span> <span class='ocrx_word' id='word_1_229' title='bbox 311 1898 596 1940; x_wconf 90' lang='lat' dir='ltr'>intentionem.</span> <span class='ocrx_word' id='word_1_230' title='bbox 645 1897 676 1940; x_wconf 91' lang='lat' dir='ltr'>E</span> <span class='ocrx_word' id='word_1_231' title='bbox 727 1902 870 1941; x_wconf 87' lang='lat' dir='ltr'>contra</span> <span class='ocrx_word' id='word_1_232' title='bbox 919 1900 1148 1941; x_wconf 89' lang='lat' dir='ltr'>sententiae</span> <span class='ocrx_word' id='word_1_233' title='bbox 1198 1896 1420 1940; x_wconf 91' lang='lat' dir='ltr'>Doctorum</span> <span class='ocrx_word' id='word_1_234' title='bbox 1468 1897 1636 1953; x_wconf 77' lang='lat' dir='ltr'>praec.¹⁵</span> <span class='ocrx_word' id='word_1_235' title='bbox 1669 1898 1770 1940; x_wconf 90' lang='lat' dir='ltr'>iuris</span> 
     </span>
     <span class='ocr_line' id='line_1_31' title="bbox 135 1967 1768 2024; baseline 0.001 -16"><span class='ocrx_word' id='word_1_236' title='bbox 135 1968 363 2019; x_wconf 78' lang='lat' dir='ltr'>consentio,</span> <span class='ocrx_word' id='word_1_237' title='bbox 411 1967 510 2010; x_wconf 89' lang='lat' dir='ltr'>dum</span> <span class='ocrx_word' id='word_1_238' title='bbox 559 1973 749 2011; x_wconf 90' lang='lat' dir='ltr'>asserunt</span> <span class='ocrx_word' id='word_1_239' title='bbox 792 1968 868 2012; x_wconf 87' lang='lat' dir='ltr'>hoc</span> <span class='ocrx_word' id='word_1_240' title='bbox 919 1969 1264 2024; x_wconf 84' lang='lat' dir='ltr'>impedimentum</span> <span class='ocrx_word' id='word_1_241' title='bbox 1316 1967 1445 2023; x_wconf 87' lang='lat' dir='ltr'>ligare</span> <span class='ocrx_word' id='word_1_242' title='bbox 1478 1980 1645 2024; x_wconf 91' lang='lat' dir='ltr'>quoque</span> <span class='ocrx_word' id='word_1_243' title='bbox 1681 1972 1768 2024; x_wconf 86' lang='lat' dir='ltr'>post</span> 
     </span>
     <span class='ocr_line' id='line_1_32' title="bbox 136 2035 1766 2096; baseline 0.001 -17"><span class='ocrx_word' id='word_1_244' title='bbox 136 2035 386 2093; x_wconf 89' lang='lat' dir='ltr'>baptismum</span> <span class='ocrx_word' id='word_1_245' title='bbox 437 2052 671 2094; x_wconf 89' lang='lat' dir='ltr'>personam,</span> <span class='ocrx_word' id='word_1_246' title='bbox 719 2052 826 2096; x_wconf 90' lang='lat' dir='ltr'>quae</span> <span class='ocrx_word' id='word_1_247' title='bbox 874 2039 1011 2083; x_wconf 88' lang='lat' dir='ltr'>adhuc</span> <span class='ocrx_word' id='word_1_248' title='bbox 1056 2041 1093 2081; x_wconf 91' lang='lat' dir='ltr'>in</span> <span class='ocrx_word' id='word_1_249' title='bbox 1144 2038 1388 2082; x_wconf 88' lang='lat' dir='ltr'>intidelitate</span> <span class='ocrx_word' id='word_1_250' title='bbox 1436 2038 1766 2095; x_wconf 90' lang='lat' dir='ltr'>coniugicidium</span> 
     </span>
     <span class='ocr_line' id='line_1_33' title="bbox 137 2109 1211 2166; baseline 0.005 -17"><span class='ocrx_word' id='word_1_251' title='bbox 137 2110 330 2162; x_wconf 81' lang='lat' dir='ltr'>patravit,</span> <span class='ocrx_word' id='word_1_252' title='bbox 365 2113 407 2151; x_wconf 88' lang='lat' dir='ltr'>ut</span> <span class='ocrx_word' id='word_1_253' title='bbox 440 2114 584 2166; x_wconf 91' lang='lat' dir='ltr'>aperte</span> <span class='ocrx_word' id='word_1_254' title='bbox 617 2110 796 2154; x_wconf 88' lang='lat' dir='ltr'>traditur</span> <span class='ocrx_word' id='word_1_255' title='bbox 830 2113 867 2153; x_wconf 92' lang='lat' dir='ltr'>in</span> <span class='ocrx_word' id='word_1_256' title='bbox 903 2109 992 2154; x_wconf 89' lang='lat' dir='ltr'>cit.⁰</span> <span class='ocrx_word' id='word_1_257' title='bbox 1026 2123 1116 2166; x_wconf 85' lang='lat' dir='ltr'>cap.</span> <span class='ocrx_word' id='word_1_258' title='bbox 1154 2109 1211 2154; x_wconf 87' lang='lat'>1⁰.</span> 
     </span>
    </p>

    <p class='ocr_par' dir='ltr' id='par_1_8' title="bbox 135 2177 1769 2663">
     <span class='ocr_line' id='line_1_34' title="bbox 254 2177 1765 2238; baseline 0.001 -17"><span class='ocrx_word' id='word_1_259' title='bbox 254 2177 466 2223; x_wconf 89' lang='lat' dir='ltr'>Postremo</span> <span class='ocrx_word' id='word_1_260' title='bbox 498 2180 649 2224; x_wconf 87' lang='lat' dir='ltr'>addam</span> <span class='ocrx_word' id='word_1_261' title='bbox 686 2180 810 2225; x_wconf 92' lang='lat' dir='ltr'>huius</span> <span class='ocrx_word' id='word_1_262' title='bbox 843 2181 1130 2238; x_wconf 90' lang='lat' dir='ltr'>impedimenti</span> <span class='ocrx_word' id='word_1_263' title='bbox 1156 2182 1337 2223; x_wconf 90' lang='lat' dir='ltr'>rationes</span> <span class='ocrx_word' id='word_1_264' title='bbox 1361 2182 1475 2222; x_wconf 82' lang='lat' dir='ltr'>iuxta</span> <span class='ocrx_word' id='word_1_265' title='bbox 1499 2192 1765 2223; x_wconf 89' lang='lat' dir='ltr'>communem</span> 
     </span>
     <span class='ocr_line' id='line_1_35' title="bbox 135 2246 1768 2307; baseline 0.001 -16"><span class='ocrx_word' id='word_1_266' title='bbox 135 2246 374 2292; x_wconf 89' lang='lat' dir='ltr'>Doctorum.</span> <span class='ocrx_word' id='word_1_267' title='bbox 409 2249 593 2294; x_wconf 89' lang='lat' dir='ltr'>Ecclesia</span> <span class='ocrx_word' id='word_1_268' title='bbox 629 2251 728 2295; x_wconf 92' lang='lat' dir='ltr'>illud</span> <span class='ocrx_word' id='word_1_269' title='bbox 765 2253 871 2306; x_wconf 67' lang='lat' dir='ltr'>tulit,</span> <span class='ocrx_word' id='word_1_270' title='bbox 894 2256 933 2296; x_wconf 89' lang='lat' dir='ltr'>et</span> <span class='ocrx_word' id='word_1_271' title='bbox 957 2254 994 2294; x_wconf 89' lang='lat' dir='ltr'>in</span> <span class='ocrx_word' id='word_1_272' title='bbox 1020 2252 1161 2294; x_wconf 91' lang='lat' dir='ltr'>odium</span> <span class='ocrx_word' id='word_1_273' title='bbox 1186 2250 1468 2307; x_wconf 85' lang='lat' dir='ltr'>(potiusquam</span> <span class='ocrx_word' id='word_1_274' title='bbox 1505 2252 1542 2293; x_wconf 91' lang='lat' dir='ltr'>in</span> <span class='ocrx_word' id='word_1_275' title='bbox 1578 2263 1768 2307; x_wconf 75' lang='lat' dir='ltr'>poenam,</span> 
     </span>
     <span class='ocr_line' id='line_1_36' title="bbox 136 2318 1768 2380; baseline 0.001 -18"><span class='ocrx_word' id='word_1_276' title='bbox 136 2318 238 2364; x_wconf 90' lang='lat' dir='ltr'>haec</span> <span class='ocrx_word' id='word_1_277' title='bbox 271 2323 380 2364; x_wconf 90' lang='lat' dir='ltr'>enim</span> <span class='ocrx_word' id='word_1_278' title='bbox 417 2324 454 2364; x_wconf 94' lang='lat' dir='ltr'>in</span> <span class='ocrx_word' id='word_1_279' title='bbox 489 2321 642 2366; x_wconf 88' lang='lat' dir='ltr'>Codice</span> <span class='ocrx_word' id='word_1_280' title='bbox 676 2322 835 2380; x_wconf 85' lang='lat' dir='ltr'>exulat)</span> <span class='ocrx_word' id='word_1_281' title='bbox 885 2325 1096 2366; x_wconf 90' lang='lat' dir='ltr'>commissi</span> <span class='ocrx_word' id='word_1_282' title='bbox 1145 2324 1347 2376; x_wconf 88' lang='lat' dir='ltr'>criminis,</span> <span class='ocrx_word' id='word_1_283' title='bbox 1392 2323 1568 2365; x_wconf 89' lang='lat' dir='ltr'>iniuriae</span> <span class='ocrx_word' id='word_1_284' title='bbox 1611 2321 1768 2365; x_wconf 88' lang='lat' dir='ltr'>scilicet</span> 
     </span>
     <span class='ocr_line' id='line_1_37' title="bbox 137 2389 1769 2449; baseline 0.001 -16"><span class='ocrx_word' id='word_1_285' title='bbox 137 2389 274 2435; x_wconf 87' lang='lat' dir='ltr'>illatae</span> <span class='ocrx_word' id='word_1_286' title='bbox 306 2395 473 2449; x_wconf 88' lang='lat' dir='ltr'>coniugi</span> <span class='ocrx_word' id='word_1_287' title='bbox 509 2395 716 2437; x_wconf 85' lang='lat' dir='ltr'>innocenti</span> <span class='ocrx_word' id='word_1_288' title='bbox 766 2406 814 2437; x_wconf 80' lang='lat' dir='ltr'>ac</span> <span class='ocrx_word' id='word_1_289' title='bbox 859 2396 1138 2447; x_wconf 77' lang='lat' dir='ltr'>matrimonio,</span> <span class='ocrx_word' id='word_1_290' title='bbox 1172 2398 1212 2437; x_wconf 90' lang='lat' dir='ltr'>et</span> <span class='ocrx_word' id='word_1_291' title='bbox 1246 2398 1288 2436; x_wconf 91' lang='lat' dir='ltr'>ut</span> <span class='ocrx_word' id='word_1_292' title='bbox 1332 2392 1605 2436; x_wconf 90' lang='lat' dir='ltr'>incolumitati</span> <span class='ocrx_word' id='word_1_293' title='bbox 1642 2394 1769 2449; x_wconf 83' lang='lat' dir='ltr'>ipsius</span> 
     </span>
     <span class='ocr_line' id='line_1_38' title="bbox 136 2462 1769 2521; baseline 0.001 -17"><span class='ocrx_word' id='word_1_294' title='bbox 136 2463 366 2506; x_wconf 89' lang='lat' dir='ltr'>innocentis</span> <span class='ocrx_word' id='word_1_295' title='bbox 397 2466 587 2520; x_wconf 80' lang='lat' dir='ltr'>coniugis</span> <span class='ocrx_word' id='word_1_296' title='bbox 620 2465 870 2519; x_wconf 79' lang='lat' dir='ltr'>consuleret,</span> <span class='ocrx_word' id='word_1_297' title='bbox 905 2478 955 2508; x_wconf 94' lang='lat' dir='ltr'>ne</span> <span class='ocrx_word' id='word_1_298' title='bbox 988 2478 1082 2521; x_wconf 89' lang='lat' dir='ltr'>spes</span> <span class='ocrx_word' id='word_1_299' title='bbox 1126 2465 1249 2507; x_wconf 81' lang='lat' dir='ltr'>futuri</span> <span class='ocrx_word' id='word_1_300' title='bbox 1297 2465 1549 2506; x_wconf 86' lang='lat' dir='ltr'>matrimonii</span> <span class='ocrx_word' id='word_1_301' title='bbox 1585 2462 1653 2506; x_wconf 90' lang='lat' dir='ltr'>det</span> <span class='ocrx_word' id='word_1_302' title='bbox 1689 2465 1769 2506; x_wconf 88' lang='lat' dir='ltr'>reis</span> 
     </span>
     <span class='ocr_line' id='line_1_39' title="bbox 135 2533 1764 2593; baseline 0.001 -18"><span class='ocrx_word' id='word_1_303' title='bbox 135 2545 278 2576; x_wconf 86' lang='lat' dir='ltr'>ansam</span> <span class='ocrx_word' id='word_1_304' title='bbox 311 2535 541 2591; x_wconf 86' lang='lat' dir='ltr'>captandae</span> <span class='ocrx_word' id='word_1_305' title='bbox 585 2536 694 2580; x_wconf 92' lang='lat' dir='ltr'>illius</span> <span class='ocrx_word' id='word_1_306' title='bbox 737 2539 896 2590; x_wconf 74' lang='lat' dir='ltr'>mortis,</span> <span class='ocrx_word' id='word_1_307' title='bbox 929 2549 977 2580; x_wconf 91' lang='lat' dir='ltr'>ac</span> <span class='ocrx_word' id='word_1_308' title='bbox 1009 2536 1176 2580; x_wconf 87' lang='lat' dir='ltr'>tandem</span> <span class='ocrx_word' id='word_1_309' title='bbox 1211 2537 1307 2593; x_wconf 90' lang='lat' dir='ltr'>quia</span> <span class='ocrx_word' id='word_1_310' title='bbox 1352 2533 1591 2577; x_wconf 87' lang='lat' dir='ltr'>huiusmodi</span> <span class='ocrx_word' id='word_1_311' title='bbox 1628 2536 1764 2577; x_wconf 85' lang='lat' dir='ltr'>matri-</span> 
     </span>
     <span class='ocr_line' id='line_1_40' title="bbox 137 2605 1358 2663; baseline 0.002 -19"><span class='ocrx_word' id='word_1_312' title='bbox 137 2605 319 2647; x_wconf 89' lang='lat' dir='ltr'>monium</span> <span class='ocrx_word' id='word_1_313' title='bbox 354 2606 458 2649; x_wconf 89' lang='lat' dir='ltr'>toret</span> <span class='ocrx_word' id='word_1_314' title='bbox 491 2606 656 2662; x_wconf 88' lang='lat' dir='ltr'>publice</span> <span class='ocrx_word' id='word_1_315' title='bbox 690 2607 955 2651; x_wconf 86' lang='lat' dir='ltr'>inhonestum</span> <span class='ocrx_word' id='word_1_316' title='bbox 989 2612 1029 2650; x_wconf 89' lang='lat' dir='ltr'>et</span> <span class='ocrx_word' id='word_1_317' title='bbox 1064 2608 1358 2663; x_wconf 88' lang='lat' dir='ltr'>perniciosum.</span> 
     </span>
    </p>

    <p class='ocr_par' dir='ltr' id='par_1_9' title="bbox 135 2674 1768 2949">
     <span class='ocr_line' id='line_1_41' title="bbox 255 2674 1765 2736; baseline -0.003 -13"><span class='ocrx_word' id='word_1_318' title='bbox 255 2674 350 2718; x_wconf 77' lang='lat'>473-</span> <span class='ocrx_word' id='word_1_319' title='bbox 386 2677 686 2736; x_wconf 82' lang='lat' dir='ltr'>Quintupiex</span> <span class='ocrx_word' id='word_1_320' title='bbox 719 2681 954 2736; x_wconf 87' lang='lat' dir='ltr'>cognatio</span> <span class='ocrx_word' id='word_1_321' title='bbox 991 2682 1040 2724; x_wconf 86' lang='lat' dir='ltr'>et</span> <span class='ocrx_word' id='word_1_322' title='bbox 1077 2679 1459 2734; x_wconf 82' lang='lat' dir='ltr'>uniuscuiusque</span> <span class='ocrx_word' id='word_1_323' title='bbox 1480 2677 1765 2721; x_wconf 84' lang='lat' dir='ltr'>fundamen-</span> 
     </span>
     <span class='ocr_line' id='line_1_42' title="bbox 135 2748 1767 2807; baseline -0.006 -11"><span class='ocrx_word' id='word_1_324' title='bbox 135 2755 236 2796; x_wconf 86' lang='lat' dir='ltr'>tum</span> <span class='ocrx_word' id='word_1_325' title='bbox 259 2751 377 2797; x_wconf 82' lang='lat' dir='ltr'>facti</span> <span class='ocrx_word' id='word_1_326' title='bbox 401 2765 460 2797; x_wconf 89' lang='lat' dir='ltr'>ac</span> <span class='ocrx_word' id='word_1_327' title='bbox 482 2753 615 2797; x_wconf 84' lang='lat' dir='ltr'>iuris.</span> <span class='ocrx_word' id='word_1_328' title='bbox 639 2777 696 2782; x_wconf 88' lang='lat'>—</span> <span class='ocrx_word' id='word_1_329' title='bbox 718 2749 917 2807; x_wconf 88' lang='lat' dir='ltr'>Cognatio</span> <span class='ocrx_word' id='word_1_330' title='bbox 943 2752 981 2792; x_wconf 94' lang='lat' dir='ltr'>in</span> <span class='ocrx_word' id='word_1_331' title='bbox 1005 2762 1160 2806; x_wconf 85' lang='lat' dir='ltr'>genere</span> <span class='ocrx_word' id='word_1_332' title='bbox 1184 2752 1245 2791; x_wconf 89' lang='lat' dir='ltr'>est</span> <span class='ocrx_word' id='word_1_333' title='bbox 1272 2764 1294 2788; x_wconf 86' lang='lat'>«</span> <span class='ocrx_word' id='word_1_334' title='bbox 1318 2748 1606 2804; x_wconf 79' lang='lat' dir='ltr'>propinquitas</span> <span class='ocrx_word' id='word_1_335' title='bbox 1631 2759 1767 2801; x_wconf 76' lang='lat' dir='ltr'>perso-</span> 
     </span>
     <span class='ocr_line' id='line_1_43' title="bbox 137 2819 1768 2880; baseline -0.005 -16"><span class='ocrx_word' id='word_1_336' title='bbox 137 2834 300 2874; x_wconf 77' lang='lat' dir='ltr'>narum,</span> <span class='ocrx_word' id='word_1_337' title='bbox 326 2822 430 2865; x_wconf 89' lang='lat' dir='ltr'>idest</span> <span class='ocrx_word' id='word_1_338' title='bbox 451 2821 658 2880; x_wconf 82' lang='lat' dir='ltr'>quaedam</span> <span class='ocrx_word' id='word_1_339' title='bbox 682 2823 1006 2865; x_wconf 85' lang='lat' dir='ltr'>communicatio</span> <span class='ocrx_word' id='word_1_340' title='bbox 1040 2831 1216 2863; x_wconf 89' lang='lat' dir='ltr'>causans</span> <span class='ocrx_word' id='word_1_341' title='bbox 1248 2820 1474 2862; x_wconf 88' lang='lat' dir='ltr'>amicitiam</span> <span class='ocrx_word' id='word_1_342' title='bbox 1501 2819 1606 2859; x_wconf 87' lang='lat' dir='ltr'>inter</span> <span class='ocrx_word' id='word_1_343' title='bbox 1632 2829 1768 2871; x_wconf 72' lang='lat' dir='ltr'>perso-</span> 
     </span>
     <span class='ocr_line' id='line_1_44' title="bbox 137 2885 1762 2949; baseline -0.005 -14"><span class='ocrx_word' id='word_1_344' title='bbox 137 2905 222 2948; x_wconf 84' lang='lat' dir='ltr'>nas,</span> <span class='ocrx_word' id='word_1_345' title='bbox 247 2898 335 2936; x_wconf 87' lang='lat' dir='ltr'>orta</span> <span class='ocrx_word' id='word_1_346' title='bbox 360 2905 409 2935; x_wconf 80' lang='lat' dir='ltr'>ex</span> <span class='ocrx_word' id='word_1_347' title='bbox 434 2896 715 2949; x_wconf 86' lang='lat' dir='ltr'>generationis</span> <span class='ocrx_word' id='word_1_348' title='bbox 731 2898 842 2947; x_wconf 75' lang='lat' dir='ltr'>actu,</span> <span class='ocrx_word' id='word_1_349' title='bbox 865 2892 998 2936; x_wconf 86' lang='lat' dir='ltr'>velex</span> <span class='ocrx_word' id='word_1_350' title='bbox 1018 2895 1112 2935; x_wconf 93' lang='lat' dir='ltr'>actu</span> <span class='ocrx_word' id='word_1_351' title='bbox 1137 2890 1271 2934; x_wconf 89' lang='lat' dir='ltr'>eidem</span> <span class='ocrx_word' id='word_1_352' title='bbox 1297 2888 1472 2944; x_wconf 92' lang='lat' dir='ltr'>analogo</span> <span class='ocrx_word' id='word_1_353' title='bbox 1490 2886 1627 2930; x_wconf 88' lang='lat' dir='ltr'>autad</span> <span class='ocrx_word' id='word_1_354' title='bbox 1651 2885 1762 2928; x_wconf 88' lang='lat' dir='ltr'>illum</span> 
     </span>
    </p>
   </div>
  </div>
 </body>
</html>
