1971 3261
354 1151 395 1213 —d
424 1130 505 1166 vali·
544 1151 584 1155 —
612 1130 789 1165 ordinario
814 1141 852 1165 ac
879 1130 1153 1165 extraordinario
1715 1128 1802 1165 Can.
1834 1154 1843 1164 ι

399 1188 439 1213 ae
483 1199 517 1202 —

543 1246 585 1250 —
613 1225 672 1260 sed
699 1223 892 1270 prohibitae
918 1223 1052 1259 ratione
1078 1223 1264 1259 ordinandi
1763 1237 1778 1256 ›>
1835 1247 1845 1258 ι

152 1271 264 1318 Caput
292 1271 313 1307 Ι.

153 1319 199 1354 De
227 1319 328 1354 mini·
543 1341 585 1344 —
605 1329 742 1365 nempe:
760 1318 1031 1354 consecrationis
1063 1339 1106 1343 —
1135 1322 1273 1364 propter
1299 1318 1402 1353 huius
1429 1317 1697 1353 reservationem
1763 1331 1778 1350 »

128 1371 198 1402 stro
209 1378 326 1402 sacrae
565 1366 737 1412 episcopal
745 1366 771 1400 is
1005 1386 1044 1391 -—

127 1414 320 1467 ordinatio·
1063 1432 1106 1439 -
1134 1416 1286 1458 quotque
1312 1411 1489 1458 Episcopis
1513 1411 1681 1447 adhibitis

127 1473 183 1496 nis
297 1483 333 1488 -
1111 1507 1117 1512 .
1892 1504 1899 1513 ἱ

1046 1529 1083 1532 -
1111 1518 1146 1541 in
1173 1517 1299 1551 genere
1763 1520 1779 1538 »
1835 1531 1845 1541 2

1043 1622 1083 1626 -—
1109 1601 1261 1646 singulo·
1300 1622 1341 1627 ——
1369 1601 1404 1634 in
1432 1600 1646 1636 dioecesibus
1764 1614 1779 1633 »
1836 1624 1846 1634 ι

1063 1660 1140 1684 rum
1240 1628 1296 1713 —i
1501 1651 1509 1659 ‘

354 1741 400 1746 -
431 1720 503 1755 liei—
815 1717 858 1721 —
886 1706 1003 1748 saecu·
1300 1695 1395 1730 —in
1410 1695 1740 1741 quasi-dioecesibus
1765 1708 1779 1727 »
1836 1719 1845 1729 ι

839 1743 964 1778 larium
982 1764 1024 1768 —

375 1772 431 1803 tae
486 1791 525 1795 —
1306 1810 1345 1814 —
1370 1800 1390 1824 a
1418 1800 1486 1835 quo
1512 1788 1638 1824 dandis
1764 1803 1779 1820 »

1304 1904 1345 1908 —
1374 1883 1425 1919 vel
1452 1883 1515 1918 hac
1541 1883 1583 1919 de
1608 1893 1714 1918 causa
1761 1897 1781 1925 R

545 2002 588 2006 —
610 1981 775 2016 ordinum
1048 2023 1083 2028 -
1109 2012 1188 2037 cum
1210 2001 1261 2037 di·
1303 1998 1345 2002 —
1371 1977 1567 2031 quibusque
1586 1977 1714 2013 habitis

574 2033 765 2081 ceterorum
1055 2049 1283 2084 missoriis—
1324 2029 1533 2060 testimoniis
1765 2038 1780 2056 »
1837 2049 1844 2058 .

566 2087 605 2111 ac
645 2087 777 2122 primae

567 2128 730 2159 tonsurae
757 2145 800 2149 —
1300 2139 1345 2144 -
1369 2119 1412 2154 ad
1439 2130 1543 2165 quem
1571 2119 1686 2153 missis
1765 2133 1779 2151 »

1303 2224 1428 2259 —qua
1442 2213 1506 2249 sub
1521 2213 1720 2249 conditione
1765 2227 1779 2245 »

1303 2319 1552 2354 —quousque
1579 2307 1702 2343 validis
1766 2321 1779 2339 n
1836 2331 1842 2339 .

1041 2424 1083 2429 —-
1109 2403 1325 2438 diversorum
1764 2416 1779 2434 »
1836 2426 1842 2435 .
1868 2401 1875 2410 ⁸

818 2450 1010 2495 —religio-

838 2509 955 2534 sorum
980 2518 1021 2522 —

1034 2549 1037 2619 Ι
1220 2591 1226 2596 .
1304 2564 1347 2570 -
1392 2543 1435 2579 ad
1486 2564 1536 2607 1-
1550 2543 1725 2579 ordinarie
1765 2556 1779 2575 ›>

1043 2611 1083 2617 —
1110 2591 1153 2626 ob
1170 2602 1261 2643 ‘mis-
1318 2601 1489 2655 quem—4

1062 2649 1118 2673 sas
1143 2638 1263 2672 dimis-
1494 2658 1536 2663 -
1563 2641 1713 2673 extraor-

1514 2684 1650 2720 dinarie
1765 2698 1778 2716 »
1836 2707 1845 2718 ι

194 140 264 176 358
604 139 688 173 [ΑΒ.
719 139 790 173 [II.

196 259 381 305 episcopali
409 258 607 294 charactere
633 261 785 299 careant,
799 257 904 293 etiam
931 257 974 292 ad

198 307 338 341 ordines
370 305 530 340 maiores.

245 357 264 395 ἓ
290 352 322 387 2.
356 352 512 388 Vicarius
539 350 750 404 Capitularis
768 351 900 387 litteras
926 351 974 386 di-

199 400 376 435 missorias
402 410 448 434 ne
471 399 640 434 concedat
671 398 712 432 iis
739 398 796 444 qui
824 398 868 433 ab
898 397 974 444 Epi·

197 457 298 492 scopo
324 446 439 482 reiecti
469 446 623 481 fuerunt

245 494 327 530 CAN.
359 491 438 528 959.
532 491 598 536 Qui
630 497 739 538 potest
765 492 898 528 litteras
923 492 973 527 di-

198 541 375 576 missorias
400 540 443 575 ad
470 540 610 575 ordines
637 539 855 585 recipiendos
880 539 974 580 dare,

198 592 307 632 potest
324 598 462 633 quoque
487 587 625 622 eosdem
653 587 792 622 ordines
818 586 975 622 conferre

199 646 257 681 pei
283 646 318 670 se
344 635 431 681 ipse,
451 634 477 668 si
508 634 740 670 necessariam
767 633 902 669 ordinis
922 645 978 680 po-

197 687 355 718 testatem
384 681 522 717 habeat

245 728 329 764 CAN.
360 727 441 764 960.
465 750 480 754 -
498 732 517 771 ξ
540 728 569 762 1.
593 728 740 764 Litterae
757 727 976 763 dimissoriae

199 788 242 812 nc
266 776 515 818 concedantur,
534 776 601 810 nisi
623 775 752 811 habitis
777 780 881 811 antea
907 785 975 810 om-

197 823 302 859 nibus
329 822 550 859 testimoniis
574 833 662 868 quae
689 822 762 858 iure
789 822 976 867 exiguntur

197 871 240 906 ad
267 881 429 906 normam
456 881 535 906 can.
566 868 758 905 993-1000.

245 922 264 960 ς
290 917 323 952 2.
353 916 388 953 Si
417 922 492 964 post
517 917 616 953 datas
643 917 686 953 ab
706 915 896 953 Ordinario
923 917 975 951 lit-

198 970 288 1000 teras
314 964 531 1000 dimissorias
569 975 660 1000 nova
694 964 896 1000 testimonia
922 975 978 999 ne-

198 1012 347 1048 ccssaria
365 1013 437 1047 sint
454 1012 497 1047 ad
517 1023 678 1048 normam
698 1022 776 1047 can.
800 1009 880 1053 994,
902 1016 922 1054 ξ
941 1010 974 1052 3

819 159 832 164 -
858 139 969 174 PARS
994 139 1024 172 I.

1055 159 1067 164 —
1093 139 1150 173 De
1175 138 1444 174 Sam-amentis

1048 257 1238 303 Episcopus
1252 256 1388 292 alienus
1406 267 1450 291 ne
1467 257 1618 302 ordinet,
1634 262 1824 303 antequam

1049 304 1169 340 eadem
1201 303 1380 349 receperit.

1096 354 1112 395 Ξ
1140 352 1172 386 3.
1203 349 1303 394 Quod
1338 352 1365 385 si
1410 351 1664 396 promovendus
1688 356 1827 397 tempus

1048 398 1224 434 sufficiens
1241 399 1285 432 ad
1301 398 1580 433 contrahendum
1600 398 1828 443 impedimen—

1047 450 1122 481 tum
1142 445 1185 480 ad
1206 455 1365 480 normam
1387 455 1488 480 mem
1522 455 1600 480 cau.
1622 443 1690 481 994
1717 450 1826 481 tr·ans

1047 493 1155 537 egerit
1175 493 1211 527 in
1226 492 1302 545 ipsa
1319 492 1466 527 dioecesi
1490 491 1644 538 Episcopi
1664 492 1828 528 ordinan-

1049 540 1105 581 tis,
1137 539 1190 575 liic
1216 539 1419 574 testimonia
1445 540 1574 575 directe
1599 540 1751 585 colligat.

1098 569 1181 622 CAN.
1197 586 1278 622 961.
1299 586 1481 622 L-itterae
1498 586 1717 623 dimissoriae
1736 586 1826 621 mitti

1050 638 1195 680 possunt
1209 634 1253 670 ab
1268 633 1436 679 Episcopo
1456 634 1606 680 proprio,
1625 634 1729 670 etiam
1749 631 1828 669 Car—

1049 681 1158 717 dinali
1189 680 1354 728 Episcopo
1372 681 1625 722 suburbicario
1643 681 1686 717 ad
1707 692 1827 727 quem-

1051 728 1133 763 libet
1173 728 1395 774 Episcopum,
1423 729 1707 764 communionem
1748 738 1827 763 cum

1051 774 1138 811 Sede
1156 775 1354 821 Apostolica
1373 775 1571 816 habentem
1594 780 1734 821 excepto
1751 780 1828 810 tan-

1050 827 1135 863 tuin,
1163 822 1251 858 citra
1276 822 1505 868 apostolicum
1533 823 1726 864 indultum,
1749 822 1828 869 Epi-

1050 881 1153 915 scopo
1179 869 1266 904 ritus
1293 869 1419 905 diiersi
1445 880 1465 904 a
1491 870 1559 905 ritu
1588 869 1828 916 promovendi.

1098 916 1184 953 CAN.
1214 915 1295 952 962.
1327 915 1529 960 -Quilibet
1556 916 1755 970 EpiscopuS,
1773 927 1826 952 ac-

1050 964 1159 1011 ceptis
1184 964 1348 1009 legitimis
1368 964 1491 1000 litteris
1509 964 1730 1008 dimissoriis,
1746 964 1828 1000 alie-

1052 1023 1138 1047 num
1165 1011 1343 1046 subditum
1367 1011 1459 1047 licite
1472 1011 1623 1052 ordinat,
1640 1011 1829 1047 dummodo

1064 2684 1173 2720 soi-ias
1194 2700 1198 2703 ’
1243 2686 1300 2800 -1

1304 2800 1347 2804 —
1374 2779 1527 2825 quidque
1553 2777 1714 2824 Superio-

1326 2825 1424 2861 ribus
1449 2825 1646 2861 cavendum

1764 2838 1771 2855 v

1771 2838 1779 2856 >
