1971 3261
200 154 291 190 Can.
323 154 390 190 762
764 153 848 187 Ti'r.
880 152 909 186 I.
941 173 951 177 -
980 152 1035 187 De
1063 153 1271 196 Baptismo
1787 152 1830 186 57

320 273 386 316 50·
422 275 706 320 Necessitas
739 273 947 318 iuridica
979 273 1227 328 patrinum
1251 272 1533 317 adhibendi.
1557 295 1580 302 -
1605 269 1692 313 Fan
1732 273 1837 313 76⁶3.

197 345 225 403 εξ
263 345 296 387 t.
331 343 399 387 Ea·
434 343 713 387 vetustissimo
747 341 966 386 Ecclesiae
1003 355 1131 393 more,
1176 343 1245 399 qui
1292 343 1393 384 iuris
1436 341 1706 385 ecclesiastici
1756 343 1837 384 vim

199 415 336 471 habet,
371 428 488 458 tremo
521 413 785 457 sollemniter
816 411 1053 470 baptizetur
1085 411 1209 468 (adeo
1242 425 1390 455 severe
1414 425 1461 455 ac
1485 411 1737 468 generaliter
1758 417 1839 455 sta-

198 485 344 543 tuitur)
369 485 454 528 nisi
485 499 605 528 suum
640 483 804 536 habeat,
831 485 1000 540 praevie
1026 485 1152 540 igitur
1175 483 1497 540 designandum,
1516 488 1723 540 quolenus
1747 483 1841 539 fieri

194 558 342 615 possit,
374 556 459 600 sola
503 569 602 613 ergo
648 554 960 612 impossibilitas
1003 557 1077 598 etsi
1125 554 1294 597 moralis
1328 558 1514 609 excusat,
1546 554 1767 612 patrinum
1801 557 1838 598 in

197 630 465 685 inscriptione
509 627 782 672 declaratum.
830 625 946 670 Ratio
987 625 1110 669 buius
1153 627 1279 669 moris
1324 625 1513 669 redditur
1550 638 1572 670 a
1617 624 1661 668 D.
1702 625 1810 668 Th.⁵

201 716 221 740 «
245 699 472 756 spiritualis
507 700 782 755 regeneratio,
822 709 928 754 quae
964 697 1007 739 tit
1040 710 1113 753 per
1149 696 1417 753 baptismum,
1451 697 1705 740 assimilatur
1738 710 1839 754 quo-

195 770 419 814 dammodo
453 771 710 826 generationi
736 767 917 812 carnali:
955 768 1063 811 unde
1087 768 1242 812 dicitur
1266 767 1278 811 l
1308 768 1427 820 Petri,
1455 767 1507 812 il:
1533 768 1692 812 “Sicut
1717 769 1838 812 modo

194 843 322 898 geniti
357 841 544 895 infantes,
581 839 840 893 rationabile,
874 841 963 882 sine
997 838 1107 892 dolo,
1145 838 1205 883 lac
1240 841 1523 896 concupiscite
1548 875 1586 895 „.
1611 865 1666 870 —
1702 839 1742 882 ln
1768 853 1836 896 ge-

196 915 409 956 neratione
451 917 589 956 autem
635 910 791 955 carnali
839 909 1039 967 parvulus
1083 924 1217 967 nuper
1257 915 1378 954 uatus
1413 911 1569 967 indiget
1605 913 1765 954 nutrice
1799 916 1837 954 et

196 983 449 1039 paedagogo.
484 982 600 1027 Unde
640 987 679 1025 et
723 983 761 1024 in
807 980 1011 1038 spirituali
1057 983 1327 1038 generatione
1374 980 1566 1037 baptismi
1610 983 1839 1039 requiritur

190 1055 340 1112 aliquis
372 1056 441 1112 qui
477 1054 673 1110 fungatur
710 1055 800 1096 vice
834 1054 1008 1096 nutricis
1042 1056 1081 1096 et
1117 1052 1360 1109 paedagogi,
1398 1052 1662 1095 informando
1696 1057 1735 1105 et
1770 1055 1828 1095 in-

192 1125 391 1169 struendo
425 1138 534 1180 eum,
567 1126 684 1182 quasi
720 1125 924 1167 novitium
975 1125 1012 1165 iu
1064 1123 1159 1178 tide,
1199 1123 1250 1166 de
1294 1123 1357 1166 his
1399 1136 1506 1181 quae
1542 1125 1747 1180 pertinent
1781 1124 1831 1168 ad

195 1197 317 1240 tidem
353 1201 392 1239 et
429 1198 552 1239 vitam
588 1195 881 1247 christianam
917 1193 967 1237 ad
994 1194 1102 1251 quod
1130 1193 1301 1251 praelati
1338 1193 1550 1238 Ecclesiae
1577 1206 1726 1238 vacare
1756 1208 1834 1238 non

134 1260 139 1263 ’
195 1272 365 1324 possunt
396 1269 506 1311 circa
541 1279 807 1310 communem
843 1277 986 1309 curam
1026 1265 1165 1322 popuii
1201 1267 1418 1322 occupati3
1456 1265 1618 1322 parvuli
1653 1268 1762 1309 enim
1797 1270 1835 1310 et

194 1340 337 1381 novitii
374 1338 560 1394 indigent
593 1336 762 1394 speciali
797 1334 897 1379 cura
934 1341 1098 1392 praeter
1121 1349 1404 1385 communem,
1429 1341 1467 1380 et
1494 1336 1585 1379 ideo
1611 1338 1836 1394 requiritur

191 1409 300 1466 quod
335 1409 486 1467 aliquis
518 1410 717 1465 suscipiat
751 1407 1001 1464 baptizatum
1038 1407 1088 1451 de
1121 1419 1241 1451 sacro
1274 1408 1398 1460 fonte,
1432 1409 1548 1465 quasi
1575 1410 1754 1451 insuam
1782 1410 1837 1451 iu-

191 1482 462 1525 structionem
498 1485 537 1523 et
572 1479 756 1523 tutelam.
792 1478 838 1522 Et
876 1478 952 1522 hoc
984 1483 1047 1522 est
1080 1479 1190 1536 quod
1227 1478 1454 1536 Dionysius
1477 1478 1577 1523 dicit
1601 1477 1639 1522 2:
1675 1478 1837 1522 Divinis

191 1554 342 1595 nostris
374 1550 567 1605 ducibus,
601 1550 721 1605 idest,
755 1549 966 1606 apostolis,
1001 1550 1050 1593 ad
1089 1554 1270 1594 mentem
1308 1552 1434 1603 venit,
1459 1554 1498 1593 et
1527 1552 1658 1593 visum
1684 1555 1746 1594 est
1767 1564 1834 1594 su-

190 1626 351 1680 scipere
386 1623 561 1666 infantes
592 1622 823 1665 secundum
860 1623 981 1665 istum
1023 1626 1213 1665 sanctum
1260 1622 1444 1674 modum,
1480 1621 1589 1679 quod
1626 1621 1836 1666 naturales

192 1697 307 1752 pueri
344 1698 535 1751 parentes
569 1693 781 1737 traderent
825 1706 999 1750 puerum
1045 1692 1212 1736 cuidam
1258 1693 1380 1737 docto
1422 1695 1460 1737 in
1495 1693 1650 1737 divinis
1685 1693 1834 1750 paeda·
1853 1692 1855 1695 ’

190 1779 312 1823 gogo
345 1770 385 1809 et
420 1765 625 1823 reliquum
660 1763 738 1808 sub
773 1766 860 1821 ipso
897 1777 998 1821 puer
1032 1768 1188 1820 ageret,
1224 1766 1332 1808 sicut
1366 1764 1443 1808 sub
1476 1764 1620 1809 divino
1646 1769 1776 1821 patre
1796 1770 1834 1808 et

190 1838 434 1882 salvationis
466 1841 634 1880 sanctae
672 1840 972 1892 SUSceplOth»

309 1907 392 1952 Etsi
444 1910 630 1965 patrinus
677 1907 726 1950 ad
780 1906 973 1964 baptismi
1018 1906 1320 1951 sollemnitates
1363 1906 1626 1962 adhibeatur,
1667 1912 1835 1964 propter

192 1992 344 2024 munus
377 1981 466 2022 eius
499 1980 537 2021 in
572 1991 840 2037 quocumque
876 1977 1079 2035 baptizato
1114 1980 1397 2022 necessarium
1423 1980 1479 2022 ait
1504 1978 1533 2037 ξ
1557 1978 1594 2021 2.
1619 1976 1763 2022 Etiam
1789 1978 1831 2021 in

191 2050 397 2108 baptismo
417 2049 587 2108 privato
607 2049 822 2108 patrinus,
850 2049 1138 2093 tautummodo
1171 2049 1210 2092 si
1239 2048 1370 2107 facile
1404 2048 1551 2093 haberi
1573 2055 1711 2107 queat,
1735 2054 1831 2093 tunc

190 2135 239 2165 ex
280 2128 500 2178 praecepto
535 2113 813 2171 adhibeatum
844 2120 922 2164 sub
955 2120 1192 2164 conditione
1224 2125 1362 2164 autem
1398 2120 1436 2164 si
1468 2134 1551 2164 non
1584 2119 1833 2178 interficerit

190 2195 280 2236 sive
314 2206 362 2236 ex
399 2204 523 2236 causa
558 2193 649 2236 sive
682 2190 840 2249 absque
873 2191 954 2246 illa
990 2194 1179 2249 sequitur
1228 2196 1522 2249 praeceptum:
1573 2190 1829 2235 adhibeatur

193 2263 233 2306 in
267 2263 519 2322 supplendvs
553 2262 752 2321 baplismz'
789 2255 1080 2314 eaeremomffits
1128 2265 1197 2321 qui
1249 2264 1422 2320 proinde
1475 2276 1597 2307 verus
1647 2265 1832 2320 patrinus

190 2340 309 2391 esset
345 2337 540 2393 quamvis
573 2334 703 2378 altero
737 2339 874 2378 careat
910 2334 1059 2378 effectu
1097 2334 1272 2378 iuridico
1305 2347 1396 2378 ean
1432 2335 1531 2379 768.
1568 2334 1693 2378 Porro
1717 2334 1831 2378 addit

189 2419 345 2450 canon:
381 2405 454 2449 sed
487 2405 562 2449 hoe
595 2406 638 2449 in
673 2419 773 2449 casu
806 2410 846 2449 et
885 2419 934 2449 en
989 2407 1120 2462 prima
1170 2408 1361 2463 exceptio
1410 2418 1500 2451 can.
1550 2406 1649 2460 768,
1700 2405 1829 2463 (quod

189 2479 377 2536 sequitur
411 2490 488 2520 non
525 2481 586 2521 est
619 2477 914 2534 applicandum
940 2476 1031 2520 aliis
1054 2476 1234 2532 casibus,
1261 2491 1298 2518 v.
1323 2491 1385 2534 gr.
1415 2477 1601 2522 adhibito
1637 2476 1829 2534 baptismi

190 2550 340 2605 privati
375 2550 537 2605 patrino
572 2561 621 2591 ex
659 2551 790 2605 prima
823 2547 864 2606 §i
901 2546 1033 2604 parte)
1079 2546 1242 2591 mallum
1274 2546 1490 2611 contrahit
1539 2547 1828 2605 coynotionem

190 2618 473 2677 spiritualem.

307 2688 460 2743 Quaeri
498 2693 664 2747 poterit,
699 2704 812 2742 num,
847 2692 878 2734 si
921 2692 1149 2746 «patrinus
1184 2692 1222 2733 in
1259 2690 1465 2748 baptismo
1505 2693 1668 2748 privato
1704 2692 1829 2733 inter-

190 2761 370 2813 fuerit»,
402 2764 453 2805 sit
487 2760 749 2805 adhibendus
784 2774 951 2820 quoque
989 2777 1010 2802 α
1032 2763 1070 2804 in
1106 2761 1350 2818 supplendis
1385 2761 1577 2819 baptismi
1613 2774 1825 2805 caeremo-

284 2916 294 2937 1
323 2915 364 2948 3³
392 2915 435 2949 P.
465 2927 499 2960 q.
527 2915 688 2956 LXVII,
716 2926 751 2949 a.
780 2916 814 2950 7.
845 2935 886 2940 —
914 2915 928 2937 2
956 2914 1039 2950 Ult.
1066 2926 1149 2959 cap.
1179 2914 1328 2950 Eceles.
1358 2915 1470 2950 Hier.
1501 2927 1638 2950 versus
1666 2914 1733 2949 fin.
