1971 3261
153 137 199 168 &t
533 133 618 169 Lm.
648 133 719 167 111.
750 152 762 158 —
792 132 902 167 PARS
943 132 975 166 Ι.
1006 152 1019 158 -
1046 132 1102 167 De
1143 131 1410 167 Sctcramem‘is

1595 132 1688 168 Can.
1718 132 1786 168 786

863 329 1009 365 CAPUT
1042 330 1081 365 ΙΙ.

668 414 720 448 De
747 412 921 448 subiecto
947 412 1271 448 confirmationis.

204 531 285 567 CAN.
327 530 406 565 786.
450 551 466 556 -
507 530 616 575 Aquis
655 529 819 575 baptismi
864 541 934 565 non

155 579 294 614 ablutus
322 578 433 612 valide
451 577 649 612 confirmari
672 577 812 622 nequit:
838 587 934 623 prae-

156 632 259 666 terea,
290 630 325 659 ut
352 625 429 670 quis
468 624 559 659 licite
597 629 629 659 et
658 624 829 659 fructuose
855 635 934 659 con-

158 673 325 709 firmetur.
363 671 463 707 debet
501 682 575 706 esse
614 671 650 705 in
688 675 779 706 statu
807 672 937 714 gratiae

156 720 364 754 constitutus
389 723 431 760 et,
459 718 485 751 si
513 729 577 753 usu
616 718 761 753 rationis
802 718 935 764 polleat,

156 766 366 801 sufficienter
397 765 601 800 instructus.

204 814 285 849 CAN.
313 811 391 847 787.
425 833 441 837 -
470 810 682 857 Quanquam
722 811 784 846 hoc
822 823 936 847 sacra-

157 865 313 895 mentum
354 870 422 894 non
450 864 500 894 est
527 860 569 894 de
596 859 801 894 necessitate
829 859 932 895 medii

154 908 198 942 ad
224 907 383 947 salutem,
410 906 543 941 nemini
572 911 688 941 tamen
710 906 800 946 licet,
819 906 935 941 oblata

154 954 346 995 occasione,
376 953 461 988 illud
480 953 674 998 negligere;
698 953 766 988 imo
792 953 930 999 parochi

154 1005 276 1036 curent
315 1006 352 1035 ut
379 1000 495 1036 fideles
532 1001 575 1036 ad
615 1000 700 1036 iilud
738 1005 933 1047 opportuno

156 1053 308 1094 tempore
334 1048 515 1083 accedant.

1056 530 1139 565 CAN.
1178 528 1257 564 788.
1286 550 1303 555 -
1332 529 1424 565 Licet
1457 531 1666 566 sacramenti
1707 541 1787 566 con-

1011 577 1218 612 firmationis
1250 577 1509 613 administratio
1542 577 1790 614 convenienter

1010 624 1043 658 in
1075 623 1225 659 Ecclesia
1252 624 1375 659 Latina
1410 625 1589 660 differatur
1618 626 1659 659 ad
1687 625 1788 671 septi-

1010 682 1107 706 mum
1134 672 1272 707 circiter
1296 671 1420 707 aetatis
1445 682 1591 712 annum,
1610 672 1786 707 nihilomi-

1010 729 1076 753 nus
1102 718 1207 754 etiam
1233 723 1338 754 antea
1363 718 1511 753 conferri
1538 723 1662 764 potest,
1681 718 1707 753 si
1736 719 1787 753 in-

1011 765 1087 800 fans
1114 766 1149 800 in
1178 765 1298 801 mortis
1325 765 1477 811 periculo
1504 766 1548 799 sit
1562 766 1786 809 constitutus⁷

1010 812 1060 847 vel
1088 812 1249 848 ministro
1287 812 1319 847 id
1358 812 1519 858 expedire
1552 812 1595 848 ob
1622 812 1730 848 iustas
1756 818 1788 849 et

1007 870 1129 904 graves
1154 870 1275 895 causas
1293 859 1463 894 videatur.

1055 905 1140 942 CAN.
1171 905 1251 941 789.
1283 927 1300 932 -
1328 905 1584 948 Confirmanffl,
1617 907 1643 941 si
1673 907 1788 953 plures

1007 953 1091 996 sint,
1134 953 1252 988 adsint
1273 954 1404 1000 primae
1446 965 1614 989 manuum
1651 954 1790 1000 imposi-

1007 1001 1092 1036 tioni
1133 1011 1192 1036 seu
1230 1001 1439 1042 extensioni‚
1468 1012 1533 1037 nec
1557 1001 1625 1036 nisi
1653 1001 1787 1047 expleto

1007 1047 1075 1083 ritu
1102 1048 1296 1083 discedant.

273 1167 340 1210 80.
377 1169 635 1223 Inscriptio
672 1168 848 1223 capitis
896 1169 945 1212 et
992 1180 1232 1212 canonum
1265 1168 1532 1212 ordinatio.
1566 1192 1594 1197 —
1628 1165 1785 1210 Deinde

155 1239 342 1295 sequitur
380 1236 514 1294 Caput
546 1235 598 1279 II.
636 1236 697 1280 De
729 1236 912 1280 subiecto
946 1237 1060 1294 (quia
1094 1236 1250 1280 substat
1286 1236 1521 1294 effectibus)
1571 1237 1787 1293 confirma·

157 1307 283 1351 tionis
317 1307 455 1350 valide
489 1307 769 1364 recipiendae,
802 1312 841 1351 et
874 1308 1010 1365 quoad
1046 1307 1154 1351 iliius
1186 1307 1407 1365 qualitates
1439 1310 1528 1351 iure
1552 1307 1695 1351 divino
1721 1307 1784 1351 vel

155 1381 354 1422 canonico
388 1380 622 1435 requisitas,
655 1383 695 1421 et
727 1381 838 1421 circa
871 1378 1059 1422 eiusdem
1095 1377 1367 1434 obligationes
1413 1382 1603 1435 respectu
1637 1378 1785 1422 confir-

157 1451 347 1492 mationis
379 1449 681 1505 suscipiendae.
716 1447 842 1492 Cuius
875 1461 1056 1492 canones
1089 1454 1267 1506 quatuor
1305 1453 1484 1492 tractant
1526 1450 1784 1492 successive:

155 1532 244 1563 can.
279 1520 362 1562 786
397 1520 448 1563 de
481 1522 692 1576 requisitis
724 1522 825 1562 iuris
857 1519 1003 1572 divini,
1037 1531 1126 1563 can.
1163 1520 1245 1563 787
1271 1519 1321 1563 de
1341 1518 1594 1575 obligatione
1618 1532 1666 1562 ex
1694 1521 1782 1563 iure

156 1591 298 1633 divino
321 1590 576 1646 suscipiendi
602 1589 679 1633 boc
703 1595 1027 1644 sacramentum,
1050 1590 1101 1633 de
1125 1590 1399 1634 confirmandi
1423 1595 1557 1633 aetate
1575 1602 1665 1634 can.
1685 1590 1785 1647 788,

155 1674 202 1705 ac
237 1666 279 1704 ut
313 1660 460 1704 ritibus
494 1663 684 1704 intersint
717 1661 992 1704 confirmandi
1028 1660 1223 1704 iubentur
1256 1674 1414 1705 canone
1447 1661 1545 1705 789.

272 1731 338 1774 81.
376 1733 657 1778 Subiectum
693 1734 891 1778 validae
922 1747 982 1778 ac
1013 1734 1300 1778 fructuosae
1324 1733 1728 1778 confirmationis.
1755 1757 1781 1762 -

158 1802 326 1858 Propter
359 1802 462 1845 duos
496 1802 666 1845 effectus
698 1802 821 1846 huius
854 1805 1117 1851 sacramenti,
1154 1802 1441 1846 characterem
1475 1807 1514 1845 et
1537 1804 1713 1858 gratiam
1733 1802 1782 1846 ad

156 1872 293 1925 robur,
328 1874 481 1928 optime
516 1872 698 1929 loquitur
731 1873 973 1916 discernens
1006 1887 1098 1916 ean.
1132 1875 1238 1917 786.
1272 1872 1403 1930 Aquis
1434 1871 1570 1915 validi
1586 1872 1785 1930 baptismi

153 1955 234 1985 non
268 1941 435 1985 ablutus
466 1942 606 1985 valide
640 1943 885 1999 confirmari
916 1943 1072 2001 nequit,
1116 1958 1136 1984 ι(
1160 1945 1214 1986 ita
1248 1943 1407 1987 scilicet
1439 1943 1548 2000 quod
1574 1945 1606 1986 si
1631 1943 1781 2000 aliquis

155 2026 232 2055 non
269 2012 495 2069 baptizatus
528 2014 864 2068 confirmaretur,
899 2013 998 2056 nibil
1036 2016 1239 2070 reciperet
1273 2013 1331 2070 (in
1366 2013 1547 2070 anima);
1571 2013 1642 2056 sed
1667 2026 1782 2070 opor-

155 2087 257 2125 teret
291 2085 436 2126 iterato
471 2085 604 2140 ipsum
639 2085 877 2127 confirmari
915 2089 1003 2140 post
1037 2083 1302 2140 baptismum.
1327 2083 1453 2127 Cuius
1478 2085 1580 2127 ratio
1603 2088 1664 2126 est
1686 2085 1782 2140 quia

154 2155 207 2196 ita
241 2167 284 2196 se
318 2153 442 2197 habet
465 2156 725 2198 confirmatio
749 2155 799 2198 ad
826 2154 1090 2211 baptismum,
1111 2157 1218 2198 sicut
1240 2158 1510 2210 augmentum
1534 2154 1583 2197 ad
1609 2166 1780 2210 genora-

156 2224 324 2279 tionem,
360 2230 402 2283 ut
434 2238 483 2268 ex
518 2237 642 2282 supra
667 2226 787 2269 dictis
813 2230 934 2282 patet.
959 2225 1219 2269 Manifestum
1254 2230 1315 2268 est
1347 2230 1484 2268 autem
1509 2225 1617 2282 quod
1644 2224 1782 2268 nullus

156 2299 285 2350 potest
320 2298 556 2350 promoveri
592 2298 630 2338 in
665 2301 843 2339 aetatem
880 2296 1120 2353 perfectam,
1155 2297 1231 2338 nisi
1267 2297 1400 2351 primo
1438 2296 1562 2338 suerit
1585 2300 1720 2349 natus,
1744 2299 1783 2338 et

152 2364 340 2408 similiter
374 2367 450 2408 nisi
486 2368 618 2421 primo
650 2366 800 2423 aliquis
834 2367 958 2409 fuerit
991 2365 1232 2422 baptizatus,
1267 2378 1345 2408 non
1381 2369 1513 2422 potest
1545 2378 1779 2409 sacramen-

153 2440 237 2478 tum
287 2436 612 2479 confirmationis
660 2439 915 2493 accipere».
961 2437 1027 2481 Sic
1072 2435 1118 2480 D.
1162 2434 1234 2478 Tb.
1260 2435 1287 2478 ².
1332 2435 1381 2478 Et
1413 2434 1534 2479 Cone.
1570 2435 1680 2480 Trid.
1714 2435 1778 2479 de-

152 2507 286 2548 iinivit
311 2506 347 2548 2;
388 2521 408 2546 ((
432 2506 470 2549 Si
505 2508 596 2564 quis
631 2507 796 2563 dixerit,
832 2507 1193 2551 confirmationem
1227 2504 1534 2563 baptizatorum
1568 2519 1646 2548 non
1691 2519 1779 2549 esse

155 2589 297 2619 verum
317 2580 355 2618 et
375 2579 586 2632 proprium
607 2583 931 2634 sacramentum,
952 2567 1172 2621 anathema
1194 2578 1246 2619 sit
1269 2591 1316 2630 »3
1342 2581 1466 2633 atque
1483 2576 1599 2619 addit
1616 2575 1779 2620 Codicis

151 2658 278 2688 canon
318 2646 490 2689 verbum
528 2647 755 2703 prudenter
789 2650 1002 2699 insertum,
1050 2651 1289 2704 praeterea,
1322 2648 1418 2702 quia
1456 2648 1635 2689 scienter
1667 2658 1780 2689 acce-

152 2715 252 2758 dens
286 2729 363 2758 non
401 2716 627 2768 baptizatus
678 2722 881 2773 peccaret,
933 2723 977 2760 ut
1011 2717 1104 2775 quis
1137 2715 1177 2773 a)
1213 2715 1327 2758 licite
1375 2716 1511 2772 quoad
1560 2719 1649 2759 eius
1682 2729 1777 2760 con·

274 2867 283 2887 1
311 2867 351 2899 δᾶ
379 2867 421 2900 Ρ.
452 2880 486 2911 q.
514 2867 674 2929 LXXI}
706 2879 738 2901 a.
769 2868 801 2901 6.
832 2879 865 2903 o.
894 2889 936 2892 —
962 2867 1092 2902 2Sess.
1112 2867 1180 2901 VlI
1199 2879 1283 2903 can.
1305 2868 1323 2902 1
1343 2867 1388 2902 de
1408 2868 1720 2902 confirmatione.
