1971 3261
210 136 305 172 Gan.
332 134 424 170 1081
745 133 830 167 ΤΙΤ.
859 133 946 167 VII.
978 153 989 158 -
1016 132 1073 168 De
1100 134 1360 168 Matrimonio
1792 132 1859 165 601

216 253 348 308 Rom„
393 251 561 310 quando
609 250 786 295 dicitur:
841 266 863 291 «
890 250 1099 293 Paroclius
1133 250 1185 294 de
1218 264 1423 294 consensu
1475 253 1514 294 in
1549 250 1856 294 Matrimonium

213 327 454 379 interroget,
488 326 713 378 utrumque
750 320 906 378 (virum
943 325 982 364 et
1017 321 1256 378 mulierem)
1289 320 1531 378 singillatim
1569 324 1605 363 in
1643 321 1751 364 liunr
1778 334 1859 364 mo-

212 396 311 439 dum
347 393 510 450 vulgari
543 406 761 436 sermone:
798 391 843 437 N.
883 395 943 435 vis
976 395 1167 449 accipere
1202 392 1248 435 N.
1285 392 1351 437 hic
1386 398 1643 449 praesentem
1672 395 1708 435 in
1745 398 1855 436 tuam

214 466 441 523 legitimam
478 477 652 508 uxorem
694 466 807 506 iuxta
859 465 983 506 ritum
1033 469 1204 507 sanctae
1241 466 1384 507 matris
1418 463 1659 507 Ecclesiae?
1695 490 1746 493 —
1780 462 1857 506 Re-

212 536 414 594 spondeat
445 548 640 590 sponsus:
681 532 794 577 Volo,
831 559 883 564 —
920 534 956 579 2.
996 532 1086 577 Mox
1122 535 1329 578 Sacerdos
1372 538 1431 585 (ut
1466 546 1588 590 supra
1626 534 1752 577 idest:
1790 546 1883 590 pa-⁸

215 606 383 664 rochus)
417 618 611 662 sponsam
648 607 900 662 interroget:
936 604 980 648 N.
1022 607 1083 648 vis
1116 607 1313 661 accipere
1345 604 1393 648 N.
1430 604 1494 648 liic
1525 610 1783 660 praesentem
1821 606 1858 647 in

213 683 329 722 tuum
363 677 594 733 legitimum
632 678 825 719 maritum
862 678 974 719 iuxta
1012 678 1135 718 ritum
1163 679 1332 719 sanctae
1370 677 1513 718 matris
1538 674 1778 717 Ecclesiae?
1806 700 1857 705 —-

214 748 478 806 Respondeat
512 760 687 804 sponsa:
727 745 825 789 Volo
849 762 887 791 ›>.
913 773 969 778 —
1000 746 1105 790 Hinc
1131 746 1306 789 evidens
1341 747 1384 789 tit
1407 746 1516 802 quod
1544 745 1610 788 ille
1635 759 1861 789 consensus

213 822 265 864 sit
302 824 459 863 «actus
497 819 721 861 voluntatis
756 819 971 875 utriusque
1004 819 1259 861 contraentis
1313 819 1388 859 virt
1424 829 1471 860 ac
1508 816 1693 859 mulieris
1726 829 1861 860 assen-

216 893 354 935 tientis
387 893 498 934 circa
524 894 709 934 mutuam
735 891 1071 933 coniunctionem
1110 887 1341 931 maritalem
1375 901 1446 931 seu
1485 889 1794 930 matrimonium
1821 889 1859 929 in

215 976 305 1007 esse
329 977 368 1017 »,
402 961 511 1019 quod
547 960 650 1004 alias
681 960 865 1003 diximus
898 964 1090 1003 constare
1116 957 1278 1002 iuribus
1302 963 1341 1001 et
1376 959 1535 1013 otiiciis,
1561 962 1741 1001 attamen
1766 957 1861 1002 sub-

216 1033 419 1077 ordinatis
454 1034 678 1089 praecipuo
707 1036 792 1074 tum
828 1033 905 1074 iuri
932 1035 1017 1073 tum
1044 1030 1180 1074 officio
1205 1033 1375 1086 propter
1413 1045 1435 1070 <c
1459 1031 1711 1072 matrimonii
1738 1030 1860 1072 tinem

218 1106 462 1162 primarium
491 1119 509 1144 ))
547 1104 653 1159 (can.
691 1102 817 1150 1013,
851 1101 880 1160 ξ
906 1102 944 1157 1)
977 1101 1088 1144 unde
1121 1105 1182 1144 est
1221 1105 1383 1144 «actus
1421 1099 1644 1143 voluntatis
1677 1113 1758 1156 quo
1799 1102 1863 1143 vir

219 1180 259 1219 et
293 1174 444 1218 mulier
480 1176 659 1217 vicissim
687 1172 873 1229 obligant
897 1186 1048 1228 corpus
1079 1174 1291 1228 proprium
1317 1177 1355 1215 et
1379 1173 1603 1228 acquirunt
1639 1170 1858 1214 relativum

222 1248 286 1290 ius
320 1248 357 1288 in
393 1258 546 1301 corpus
579 1243 752 1287 alterius
786 1243 921 1300 quoad
947 1247 1065 1286 actus
1099 1241 1335 1285 voluntarie
1373 1242 1631 1285 exercendos
1656 1243 1693 1284 in
1719 1241 1864 1284 ordine

219 1317 269 1361 ad
307 1318 639 1373 procreationem
676 1314 921 1358 educandae
957 1313 1083 1370 prolis
1105 1328 1146 1354 )).

335 1387 606 1431 Enucleatius
630 1386 811 1443 idipsum
835 1385 962 1428 tradit
984 1384 1013 1443 ξ
1029 1387 1071 1428 2.
1102 1384 1338 1427 Γοηεεηεηε
1362 1383 1711 1440 matii-immulas,
1739 1400 1760 1424 «
1776 1386 1863 1427 sine

218 1472 300 1517 quo
334 1463 471 1503 cetera
509 1463 719 1515 nequeunt
755 1457 900 1500 foedus
946 1457 1148 1512 perficere
1196 1455 1462 1512 coniugale»
1501 1460 1604 1499 teste
1640 1455 1778 1498 lnnoe.
1813 1454 1862 1497 lll

219 1533 258 1574 in
293 1543 382 1586 cap.
420 1530 473 1573 ⁶20
506 1529 609 1577 (civ.
644 1527 756 1586 tit1.),
790 1534 851 1571 est
900 1533 1020 1571 actus
1068 1529 1241 1570 interior
1290 1526 1535 1578 rvoluntatis,
1570 1540 1648 1584 quo
1685 1532 1864 1584 utraque

216 1615 335 1660 pars,
368 1601 549 1654 scilicet:
586 1602 651 1644 vir
683 1612 731 1644 ac
768 1599 917 1643 mulier
953 1598 1118 1642 vinculo
1142 1598 1381 1642 huiusmodi
1405 1598 1699 1655 coniungendi,
1727 1600 1861 1654 proin-

220 1673 356 1731 deque
379 1672 534 1729 duplex
560 1676 677 1716 actus
701 1684 860 1725 eorum,
901 1686 923 1711 «
940 1683 1023 1728 quo
1046 1685 1069 1710 »
1109 1674 1285 1727 uterque
1320 1668 1454 1712 tradi!
1476 1682 1520 1712 se
1544 1668 1732 1725 obligans
1766 1679 1863 1723 erga

220 1743 413 1798 alterum,
446 1742 568 1786 simul
605 1747 645 1786 et
679 1746 870 1799 acceptat
904 1740 957 1785 ob
990 1740 1162 1784 alterius
1184 1745 1440 1795 assumptam
1466 1739 1761 1795 obligationem
1798 1738 1864 1781 ius

221 1815 350 1859 idest:
387 1812 863 1866 facultatem'moralem
897 1811 1130 1855 secundum
1169 1810 1281 1866 leges
1329 1810 1515 1853 divinam
1552 1815 1589 1853 et
1624 1809 1864 1866 humanam,

221 1886 374 1945 quibus
407 1888 446 1928 in
481 1887 610 1942 ipsius
643 1886 846 1928 exercitio
872 1895 1020 1940 parere
1044 1881 1207 1936 debeat,
1232 1881 1275 1924 in
1300 1895 1464 1939 eorpusy
1489 1881 1597 1938 quod
1623 1883 1680 1924 sic
1705 1880 1862 1924 (lictum

222 1955 412 2002 rationali
445 1958 584 1999 anima
618 1959 659 1999 et
692 1954 809 1998 liberi
853 1953 1012 1997 arbitrii
1061 1951 1389 2008 subintelligitur
1438 1952 1719 1998 informatum,
1753 1950 1860 2007 quod

227 2045 249 2070 «
272 2030 335 2072 ius
357 2043 379 2068 ›>
417 2031 479 2071 est
508 2032 760 2084 perpetuum
793 2028 908 2069 iuxta
940 2023 1189 2081 explicatam
1237 2024 1489 2066 matrimonii
1527 2020 1864 2065 indissolubilita-

222 2103 319 2155 tem,
355 2103 395 2141 et
427 2097 686 2141 exclusivum
719 2096 895 2140 aliarum
942 2106 1213 2151 personarum
1266 2098 1432 2150 propter
1468 2092 1577 2135 illius
1612 2093 1862 2135 matrimonii

223 2173 440 2224 unitatem,
472 2169 545 2212 sed
581 2169 847 2224 restringitur
878 2169 983 2210 sicut
1017 2165 1067 2208 ad
1110 2166 1381 2221 praecipuum
1431 2163 1638 2207 obiectum
1675 2163 1752 2206 alia
1787 2162 1863 2207 sub

223 2255 267 2286 se
300 2243 528 2296 continens,
564 2253 635 2284 seu
670 2243 714 2282 ut
748 2241 786 2281 in
821 2250 979 2282 canone
1026 2237 1180 2280 dicitur
1228 2235 1269 2278 in
1305 2234 1455 2278 ordine
1501 2234 1636 2292 quoad
1676 2234 1861 2277 volunta-

225 2315 334 2356 rium
367 2314 469 2354 iuris
501 2312 748 2355 exercitium
784 2308 840 2352 ud
872 2313 991 2351 aetus
1015 2311 1330 2360 concurrentes,
1354 2310 1534 2349 attamen
1557 2319 1635 2363 per
1667 2319 1710 2347 se
1743 2310 1863 2361 aptos

223 2385 264 2426 in
298 2382 408 2427 hunc
442 2383 565 2425 tinem
591 2385 738 2424 natura
761 2379 1050 2432 obtinendum,
1075 2379 1114 2420 ni
1139 2376 1236 2434 quid
1263 2376 1411 2430 obstet,
1436 2375 1612 2420 scilicet:
1651 2374 1706 2417 acl
1726 2374 1862 2432 prolis

222 2454 554 2512 yenerationem.

346 2545 529 2591 Quomodo
554 2545 598 2580 sit
624 2555 817 2581 consensus
848 2543 913 2578 viri
951 2553 992 2578 ac
1019 2541 1177 2577 mulieris
1207 2555 1222 2573 <‹
1244 2541 1279 2575 in
1308 2541 1399 2576 idem
1430 2539 1594 2586 placitum
1620 2554 1631 2571 ι)
1664 2540 1756 2574 iuxta
1783 2549 1862 2573 ron—

226 2611 357 2642 tractus
382 2605 625 2641 definitionem
652 2604 687 2638 in
715 2613 842 2649 genere
867 2602 917 2637 sic
943 2601 1136 2648 explicatur
1161 2611 1181 2635 a
1209 2599 1246 2635 D.
1267 2599 1400 2635 Tboma
1419 2601 1448 2634 ¹:
1481 2613 1495 2631 «
1516 2599 1605 2644 quod
1634 2598 1721 2633 sirut
1751 2598 1865 2632 matri-

228 2664 385 2700 monium
413 2669 464 2700 est
490 2674 600 2698 unum
628 2674 668 2698 ex
697 2666 794 2708 parte
819 2662 894 2696 eius
921 2664 1082 2706 (nempet
1110 2658 1207 2703 finis)
1233 2658 1269 2692 in
1297 2658 1388 2703 quod
1417 2657 1453 2692 fit
1480 2659 1554 2701 (seu
1582 2657 1623 2691 ad
1644 2667 1746 2702 quem
1774 2655 1862 2690 ordi-

227 2725 348 2769 natur)
373 2723 586 2764 coniunctio,
613 2722 776 2768 quamvis
802 2721 847 2755 sit
874 2719 1054 2765 multiplex
1082 2729 1121 2754 ex
1161 2721 1257 2764 parte
1296 2717 1476 2761 (duorum)
1504 2716 1785 2753 coniunctorum,
1815 2717 1860 2749 ita

226 2784 332 2820 etiam
359 2793 551 2819 consensus
576 2786 629 2818 est
655 2792 747 2816 unus
773 2791 813 2815 ex
843 2784 938 2825 parte
963 2779 1038 2814 eius
1066 2778 1099 2812 in
1129 2777 1220 2823 quod
1247 2776 1478 2820 consentitur,
1507 2775 1637 2811 scilicet
1667 2775 1860 2820 praedirtae

346 2891 358 2914 1
387 2889 520 2935 Suppl.
550 2900 585 2934 q.
611 2887 731 2928 XLV,
761 2898 793 2922 a.
822 2888 839 2920 1
869 2885 913 2920 ad
943 2885 1007 2920 3¹1¹.
