1971 3261
125 181 220 217 Gan.
255 179 324 215 887
651 179 736 214 'sm
765 179 832 214 IV.
861 199 873 204 -
902 179 958 214 De
997 180 1238 215 Poenitentz‘a

1687 183 1758 215 215

129 301 225 342 rit»
253 297 540 356 confessarius
574 297 797 354 mimmii,-
830 310 923 340 nam
964 298 1211 341 «Sacerdos
1244 303 1439 355 operatur
1484 301 1521 342 in
1569 313 1641 342 usu
1677 300 1758 343 cla-

131 372 243 412 vium
277 370 382 412 sicut
417 369 738 410 instrumentum
774 372 813 410 et
849 369 1035 410 minister
1071 369 1140 411 Dei
1167 384 1205 415 n,
1251 370 1423 424 proinde
1467 368 1684 412 arbitrium
1722 370 1763 412 il-

129 439 206 483 lius
240 441 278 481 in
312 437 663 482 satisfactionibus
712 438 979 493 iniungendis
1018 454 1036 478 «
1071 438 1192 482 debet
1237 452 1325 482 esse
1375 439 1517 482 divino
1568 442 1761 483 instinctu

129 508 377 566 regulatum,
411 513 451 552 et
482 510 606 552 ctiam
632 509 682 551 de
719 507 795 551 boc
833 508 1024 551 laudatur
1050 509 1211 552 villicus
1246 512 1472 567 iniquitatis
1505 510 1762 554 debitoribus

127 579 289 624 Domini
324 582 386 623 sui
423 581 638 622 remittens
672 578 856 635 largiter,
890 579 999 636 quod
1028 580 1255 635 prudenter
1288 583 1392 624 tecit.
1427 580 1473 624 Et
1510 582 1601 624 ideo
1637 583 1673 624 in
1701 595 1761 624 re-

127 653 322 694 missione
357 662 513 707 poenae
546 649 711 693 debitae
744 649 942 693 discretio
967 649 1201 693 adhibenda
1237 657 1294 694 est
1321 668 1339 691 2>
1372 653 1397 696 ¹.

250 738 326 774 Alio
351 738 416 773 sub
442 742 601 784 respectu
633 737 821 783 «operatio
847 737 1035 772 sacerdotis
1063 738 1096 772 in
1127 750 1188 773 usu
1217 739 1364 773 clarium
1396 744 1444 774 est
1484 740 1672 774 conformis
1702 740 1758 776 liei

125 797 332 845 operationi,
358 797 458 833 cuius
486 797 648 832 minister
674 801 732 832 est.
766 796 854 832 Deus
880 801 997 831 autem
1037 797 1140 832 habet
1167 798 1402 843 operationem
1431 805 1463 834 et
1491 799 1523 832 in
1564 799 1700 844 culpam
1728 805 1760 835 et

125 857 160 892 in
191 867 384 904 poenam...
413 856 529 892 sedin
559 866 706 902 poenam
734 855 839 890 habet
864 855 1102 901 operationem
1130 856 1291 891 directe...
1320 857 1399 902 quia
1427 862 1457 892 et
1480 868 1609 903 poenae
1638 859 1758 903 parcit,

124 921 157 953 et
184 927 332 963 poenam
360 915 501 961 infligit.
532 914 809 971 Similiter-ergo
833 919 864 950 et
892 915 1065 957 sacerdos,
1094 915 1156 949 etsi
1187 916 1219 949 in
1249 916 1459 951 absolvendo
1485 928 1523 951 ex*
1553 917 1581 950 vi
1610 917 1759 952 claxium

125 976 251 1012 habeat
276 975 431 1022 aliquam
458 974 696 1021 operationem
727 974 924 1009 ordinatam
953 974 995 1009 ad
1023 974 1145 1019 culpae
1172 974 1448 1011 dimissionem...
1475 976 1533 1010 sed
1562 976 1594 1009 in
1615 988 1759 1020 poenam

124 1034 228 1071 habet
257 1039 460 1080 potestatem
488 1038 521 1069 et
550 1033 681 1078 ligandi
710 1038 743 1068 et
781 1033 951 1068 solvendi.
994 1032 1103 1067 Solvit
1130 1034 1223 1068 enim
1265 1046 1284 1069 a
1314 1045 1422 1079 poena
1463 1046 1567 1080 quam
1604 1035 1751 1069 dimittit

125 1097 172 1139 (v.
198 1105 287 1139 gna
315 1093 437 1140 poenis
456 1093 585 1129 inferni
617 1104 676 1139 per
713 1092 970 1128 absolutionem
999 1093 1114 1137 gravis
1143 1094 1298 1137 pet-catii.
1331 1094 1386 1128 sed
1417 1093 1497 1137 ligat
1529 1099 1698 1139 quantum
1719 1096 1760 1129 ad

126 1164 287 1200 poenam,
313 1163 402 1199 quae
436 1157 604 1188 remanet.
633 1151 738 1188 Sed...
778 1152 1033 1187 considerando
1073 1163 1218 1197 poenam
1259 1152 1347 1187 banc
1389 1153 1438 1187 vel
1480 1153 1572 1187 illam
1601 1153 1761 1188 determi-

125 1217 219 1254 nate‚
248 1212 297 1247 sic
324 1211 407 1257 ligat
432 1211 475 1247 ad
504 1222 652 1258 poenam
681 1211 895 1257 imponendo
921 1221 997 1246 eam
1021 1225 1035 1243 »
1058 1212 1084 1246 2.

242 1290 469 1347 Hucusque
505 1294 760 1347 protractum
795 1295 855 1333 est
889 1292 1059 1333 canonis
1108 1289 1229 1333 liuius
1263 1292 1564 1346 praescriptum
1615 1302 1634 1333 a
1670 1304 1762 1332 con-

125 1363 296 1406 fessario
327 1362 599 1415 servandum,
633 1363 702 1419 qui
739 1365 874 1404 tamen
901 1362 916 1382 ²³
955 1363 1252 1411 «meminerit,
1301 1363 1436 1417 aegris
1471 1374 1547 1403 non
1583 1374 1671 1403 esse
1707 1364 1761 1403 in-

126 1433 381 1489 iungendam
431 1432 604 1489 gravem
657 1437 695 1475 et
746 1431 994 1475 laboriosam
1032 1434 1325 1486 poenitentiam
1352 1447 1420 1476 ))...
1456 1436 1531 1474 etc.
1567 1432 1760 1488 Sequitur

125 1503 234 1547 illius
280 1516 374 1560 pars
416 1505 666 1560 poenitentis
714 1502 989 1560 obligationes
1032 1502 1281 1545 denuntians
1320 1505 1429 1545 circa
1464 1504 1759 1545 satisfactiones

124 1577 346 1629 iniunctas,
380 1574 545 1618 dicens:
582 1588 686 1632 quas
718 1573 900 1618 scillcet:
938 1576 1106 1617 vestitas
1140 1573 1421 1631 qualitatibus,
1456 1578 1496 1616 ut
1534 1575 1757 1629 praelatum

123 1650 197 1700 est,
231 1650 355 1703 atque
379 1645 481 1689 tales
505 1658 594 1689 esse
630 1658 898 1702 praesumere
932 1649 1105 1701 oportet,v
1142 1647 1216 1687 nisi
1252 1647 1504 1687 contrarium
1531 1649 1642 1687 certo
1675 1658 1757 1686 mo-

126 1716 267 1760 raliter
300 1721 512 1773 appareat,
559 1716 780 1774 poenitens
813 1721 907 1760 ante
942 1716 1222 1772 recipiendam
1258 1715 1557 1759 absolutionem
1607 1714 1759 1757 volenti

124 1787 280 1841 am‘mo,
301 1800 473 1844 nempe:
513 1787 735 1830 voluntatis
770 1789 946 1844 positivo
980 1791 1088 1841 actu,
1123 1788 1191 1844 qui
1228 1787 1367 1842 patetit
1400 1799 1447 1828 eo
1482 1786 1615 1842 quoad
1653 1788 1759 1841 ipsas

123 1860 272 1916 exequi
308 1871 387 1901 non
425 1863 584 1914 renuat,
618 1858 825 1915 eoecipere,
863 1858 924 1900 vel
961 1860 998 1900 in
1034 1870 1131 1901 casu
1173 1857 1396 1900 oblivionis
1429 1857 1563 1913 quoad
1600 1857 1758 1899 satista-

123 1931 308 1973 ctionum
333 1931 646 1984 i1iiunctionem‚
673 1929 899 1986 implicitus
932 1934 991 1972 est
1018 1928 1083 1971 ille
1108 1941 1301 1985 expresse
1327 1930 1364 1970 in
1393 1928 1616 1970 voluntatis
1649 1932 1758 1979 actu,

123 2013 206 2058 quo
240 1999 317 2044 boc
349 2005 656 2044 sacramentum
684 2003 722 2043 in
746 2003 832 2044 suis
855 1999 1041 2057 partibus
1065 2013 1319 2056 cognoscens
1345 1998 1427 2041 vult
1451 2001 1525 2041 rite
1547 2000 1757 2054 suscipere

124 2070 240 2122 illud,
273 2075 397 2128 atque
431 2071 669 2115 huiusmodi
704 2073 951 2129 poenitentis
984 2070 1181 2126 obligatio
1206 2075 1264 2112 est
1290 2071 1389 2112 iuris
1422 2069 1551 2112 divini
1587 2069 1636 2112 ad
1665 2082 1755 2124 poe-

123 2143 322 2185 nitentiae
354 2144 602 2186 sacramenti
630 2142 901 2193 validitatem,
942 2144 1054 2185 iuxta
1079 2154 1280 2184 canonem
1316 2140 1597 2196 dogmaticum
1633 2138 1754 2183 Cone.

123 2211 236 2256 Trid.
269 2215 306 2256 in
342 2227 439 2257 sess.
474 2212 581 2265 xlv,
621 2229 640 2254 <c
666 2214 704 2256 4.
739 2214 778 2257 Si
814 2216 906 2271 quis
939 2214 1169 2269 negaverit,
1205 2212 1254 2255 ad
1292 2214 1509 2267 integram,
1553 2215 1590 2254 et
1627 2212 1755 2266 perse-

125 2289 234 2328 ctam
270 2289 534 2341 peccatorum
561 2287 848 2328 remissionem
875 2286 1028 2341 requiri
1055 2288 1136 2326 tres
1159 2288 1275 2326 actus
1294 2285 1331 2325 in
1360 2284 1605 2338 poenitente,
1640 2283 1756 2338 quasi

125 2357 341 2399 materiam
375 2358 626 2400 sacramenti
651 2357 943 2412 poenitentiae,
971 2354 1177 2407 videlicet,
1210 2355 1513 2398 contritionem,
1538 2353 1756 2395 contessio-

123 2438 219 2469 nem
251 2430 292 2469 et
313 2427 654 2481 satisfactionem,
678 2438 784 2483 quae
809 2431 890 2469 tres
915 2430 1051 2482 partes
1076 2426 1351 2481 poenitentiae
1375 2424 1625 2477 dicuntum...
1660 2434 1755 2464 ana-

123 2496 262 2540 thema
294 2499 408 2541 sit».

242 2567 435 2612 Attamen
469 2570 586 2626 quasi
621 2570 795 2612 materia
829 2569 1077 2611 sacramenti
1103 2568 1333 2610 coexistere
1365 2565 1486 2609 debet
1514 2566 1683 2615 formae,
1719 2567 1756 2605 et

122 2639 163 2680 in
198 2637 275 2682 hoc
308 2644 570 2682 sacramento
602 2638 864 2682 absolutioni.
900 2636 1009 2693 Ergo
1032 2638 1257 2680 satisfactio
1281 2637 1331 2680 (le
1354 2650 1434 2694 qua
1461 2639 1497 2678 in
1522 2636 1756 2691 dogmatico

123 2720 296 2763 canone,
330 2711 444 2753 iuxta
467 2709 705 2766 generalem
740 2708 951 2768 Ecclesiae
987 2710 1146 2763 praxim
1181 2709 1353 2764 eiusque
1379 2708 1660 2763 magisterium
1696 2717 1755 2746 or—

123 2778 347 2835 dinarium,
370 2785 431 2824 est
457 2780 681 2824 voluntatis
703 2784 820 2823 actus
846 2779 896 2822 de
921 2777 1188 2834 adimplenda
1228 2779 1504 2821 satisfactione
1546 2778 1723 2818 iniuncta
1745 2788 1754 2828 3

242 2886 253 2908 ²
282 2885 416 2931 Suppl.
447 2899 481 2931 q.
507 2885 656 2930 XVIII,
686 2896 718 2920 a.
745 2886 767 2918 4
793 2884 839 2918 ad
874 2887 920 2918 1¹1¹
948 2888 988 2918 et
1014 2885 1077 2917 2¹³³.
1107 2903 1148 2909 —
1177 2883 1190 2905 '³
1217 2883 1273 2918 lb.
1302 2891 1372 2918 art.
1401 2884 1422 2916 3
1449 2894 1530 2927 cop.
1562 2901 1603 2906 —
1630 2882 1643 2901 ³³
1671 2880 1751 2913 Rit.

122 2930 236 2966 Rom.
265 2943 304 2967 n.
333 2935 380 2968 25
405 2934 478 2968 loc.
509 2934 575 2968 cit.
