1971 3261
131 122 225 158 Can.
253 121 324 156 870
659 119 745 154 TiT.
775 119 840 153 IV.
872 140 885 145 -
911 120 967 154 De
1001 121 1243 155 Poenitentia
1696 121 1763 154 207

783 315 1015 352 TITULUS
1049 317 1112 353 IV.

668 402 745 444 De
794 402 1231 446 Poeniteutia.

180 530 265 568 CAN.
299 528 380 564 870.
416 550 432 555 -
466 528 502 563 ln
533 528 768 574 poenitenliae
795 540 907 563 sacra·
986 529 1049 564 rite
1076 530 1240 575 disposito
1261 531 1487 565 remittuntur
1515 537 1651 577 poci-ata
1692 536 1763 576 post

133 583 262 619 mento,
295 588 354 624 per
381 576 580 612 iudicialem
607 575 862 611 absolutionem
891 587 910 611 a
989 576 1199 622 baptismum
1228 579 1424 613 commissa.

132 626 285 672 legitimo
336 624 498 659 ministro
547 623 774 668 impertitam,
819 622 907 657 lideli

251 733 346 776 191.
383 733 641 789 Inscriptio
674 732 822 777 Tituli
860 735 908 777 et
941 734 1046 777 eius
1080 735 1213 778 notio
1250 735 1501 779 canonica.
1530 760 1580 763 —
1609 734 1762 777 Deinde

131 806 245 848 iuxta
267 807 624 847 sacramentorum
646 801 834 844 ordinem
852 802 1178 845 considerandus
1198 808 1257 845 ost
1289 801 1447 845 Titulus·
1467 803 1528 845 li‘
1544 807 1763 860 inscriptus

134 872 191 917 De
220 872 497 932 poenitentia,
537 887 557 913 <c
581 884 690 928 quae
729 876 789 915 est
829 871 1138 928 ‹piodammodo
1186 873 1236 915 dc
1276 873 1456 929 quolibet
1498 879 1758 930 pot-catorum

132 958 299 1002 genere,
333 957 413 987 uon
462 949 600 987 tamen
635 942 781 986 eodem
820 943 964 985 modo:
1000 956 1093 985 uam
1128 944 1178 986 de
1214 949 1380 1000 peccato
1418 946 1575 987 mortali
1611 946 1761 989 actuali

132 1021 193 1060 est
227 1017 479 1073 poenitentia
514 1016 680 1071 proprie
714 1018 753 1057 et
788 1013 1086 1069 principaliter,
1123 1017 1286 1070 proprie
1319 1016 1501 1071 quidem,
1536 1018 1629 1072 quia
1672 1030 1761 1071 pro-

131 1089 220 1144 prie
252 1087 432 1130 dicimur
467 1087 678 1142 poenitere
711 1085 763 1127 de
798 1084 860 1127 liis
893 1097 1001 1141 quae
1036 1089 1171 1127 nostra
1217 1085 1426 1128 voluntate
1465 1089 1762 1137 commisimus,

133 1157 416 1215 principaliter
438 1162 592 1209 autem,
626 1158 723 1214 quia
760 1156 810 1199 ad
845 1156 1093 1199 deletionem
1121 1158 1274 1212 peccati
1313 1157 1498 1199 mortalis
1532 1157 1606 1199 lio‹·
1631 1171 1763 1200 sacia-

135 1234 319 1273 mentum
353 1233 411 1272 est
448 1227 733 1285 principaliter
767 1229 1013 1271 institutum.
1048 1226 1106 1270 De
1142 1229 1320 1283 peccatis
1354 1233 1488 1270 autem
1535 1228 1763 1271 xcuialilius

131 1305 192 1344 est
223 1300 391 1358 quidem
427 1300 679 1356 poenitentia
715 1301 897 1355 proprie,
942 1300 1187 1355 inquantum
1237 1303 1331 1341 suut
1379 1303 1515 1341 nostra
1554 1299 1762 1342 voluntate

133 1372 259 1425 lacta;
295 1384 375 1414 nou
427 1375 563 1414 tamen
598 1374 742 1414 contra
777 1369 879 1413 llaec
916 1369 1199 1426 principaliter
1249 1374 1309 1412 est
1344 1369 1420 1412 hoc
1455 1375 1761 1413 sacramentum

133 1445 378 1486 institutum.
415 1441 472 1485 De
508 1446 677 1498 peccato
714 1454 813 1485 vero
847 1441 1038 1497 originali
1077 1443 1327 1497 poenitentia
1363 1454 1436 1484 uec
1485 1441 1765 1497 principaliter

132 1519 192 1558 est
226 1516 341 1571 (quia
375 1518 518 1557 contra
554 1515 686 1569 ipsun]
723 1526 800 1556 non
837 1513 1055 1556 ordinatur
1089 1512 1166 1555 lioc
1190 1517 1509 1555 sacramentum.
1534 1513 1604 1555 sed
1633 1515 1764 1568 magis

132 1585 389 1643 baptismus),
415 1599 490 1629 nec
514 1586 842 1641 etiam'proprie,
863 1586 959 1642 quia
980 1589 1193 1641 peccatum
1215 1583 1416 1640 originale
1442 1597 1518 1625 uon
1545 1589 1602 1626 est
1624 1590 1759 1626 nostra

132 1657 346 1701 voluntate
380 1661 607 1713 peractum,
644 1658 719 1699 nisi
755 1657 859 1699 forte
885 1658 1127 1712 inquantum
1168 1654 1356 1698 voluntas
1390 1653 1504 1697 Adae
1546 1660 1760 1710 reputatur

88 1762 92 1763 γ
134 1733 286 1784 nostra,
320 1728 550 1772 secundum
589 1728 756 1771 modum
795 1726 987 1784 loquendi
1023 1740 1104 1783 quo
1150 1725 1369 1782 Apostolus
1402 1725 1500 1768 dicit
1528 1726 1563 1767 1;
1609 1724 1650 1767 lii
1687 1739 1763 1782 quo

133 1813 274 1842 omines
304 1804 583 1858 peccaverunt
608 1814 629 1840 ))
658 1798 685 1842 ².
711 1825 769 1829 —
805 1799 882 1841 Sed
928 1815 949 1839 «
974 1800 1011 1840 in
1048 1799 1295 1854 poenitentia
1323 1797 1336 1818 3
1371 1802 1429 1839 est
1464 1795 1617 1853 aliquid
1654 1797 1761 1853 quod

133 1874 194 1913 est
226 1874 531 1913 sacramentum
569 1874 741 1926 tantum,
776 1869 934 1912 scilicet
968 1873 1083 1911 actus
1116 1869 1300 1911 exterius
1333 1869 1540 1910 exercitus
1576 1872 1656 1910 tam
1694 1881 1764 1924 per

136 1945 396 1997 peccatorem
431 1943 726 1998 poenitentem,
759 1953 884 1998 quam
910 1942 1031 1983 etiam
1069 1953 1140 1995 per
1172 1939 1428 1981 sacerdotem
1455 1938 1762 1991 absolventom,

135 2025 200 2055 res
232 2016 369 2055 autem
405 2016 443 2055 et
476 2017 784 2055 sacramentum
822 2016 881 2055 est
916 2012 1164 2068 poenitentia
1200 2012 1370 2052 interior
1414 2011 1664 2065 peccatoris;
1701 2023 1765 2052 ros

133 2087 273 2126 autem
307 2087 347 2126 ei
380 2096 460 2126 non
495 2087 821 2136 sacramentum,
855 2088 914 2126 est
948 2083 1134 2125 remissio
1164 2083 1345 2137 peccati,
1381 2093 1556 2137 quorum
1585 2082 1761 2136 primum

134 2158 263 2197 totum
298 2154 420 2198 simul
455 2159 667 2212 sumptum
702 2159 762 2198 est
796 2167 918 2198 causa
953 2152 1146 2203 secundi,
1185 2154 1362 2208 primum
1388 2155 1524 2194 autem
1561 2156 1598 2194 et
1623 2165 1764 2194 secuu-

134 2225 231 2268 dum
266 2229 361 2268 sunt
393 2225 702 2283 quodammodo
735 2220 859 2269 causa
894 2226 1001 2268 tertii
1028 2240 1065 2266 ».

253 2296 365 2339 Illius
392 2298 668 2353 poenitentiae
691 2300 900 2340 notionem
928 2295 1143 2338 iuridicam
1170 2293 1295 2337 tradit
1322 2292 1424 2337 (im.
1460 2296 1569 2336 ⁸70.
1607 2292 1650 2335 In
1673 2307 1764 2350 poe-

135 2366 341 2414 nitenliae
363 2372 628 2410 sacramento
653 2367 703 2411 de
726 2380 807 2425 quo
832 2366 948 2410 adest
972 2379 1059 2409 can.
1094 2366 1105 2408 l
1137 2367 1175 2407 iu
1200 2363 1322 2410 Cone.
1347 2364 1457 2407 Trid.
1491 2365 1606 2420 (sess.
1631 2362 1761 2420 xm:

139 2438 224 2481 «Si
257 2440 350 2495 quis
373 2437 526 2482 dixerit
549 2440 589 2481 in
624 2438 825 2482 catholica
862 2437 1044 2481 Ecclesia
1085 2438 1377 2493 poenitentiam
1419 2448 1498 2478 nou
1524 2448 1611 2478 esse
1654 2448 1762 2484 rore,

134 2513 173 2551 et
207 2511 372 2565 proprie
405 2513 714 2553 sacramentum
752 2523 823 2565 pro
872 2507 1064 2551 fidelibus
1112 2510 1272 2564 quoties
1307 2511 1396 2563 post
1440 2506 1686 2562 baptismum
1725 2507 1761 2547 in

136 2583 304 2635 peccata
338 2579 547 2635 labuntur,
581 2582 655 2636 ipsi
691 2579 776 2623 Deo
813 2577 1143 2630 reconciliandis,
1176 2590 1196 2620 a
1232 2576 1393 2621 Christo
1428 2577 1601 2619 Domino
1627 2580 1763 2619 nostro

135 2651 380 2706 institutum,
415 2650 637 2694 anathema
670 2653 721 2694 sit
743 2666 783 2694 n.
821 2676 872 2680 -
902 2650 959 2692 Ac
999 2662 1146 2692 revera
1191 2650 1342 2692 «sicut
1379 2647 1606 2704 Gregorius
1641 2647 1760 2689 dicit:

133 2723 490 2765 “sacramentum
525 2727 585 2766 est
619 2724 656 2765 in
692 2721 829 2778 aliqua
854 2706 1270 2773 celel)1·.itione,cum
1297 2733 1360 2762 res
1384 2724 1498 2775 gesta
1537 2721 1608 2761 ista
1645 2720 1684 2760 lit
1722 2722 1761 2760 ut

199 2826 240 2906 11
267 2825 379 2908 ἒοὸιη.
409 2826 452 2866 V,
482 2828 535 2861 12.
575 2848 619 2852 —
658 2827 671 2848 ‘³
696 2826 739 2860 3a
765 2826 860 2860 Pars
887 2839 919 2871 q.
948 2824 1155 2859 LXXXIV
1182 2836 1214 2859 a.
1244 2826 1266 2858 2
1292 2824 1339 2858 ad
1365 2825 1428 2858 311¹.
1470 2845 1512 2849 —
1545 2826 1557 2845 ³⁵
1585 2824 1674 2857 Loc.
1698 2823 1763 2858 cit.

133 2884 167 2907 a.
245 2885 266 2907 a
343 2880 381 2907 ¹¹³.
1620 2901 1622 2903 .
