1971 3261
180 141 249 174 622
557 140 642 175 L113.
671 139 743 174 III.
774 159 786 165 —
817 139 927 174 PARS
968 140 999 174 Ι.
1029 159 1042 165 -
1068 140 1125 174 De
1166 140 1432 176 §aeramentis
1591 141 1684 177 Can.
1716 142 1814 177 1092

178 258 280 293 ducta
307 257 341 291 in
370 262 509 303 pactum
537 257 803 293 matrimonium
831 257 957 292 irritat.
988 257 1087 293 Ratio
1106 262 1223 293 autem
1245 257 1378 303 primae
1404 259 1513 304 partis
1546 263 1597 294 est
1631 259 1714 305 quia
1731 261 1807 306 qui-

178 326 327 361 cumque
352 320 567 351 contractum
595 316 671 351 vult
697 320 729 351 et
755 316 962 361 simpliciter
989 316 1153 362 exprimit
1179 327 1401 359 consensum,
1420 317 1494 352 vult
1519 318 1714 354 necessario
1732 318 1810 354 sub-

177 375 341 410 stantiam
369 379 563 411 contraetus
590 375 712 421 ipsius,
738 379 770 410 et
794 376 954 421 quamvis
981 376 1227 411 contrahentes
1254 381 1435 411 versentur
1462 376 1497 410 in
1524 387 1638 412 errore
1663 377 1813 413 dissolu·

176 434 321 468 bilitatis
347 444 386 468 ex
413 434 525 479 capite
550 433 727 475 adulterii,
748 439 866 470 tamen
885 445 964 469 cum
985 434 1172 470 intendant
1198 435 1403 470 contrahere
1431 435 1696 471 matrimonium
1715 436 1808 481 quod

177 491 334 527 Christus
361 492 526 535 instituit,
550 497 820 538 praesumuntur
847 493 1015 539 implicite
1035 493 1183 529 voluisse
1201 494 1409 539 completam
1438 493 1702 539 perpetuitatem
1727 505 1809 530 con-

178 555 327 586 tractus.

294 610 551 646 Animadvertit
577 622 656 646 vero
683 611 810 646 Bened.
842 610 917 646 xlv
946 611 979 645 in
1009 611 1207 646 Ritualibus
1237 611 1456 647 Calvinianis
1484 612 1530 647 ita
1561 612 1705 647 formam
1735 623 1814 648 ma-

176 668 330 703 trimonii
357 669 517 715 exprimi,
544 674 581 704 ut
606 670 857 705 dissolubilitas
883 681 921 706 ex
949 670 1061 716 capite
1087 670 1246 706 adulterii
1283 671 1399 716 procul
1435 671 1540 706 dubio
1567 682 1628 707 ceu
1654 671 1814 707 conditio

179 727 395 771 ingrediatur
421 728 532 774 ipsam
560 728 829 764 celebrationem
857 734 1068 766 contractus.

295 785 411 829 Quare
436 798 498 823 ceu
527 788 738 833 principium
757 788 860 823 statui
892 793 1013 834 potest,
1032 788 1264 824 intentionem
1284 789 1494 824 contrariam
1514 789 1732 825 substantiae
1748 794 1808 825 aut

179 845 446 891 proprietatibus
473 846 687 882 matrimonii
708 847 892 882 deductam
912 848 946 881 in
969 852 1122 893 pactum,
1145 847 1411 883 matrimonium
1438 848 1553 893 ipsum
1580 848 1716 883 nullum
1735 848 1815 883 red·

177 904 277 947 dere3
306 910 406 950 prout
431 905 534 940 etiam
564 904 673 950 Cong.
703 905 738 940 S.
765 904 878 941 Officii
908 906 1036 952 pluries
1063 907 1263 942 declaravit.
1294 906 1340 941 Ex
1360 908 1440 951 gr.1
1466 920 1480 939 α
1501 907 1553 941 An
1582 907 1626 941 sit
1651 906 1806 942 validum

179 964 441 998 matrimonium
465 969 681 999 contractum
709 965 800 1000 inter
825 965 1032 1000 catholicam
1059 970 1092 1000 et
1118 965 1382 1000 schismaticum
1410 965 1729 1006 hae1·eticum‚cum
1755 965 1813 1000 in—

176 1022 330 1058 tentione
358 1023 530 1061 foedandi.
559 1024 609 1058 vel
637 1023 793 1059 solvendi
823 1024 1119 1059 matrimonium?

296 1081 331 1116 R.
359 1081 393 1117 Si
423 1082 488 1117 ista
513 1082 661 1117 deducta
689 1083 723 1117 in
753 1087 906 1128 pactum,
936 1094 997 1118 seu
1023 1094 1102 1118 cum
1132 1083 1196 1118 ista
1223 1083 1423 1119 conditione
1450 1083 1521 1118 sint
1540 1087 1718 1118 contracta
1736 1094 1808 1118 ma-

174 1140 352 1181 trimonia,
382 1144 463 1174 sunt
490 1141 606 1175 nulla:
635 1141 706 1175 sint
731 1141 843 1182 aliter,
874 1146 956 1176 sunt
991 1142 1157 1176 valida».
1190 1140 1376 1177 Videlicet:
1407 1141 1603 1177 intentione
1631 1141 1807 1187 praedicta

177 1199 441 1234 matrimonium
470 1210 539 1234 non
567 1199 767 1240 invalidari,
785 1201 811 1234 si
833 1200 1053 1236 solummodo
1075 1201 1109 1234 in
1132 1205 1248 1236 mente
1266 1200 1436 1241 extiterit;
1458 1211 1521 1236 uec
1539 1200 1687 1235 deducta
1707 1200 1812 1236 suerit

176 1258 211 1292 in
242 1263 379 1304 pactum
406 1259 599 1293 contractui
627 1259 816 1294 adiectum.
846 1258 938 1294 Haec
963 1259 1121 1295 doctrina
1151 1259 1348 1305 particulari
1385 1259 1478 1294 casui
1513 1259 1686 1305 applicata
1712 1259 1813 1294 inve-

178 1317 272 1352 nitur
299 1317 333 1351 in
363 1328 434 1352 una
460 1316 735 1353 Neo-Eboracen.
766 1329 881 1354 coram
915 1318 1002 1363 Lega
1022 1319 1047 1352 2.

292 1387 342 1431 3⁰
377 1387 426 1431 Si
458 1387 508 1430 cle
539 1387 687 1446 facturo
721 1388 841 1431 licita
874 1388 1040 1445 supple:
1080 1391 1175 1432 «sit
1199 1389 1382 1432 conditio
1405 1388 1532 1432 semel
1557 1390 1744 1445 apposita
1768 1394 1808 1432 et

177 1471 256 1501 non
291 1463 544 1513 revocata»,
568 1458 753 1502 valorem
787 1459 1053 1502 matrimonii
1075 1462 1182 1503 sicut
1214 1459 1390 1502 aliorum
1425 1463 1714 1502 contractuum
1740 1472 1814 1501 su-

175 1529 356 1587 spendit,
391 1543 607 1587 usquequo
641 1530 921 1586 adimpleatur
946 1530 1011 1573 vel
1036 1544 1156 1573 secus
1179 1530 1362 1574 conditio
1399 1543 1471 1586 per
1494 1542 1661 1573 causam
1686 1541 1708 1572 a
1728 1541 1807 1587 qua

176 1600 242 1643 illa
279 1600 469 1656 pendeat,
499 1613 647 1655 «cum,
671 1603 779 1644 sicut
811 1603 867 1644 ait
902 1600 997 1645 Urb.
1025 1600 1073 1643 lll
1100 1603 1137 1643 in
1163 1614 1251 1657 cap.
1274 1601 1297 1643 ὅ
1324 1600 1364 1643 h.
1384 1605 1425 1653 t„
1451 1599 1689 1644 huiusmodi
1713 1613 1817 1644 con-

173 1684 318 1714 sensus
350 1684 430 1713 non
464 1673 515 1714 sit
548 1671 599 1714 de
634 1673 840 1727 praesenti
875 1671 1105 1723 habendus,
1137 1671 1234 1715 licet
1258 1685 1330 1728 per
1356 1670 1483 1715 verba
1517 1671 1568 1714 de
1602 1673 1811 1727 praesenti

173 1741 409 1785 evidentius
442 1744 764 1799 exprimatur»,
798 1742 870 1785 sed
905 1742 1200 1786 contrahentes
1235 1745 1404 1786 manent
1437 1743 1601 1785 interim
1637 1741 1810 1798 obligati

173 1813 222 1855 ad
258 1812 565 1869 expectandum
599 1813 849 1856 conditionis
883 1817 1096 1868 eventum,
1121 1817 1161 1856 et
1183 1812 1329 1857 saltem
1364 1813 1414 1856 ad
1450 1826 1529 1855 non
1560 1811 1808 1856 obstandum

171 1883 420 1927 conditionis
453 1884 745 1940 purificationi,
779 1886 856 1927 nisi
889 1886 1015 1928 etiam
1049 1884 1100 1927 ad
1134 1886 1223 1928 eius
1254 1883 1628 1940 adimplementum
1662 1895 1815 1926 curan-

173 1954 272 1997 dum
304 1968 347 2002 se
381 1953 672 2011 obligaverint.
721 1980 778 1986 ——
825 1955 864 1999 Si
905 1968 1005 1998 vero
1039 1967 1303 2012 quacumque
1336 1954 1387 1998 de
1420 1966 1559 2009 causa,
1593 1955 1717 1997 etiam
1751 1967 1802 1997 ex

171 2025 454 2068 contrahentis
495 2025 736 2068 alterutrius
778 2025 916 2082 culpa,
950 2025 1133 2069 conditio
1177 2038 1256 2068 non
1304 2025 1544 2068 verificetur
1589 2026 1802 2068 matrimo-

170 2096 290 2139 nialis
313 2109 538 2140 consensus
561 2096 754 2140 ellectum
779 2109 859 2140 non
884 2095 1022 2151 habet,
1047 2096 1243 2154 idemque
1267 2095 1494 2139 tenendum
1527 2097 1558 2139 si
1594 2099 1688 2138 ante
1711 2107 1811 2139 con-

170 2166 338 2210 ditionis
369 2168 735 2211 eventum-fuerit
775 2180 1001 2211 consensus
1045 2170 1291 2210 retractatus
1339 2165 1390 2210 ab
1439 2165 1638 2209 alterutra
1677 2170 1812 2222 parter

172 2241 340 2293 propter
363 2238 645 2281 omnimodam
679 2250 905 2281 consensus
940 2239 1069 2281 mutui
1105 2239 1393 2281 necessitatem
1418 2236 1468 2280 ad
1495 2237 1809 2279 matrimonium

171 2307 487 2363 perficiendum.

286 2386 352 2423 Sed
380 2389 552 2434 numquid
579 2399 754 2425 consensu
780 2399 853 2423 non
880 2393 1065 2425 retractato
1103 2394 1137 2424 et
1168 2388 1369 2424 conditione
1399 2387 1596 2434 purificata,
1626 2387 1810 2422 matrimo-

168 2447 269 2482 nium
294 2447 359 2482 erit
385 2447 422 2481 in
451 2448 550 2490 facto,
581 2453 680 2494 prout
698 2448 866 2484 asseritur
884 2448 1120 2483 communiter
1138 2447 1180 2483 de
1198 2447 1277 2483 aliis
1300 2445 1565 2483 contractibus?
1593 2445 1808 2481 Affirmative

168 2506 465 2552 respondendum,
493 2516 532 2542 eo
558 2507 649 2552 quod
676 2517 870 2542 consensus
896 2511 1039 2542 mutuus
1059 2506 1171 2553 primo
1188 2516 1374 2552 expressus
1400 2510 1433 2541 et
1452 2515 1678 2552 perseverans
1696 2514 1812 2550 usque·

168 2574 277 2605 nunc,
308 2569 449 2610 propter
474 2564 687 2600 conditionis
713 2564 994 2611 purificationem
1032 2569 1084 2601 est
1121 2569 1218 2600 actus
1258 2564 1544 2600 contrahentium
1573 2563 1631 2610 qui
1658 2573 1812 2601 consen·

168 2622 260 2658 tiunt
288 2623 432 2669 positive
458 2623 493 2658 in
523 2623 803 2665 matrimonium,
829 2627 862 2659 et
888 2623 971 2670 quia
997 2634 1058 2670 per
1085 2623 1226 2659 modum
1254 2627 1453 2659 contractus
1474 2623 1530 2658 ille
1548 2626 1721 2669 operatur,
1737 2621 1810 2657 vir-⁷

168 2685 242 2717 tute
268 2681 434 2727 pertingit
459 2682 502 2717 ad
530 2681 763 2727 obligationes
790 2682 1009 2718 inducendas
1035 2687 1190 2728 tempore
1218 2681 1421 2728 purificatae
1446 2680 1674 2717 conditionis.

291 2739 359 2776 Nec
384 2740 480 2776 obest
508 2739 619 2776 Dec.m
650 2754 664 2773 «
687 2740 734 2776 Ne
760 2745 923 2777 temere»
954 2745 1014 2776 aut
1044 2740 1230 2776 «Tametsi
1253 2752 1291 2783 »3
1318 2732 1509 2776 dummodo
1544 2740 1656 2775 forma
1685 2738 1729 2774 ab
1754 2738 1811 2774 eis

289 2883 300 2904 1
327 2882 349 2915 2
376 2881 462 2916 Oct.
493 2881 596 2916 1860.
627 2901 669 2907 —
696 2881 710 2904 2
736 2882 757 2915 9
783 2882 874 2917 Dec.
902 2882 1007 2926 1911,
1036 2881 1113 2916 CO.
1142 2881 1205 2922 IV,
1238 2881 1314 2916 147.

1937 559 1971 955 ·‡³·i⁴'³:’“r.wfflffl&{ff3⁴—ss·
1943 531 1949 542 ²
1939 269 1971 516 ·³⁴;3Qs-3333
1943 239 1954 246 2
1935 205 1940 208 ·
1937 179 1940 182 >
1931 109 1934 112 ⁴
1929 87 1934 91 '
1928 43 1930 46 ’

1925 2790 1927 2798 “
1919 2766 1925 2774 '
1918 2477 1953 2733 ‘ff‘ssssssfflnmznm
1941 2450 1946 2454 .
1938 2426 1945 2435 s
