1971 3261
145 153 236 206 ⁰¹¹⁸.-
263 152 422 188 957-958
717 152 800 186 TJT.
829 151 892 185 VI.
923 172 933 176 -
966 151 1022 186 De
1053 152 1197 186 Ordine
1706 150 1772 185 36¹4

144 271 304 325 alienis,
336 272 444 328 quod
483 270 654 315 verbum
690 277 921 316 coarctaret
946 275 1328 329 interpretationem
1354 273 1403 316 ad
1429 272 1677 326 saeculares,
1702 272 1771 315 sed

150 343 279 387 «aliis
300 358 320 384 ›)
350 356 429 386 non
463 342 652 394 subditis,
686 343 970 386 saecularibus
997 344 1058 386 vel
1087 344 1290 400 religiosis
1313 346 1434 387 etiam
1461 345 1679 399 exemptis,
1704 342 1775 399 qui

145 418 281 457 tamen
315 413 466 470 singuli
501 413 670 456 litteras
703 413 972 456 dimissorias
1006 415 1099 457 inre
1122 415 1383 457 diversorum
1411 428 1462 458 ss.
1487 427 1691 458 canonum
1717 427 1777 455 se-

143 487 359 542 quentium
393 484 624 542 requisitas
658 483 880 527 eoelii'becm!
914 486 1156 528 ordinaturo
1193 485 1377 528 l'raelato
1420 488 1564 528 ciusve
1601 484 1773 533 Curiae;

143 567 249 612 quae
297 568 442 598 omnes
489 567 536 599 ac
585 555 774 612 singulae
812 567 1018 598 canonum
1054 558 1422 599 determinationes
1455 561 1546 599 sunt
1584 559 1620 598 in
1658 558 1772 612 praxi

147 626 267 669 valde
299 626 588 681 attendendae,
614 629 708 683 quia
735 625 952 669 ordinatio
975 640 1266 684 quaecumque
1291 628 1339 669 ad
1368 640 1553 671 normam
1580 640 1670 671 cam.
1690 628 1773 670 930

143 702 266 739 extra
301 695 374 740 lios
408 697 523 752 fines,
560 697 775 740 videlicet:
822 710 900 740 non
945 698 1077 740 solum
1123 700 1332 748 territorii,
1367 698 1437 740 sed
1474 703 1588 741 extra
1626 698 1773 741 limita-

143 770 276 811 tiones
310 771 522 825 potestatis
555 768 696 825 (etiam
733 769 866 825 quoad
903 767 1117 824 personas)
1150 769 1200 810 de
1234 782 1313 825 qua
1346 771 1382 810 in
1421 768 1494 812 lioc
1529 782 1698 815 canone.
1725 769 1775 811 ab

142 838 297 882 eisdem
330 839 504 896 singulis
533 845 708 897 perdent
746 839 873 882 irrita
907 845 984 893 est,
1016 841 1110 896 quia
1148 844 1243 882 tunc
1283 852 1468 881 «sacrae
1503 840 1777 882 ordinationis

144 912 376 953 minister»
416 924 493 953 non
530 916 588 954 est
627 913 663 952 vi
699 913 869 954 canonis
903 911 1000 955 9351.

263 981 360 1025 305.
397 983 607 1034 Quinam
642 984 764 1028 dare
797 985 980 1039 queant
1013 983 1205 1027 litteras
1238 983 1560 1027 dimissorias.
1584 1008 1637 1016 -
1668 980 1771 1033 Qum

144 1051 220 1095 bae
255 1051 414 1095 litterae
449 1055 486 1095 in
522 1066 610 1096 can.
648 1054 732 1095 955
766 1052 996 1109 explicatae
1029 1052 1281 1109 quandoque
1314 1056 1407 1094 sunt
1441 1054 1608 1093 omnino
1639 1065 1777 1093 ncces-

142 1124 275 1165 sariae
310 1125 423 1165 iuxta
458 1135 592 1178 praec.
628 1136 842 1171 canonem,
877 1125 1014 1165 statim
1048 1122 1186 1165 Codex
1221 1135 1263 1164 se
1297 1124 1478 1177 accingit
1509 1121 1558 1163 ad
1594 1134 1663 1163 eas
1688 1123 1775 1163 iure

144 1193 421 1237 moderandas
446 1196 646 1250 incipiens
669 1193 720 1237 ab
744 1207 885 1237 earum
912 1195 1085 1249 origine.
1122 1192 1227 1236 Hinc
1261 1193 1589 1235 dimissoriarum
1627 1192 1776 1234 littera-

146 1277 235 1306 rum
272 1264 477 1320 legitimos
510 1270 701 1308 auctores
735 1269 950 1307 enumerat
985 1278 1075 1306 caii.
1111 1267 1217 1308 5158,
1252 1263 1280 1321 ἓ
1314 1264 1351 1306 1.
1378 1262 1564 1306 Litteras
1587 1262 1777 1305 (li'im'sso-

144 1334 234 1376 rias
267 1335 307 1391 a)
338 1349 415 1392 pro
447 1335 738 1378 saecularibus
773 1335 902 1389 laicis,
935 1335 1109 1380 clericis,
1146 1348 1192 1377 ac
1229 1334 1432 1390 religiosis
1465 1347 1641 1391 quorum
1673 1348 1691 1373 ((
1717 1348 1777 1374 or-

143 1405 298 1448 dinatio
334 1409 491 1461 regitur
525 1409 613 1449 iure
646 1406 921 1449 saecularium
946 1422 968 1447 ))
997 1406 1106 1461 (can,
1132 1406 1230 1460 964,
1255 1406 1316 1455 4⁰)
1340 1405 1444 1448 (lare
1474 1410 1662 1462 possiem,
1681 1418 1775 1447 cum

145 1476 220 1520 bac
256 1479 452 1533 temporis
485 1477 640 1534 duplici
676 1477 935 1520 conditione:
978 1476 1020 1533 b)
1054 1477 1255 1534 qicamdiu
1301 1476 1649 1528 izo-isdi‘etionem,
1696 1488 1776 1517 non

144 1547 319 1591 ubilibet
351 1553 421 1591 aut
453 1548 696 1605 quamlibet,
730 1548 800 1591 sed
837 1549 879 1591 in
915 1547 1134 1591 territerio
1178 1548 1227 1590 ad
1274 1549 1382 1603 ipsos
1420 1549 1617 1589 attinente
1652 1558 1775 1589 causa

143 1617 485 1676 subsequentium
509 1619 893 1662 denominationum
914 1619 1119 1665 retinent:
1136 1618 1316 1661 scilicet:
1344 1631 1422 1660 non
1442 1617 1619 1660 ablatam
1642 1617 1777 1673 quoad

143 1691 332 1733 exercitii
371 1690 641 1743 validitatem,
676 1691 773 1733 dum
811 1692 848 1732 in
883 1690 1018 1733 officio
1054 1691 1237 1732 fortassis
1270 1691 1359 1731 iure
1394 1693 1686 1745 perseverant:
1724 1713 1775 1716 -—

146 1760 189 1803 1⁰
207 1759 442 1819 Episcopus
461 1761 501 1819 c)
516 1762 721 1820 proprius
744 1762 892 1819 «quod
918 1764 1062 1804 attinet
1086 1761 1136 1804 ad
1162 1761 1466 1804 ordinationem
1486 1775 1508 1800 ))
1533 1759 1641 1816 (can.
1663 1759 1775 1811 9562,

143 1831 187 1889 d)
211 1839 435 1891 postquam
454 1833 761 1891 possessionem
784 1847 887 1876 suae
909 1832 1111 1876 dioecesis
1136 1831 1322 1889 leqiti'me
1356 1832 1481 1874 idest:
1517 1835 1684 1873 servato
1708 1842 1775 1872 ca-

143 1915 251 1946 none
283 1904 450 1947 citando
484 1904 654 1962 ceperit,
688 1917 758 1947 seu
795 1903 850 1946 ad
884 1917 1072 1946 normam
1107 1916 1197 1946 erm.
1231 1903 1339 1956 334,
1364 1904 1388 1955 g
1413 1902 1449 1955 3,
1475 1902 1545 1945 sed
1576 1905 1694 1957 capta
1719 1902 1777 1942 sic

145 1977 415 2029 possessione,
451 1974 548 2018 licei
581 1974 765 2018 nondum
797 1977 848 2017 sit
881 1980 1164 2027 consecratus,
1192 1974 1447 2030 proindeque
1482 1986 1560 2014 non
1594 1974 1645 2014 sit
1674 1986 1693 2011 ((
1713 1984 1775 2013 sa-

145 2058 241 2089 crae
289 2046 563 2089 ordinationis
612 2049 860 2101 minister»,
896 2045 1009 2089 nullo
1043 2047 1364 2088 inconveniente
1415 2043 1508 2086 inde
1556 2046 1778 2085 enascente

145 2117 280 2173 quoad
314 2131 411 2161 suos
443 2117 631 2161 subditos
664 2117 714 2160 ad
749 2130 936 2160 normam
973 2129 1062 2160 can.
1089 2117 1185 2164 955,
1214 2115 1241 2173 ξ
1268 2115 1302 2157 1.
1338 2141 1392 2145 —
1430 2114 1686 2157 Praecedens
1709 2126 1781 2155 nu-

148 2200 286 2232 merus
318 2191 513 2245 congruit
547 2191 662 2231 initio
696 2194 802 2245 cap·
834 2202 882 2231 ex
920 2190 1009 2231 iure
1042 2187 1321 2230 Decretalium
1347 2188 1458 2229 citati
1489 2185 1538 2228 ad
1565 2198 1652 2227 can.
1680 2184 1777 2226 956.

144 2258 194 2302 Et
228 2260 330 2303 infra
364 2260 518 2303 dicitur
546 2262 584 2302 in
609 2259 754 2303 eodem
780 2262 937 2315 capite:
977 2275 996 2299 «
1022 2257 1209 2301 oilicialis
1239 2257 1429 2313 Episcopi
1464 2255 1778 2313 (intelligendus

149 2329 335 2374 Vicarius
368 2329 595 2388 generalis)
631 2344 726 2374 cum
761 2331 810 2373 ad
847 2329 923 2373 lioc
967 2343 1009 2373 se
1053 2331 1180 2385 ipsius
1213 2328 1393 2371 officium
1440 2340 1519 2370 1101]
1564 2326 1778 2379 extendat,

146 2400 383 2445 huiusmodi
417 2404 562 2460 nequit
584 2402 792 2446 licentiam
820 2402 1022 2457 impertiri
1045 2416 1081 2441 u).
1107 2401 1302 2457 Sequitur
1325 2412 1424 2454 ergo
1457 2398 1566 2455 quod
1601 2401 1777 2454 nequeat

145 2485 194 2515 ex
230 2472 425 2516 mandato
458 2472 658 2529 generali,
691 2473 761 2515 sed
797 2485 875 2514 nou
913 2471 1156 2528 prohibetur
1190 2470 1417 2526 Episcopus
1441 2469 1478 2512 id
1509 2467 1670 2512 Vicario
1693 2481 1780 2523 spe-

146 2542 308 2586 cialiter
340 2545 618 2587 committere.
652 2543 831 2586 Additur
866 2545 1050 2598 insuper:
1093 2561 1107 2580 «
1135 2541 1338 2597 Episcopo
1362 2545 1498 2584 autem
1536 2541 1573 2582 in
1611 2541 1780 2581 remotis

146 2617 308 2669 agente,
343 2616 472 2670 ipsius
507 2616 544 2656 in
579 2612 865 2670 spiritualibus
903 2611 1089 2655 Vicarius
1122 2611 1341 2667 generalis,
1381 2610 1443 2653 vel
1468 2610 1566 2653 sede
1593 2613 1777 2655 vacante,

147 2682 399 2740 Capitulum,
431 2697 502 2727 seu
541 2686 585 2737 is,
619 2685 669 2727 ad
705 2697 826 2741 quem
868 2689 964 2726 tunc
1010 2684 1207 2738 temporis
1249 2682 1552 2725 administratio
1586 2681 1778 2736 spiritua-

146 2753 245 2797 lium
281 2757 464 2798 noscitur
501 2757 721 2811 pertinere,
756 2755 855 2797 dare
891 2758 1060 2810 possunt
1099 2753 1305 2796 licentiam
1346 2751 1627 2794 ordinandi».
1663 2749 1780 2794 Unde

146 2827 334 2882 sequitur
367 2826 405 2869 id
443 2839 561 2882 posse
598 2824 805 2869 Vicarium
839 2824 1127 2880 capitularem.
