1971 3261
137 319 257 356 morali
295 318 399 355 etiam
438 317 515 354 sine
550 317 732 355 adulterio,
764 323 907 354 mortem

133 365 274 411 coniugi
301 365 508 401 intulerunt.

183 412 268 449 Cin.
298 410 401 448 1076.
425 432 441 438 -
461 416 481 454 §
501 411 532 446 1.
551 411 588 446 ln
608 412 700 447 linea
718 416 809 448 recta
828 423 911 447 con-

133 459 385 506 sanguinitatis
411 459 678 494 matrimonium
706 459 842 494 irritum
862 464 911 495 est

133 559 185 591 tes
211 559 285 590 tum
314 553 485 599 legitimos
511 558 585 588 tum
613 553 803 589 naturales.

182 605 201 644 ἓ
227 601 261 636 2.
291 601 328 636 ln
356 601 449 636 linea
483 600 669 636 collaterali
699 601 837 636 irritum
863 605 913 636 est

135 659 245 695 usque
269 648 313 684 ad
341 648 480 684 tertium
495 647 642 692 gradum
663 647 845 685 inclusive,
866 648 913 683 ita

133 700 253 731 tamen
292 700 329 730 ut
368 695 583 730 matrimonii
621 694 911 741 impedimentum

133 743 235 779 toties
251 747 386 778 tantum
408 742 659 788 multiplicetur
673 742 808 788 quoties
822 753 914 779 com-

134 789 253 826 munis
280 790 387 835 stipes
413 789 680 836 multiplicatur.

183 841 203 880 ς
228 836 261 871 3.
291 836 477 882 Nunquam
499 836 762 872 matrimonium
780 836 916 882 permit·

134 888 241 925 tatur,
269 884 295 918 si
324 884 414 930 quod
435 883 547 919 subsit
565 884 712 919 dubium
732 894 817 919 num
839 895 915 930 par-

134 935 186 967 tes
212 931 283 966 sint
310 931 574 976 consanguinae
600 931 634 966 in
662 931 780 977 aliquo
806 931 915 975 gradu

135 978 249 1014 lineae
274 983 387 1014 rectae
412 983 472 1015 aut
491 978 527 1013 in
549 978 660 1025 primo
677 978 787 1024 gradu
802 978 916 1014 lineae

133 1025 357 1062 collateralis.

183 1071 269 1108 CAN.
302 1071 404 1107 1077.
436 1094 452 1098 -
481 1076 501 1115 ξ
531 1072 560 1108 1.
588 1073 748 1108 Affinitas
767 1071 803 1107 in
825 1072 916 1108 linea

134 1124 228 1155 recta
253 1119 387 1155 dirimit
406 1120 671 1155 matrimonium
700 1120 736 1154 in
762 1119 916 1165 quolibet

134 1167 266 1211 gradu;
296 1167 329 1202 in
360 1167 453 1203 linea
470 1167 658 1203 collaterali
675 1177 785 1213 usque
802 1167 846 1202 ad
865 1177 916 1202 se-

133 1214 289 1249 cundum
317 1214 464 1259 gradum
493 1213 674 1250 inclusive.

319 1363 368 1386 ς-
396 1343 531 1378 ratione
557 1343 666 1378 solius
693 1343 816 1379 aetatis

632 153 716 186 Tir.
747 153 833 187 VII.
862 173 874 179 ·
906 154 963 189 De
992 155 1250 188 Matrimonio

230 271 282 307 3.⁰
308 270 376 315 Qui
404 274 525 306 mutua
550 281 655 316 opera
686 271 829 318 physica
856 271 907 307 vel

135 508 227 544 inter
251 517 373 543 omnes
397 505 628 542 ascendentes
653 511 685 542 et
704 506 915 542 descenden-

1029 275 1048 314 ἓ
1074 270 1108 306 2.
1138 271 1326 306 Affinitatis
1352 270 1644 318 impedimentum
1672 271 1760 306 mul-

984 319 1181 365 tiplicatur:

1082 365 1133 400 i.0
1159 364 1302 409 Quoties
1337 365 1590 412 multiplicatur
1616 365 1761 411 impedi·

987 417 1143 448 mentum
1156 412 1501 457 consanguinitatisa
1512 423 1581 458 quo
1593 413 1762 458 procedit;

1080 459 1134 494 2.0
1160 459 1283 495 lterato
1316 460 1509 495 successive
1540 460 1764 496 matrimonio

986 518 1064 542 cum
1091 506 1355 551 consanguineo
1373 506 1532 552 coniugis
1549 506 1717 543 defuncti.

1034 553 1117 589 CAN.
1137 552 1237 588 1078.
1254 574 1278 580 -
1292 553 1584 599 impedimentum
1606 554 1764 600 publicae

988 601 1179 636 honestatis
1205 601 1316 636 oritur
1340 612 1379 637 ex
1407 601 1632 637 matrimonio
1665 602 1763 637 inva-

988 648 1067 687 lido,
1095 649 1166 684 sive
1193 652 1435 684 consummato
1461 648 1533 683 sive
1560 660 1641 689 non,
1668 653 1700 684 et
1726 659 1765 684 ex

988 695 1126 741 publico
1147 695 1198 731 vel
1218 695 1352 731 notorio
1371 695 1628 737 concubinatu;
1650 700 1682 732 et
1701 707 1766 731 nu-

989 742 1078 788 ptias
1094 742 1227 778 dirimit
1247 742 1283 777 in
1307 743 1418 788 primo
1436 747 1469 778 et
1487 743 1640 778 secundo
1657 743 1767 788 gradu

988 789 1100 826 lineae
1126 794 1239 825 rectae
1266 789 1356 825 inter
1375 790 1487 825 virum
1505 795 1538 825 et
1556 790 1767 836 consangui-

988 847 1073 872 neas
1097 837 1267 879 mulieris,
1292 847 1331 872 ac
1360 837 1432 873 vice
1459 848 1568 873 versa.

1035 883 1121 920 CAN.
1154 882 1255 918 1079.
1286 905 1303 910 -
1333 883 1378 920 Ea
1412 888 1550 920 tantum
1576 884 1768 930 spiritualis

989 931 1148 976 cognatio
1175 931 1438 967 matrimonium
1475 931 1598 972 irritat,
1631 932 1673 968 de
1700 942 1769 978 qua

991 979 1027 1013 in
1055 989 1132 1013 can.
1159 976 1240 1013 768.

1038 1025 1119 1061 CAN.
1152 1023 1253 1061 1080.
1278 1046 1293 1052 -
1322 1024 1389 1069 Qui
1419 1026 1491 1071 lege
1516 1025 1609 1061 civili
1630 1025 1768 1061 inhabi-

992 1073 1039 1108 les
1065 1073 1108 1108 ad
1137 1072 1278 1119 nuptias
1317 1073 1408 1108 inter
1445 1084 1481 1108 se
1507 1073 1681 1108 ineundas
1708 1073 1769 1108 ha-

992 1119 1119 1156 bentur
1142 1119 1184 1155 ob
1204 1120 1447 1165 cognationem
1468 1120 1612 1165 legalem
1632 1131 1672 1156 ex
1690 1120 1770 1156 ado-

993 1167 1110 1213 ptione
1124 1172 1248 1204 ortam.
1268 1171 1446 1213 nequeunt
1462 1167 1492 1201 vi
1511 1168 1596 1202 iuris
1611 1168 1770 1203 canonici

993 1214 1257 1250 matrimonium
1275 1214 1365 1250 inter
1379 1225 1414 1250 se
1430 1213 1542 1250 valide
1552 1215 1770 1251 contrahere.

1637 1343 1723 1379 Can.
1757 1343 1842 1392 1067

329 1459 367 1463 -
395 1437 470 1474 iure
496 1437 547 1473 di·
587 1457 631 1464 —
659 1438 809 1474 naturali
1684 1455 1698 1470 υ
1757 1438 1844 1474 1068

319 1479 321 1531 ξ
349 1485 430 1521 vino
527 1506 570 1511 —

320 1542 321 1545 ’
587 1555 630 1587 -.
658 1533 748 1579 posi·
775 1553 818 1558 -
843 1543 883 1568 ac
908 1543 1046 1578 semper
1681 1548 1694 1564 η
1755 1531 1842 1567 1069

63 1669 71 1672 „
89 1625 201 1672 Caput
221 1625 255 1661 ii
606 1586 677 1617 mo
774 1648 818 1653 —
837 1627 950 1674 quoad
971 1627 1007 1662 li·
1029 1645 1080 1678 5-
1106 1637 1146 1663 ac
1173 1638 1243 1662 non
1271 1638 1407 1674 semper
1686 1642 1698 1659 i)
1759 1627 1846 1662 1070

84 1675 115 1710 ie
156 1673 285 1726 impedi
790 1674 950 1710 ceitatem
978 1679 1037 1739 -l
1253 1722 1259 1727 .
1374 1722 1380 1728 ι
1533 1722 1539 1728 .
1595 1722 1601 1728 .

114 1724 206 1756 entis
220 1720 301 1756 diri·
1042 1742 1084 1747 —
1111 1721 1175 1757 sub
1202 1722 1330 1768 quibus
1348 1722 1622 1769 dispensationis

114 1767 311 1804 entibus—
1066 1769 1327 1805 conditionibus
1354 1781 1424 1805 non
1455 1774 1599 1815 urgente
1686 1783 1701 1802 »
1761 1769 1843 1805 1071

1033 1884 1085 1927 Γ
1104 1864 1177 1899 iure
1190 1863 1238 1898 di
1268 1863 1456 1899 —ordinis
1469 1864 1557 1900 sacri
1569 1875 1649 1900 cum

1034 1911 1238 1954 1v1n00bli-
1289 1916 1366 1947 voto
1687 1925 1702 1943 n
1762 1910 1849 1946 iss72

593 1979 634 1984 —
664 1963 802 2005 propter
828 1959 986 1995 volunta·
1034 1960 1143 2004 lgans
1209 1979 1241 1983 -

613 2006 704 2041 rium
733 2006 862 2042 factum
981 2026 1025 2032 —
1269 2026 1308 2031 —
1338 2005 1405 2041 voti
1433 2005 1614 2042 sollemnis
1680 2019 1696 2038 »
1764 2004 1852 2041 1073

1042 2167 1086 2174 -
1133 2147 1232 2183 illici·
1265 2122 1267 2181 l
1296 2104 1622 2183 mffli'ffinfftmm
1691 2161 1705 2179 υ
1753 2146 1852 2182 '1074

332 2205 569 2241 —iureeccle-
1070 2199 1144 2230 ¹⁰¹³
1211 2185 1267 2251 -l
1466 2242 1487 2248 ,,

355 2251 495 2288 siastieo
535 2274 575 2279 -
1265 2242 1649 2278 ⁴—adulteriiseucon·

1294 2289 1450 2334 iugicidii
1692 2303 1707 2321 »
1766 2286 1852 2323 1075

1042 2404 1092 2472 Γ
1108 2388 1248 2419 natura-
1276 2383 1650 2430 —eonsanguinltatis
1694 2396 1709 2415 »
1768 2381 1855 2417 1076

590 2484 639 2503 ¹-—
670 2483 808 2524 propter
833 2479 1007 2523 cognatio-
1042 2477 1045 2522 l
1073 2431 1139 2466 'em
1267 2410 1319 2503 ι-
1333 2477 1514 2513 affinitatis
1696 2491 1711 2509 »
1769 2476 1856 2512 1077

620 2536 701 2561 nem
990 2526 1046 2642 *Ι
1280 2594 1320 2599 -
1347 2572 1391 2608 01)
1412 2571 1589 2618 publicam
1608 2572 1669 2608 ho-

1055 2641 1094 2645 —
1135 2625 1237 2655 natu·
1301 2624 1470 2656 nestatem
1698 2634 1712 2650 n
1772 2616 1859 2653 1078

1061 2666 1123 2702 rali
1152 2666 1246 2702 simi—

1063 2714 1129 2750 lem
1216 2736 1257 2740 —-
1282 2735 1320 2740 -
1347 2714 1407 2749 sed
1434 2713 1653 2760 spiritualem
1698 2726 1713 2745 1>
1773 2710 1861 2747 1079

1775 2805 1863 2841 1080

1279 2828 1318 2834 -
1337 2813 1391 2843 ast
1403 2818 1496 2844 mere
1511 2807 1657 2854 legalem
1699 2822 1712 2838 »
