1971 3261
172 136 250 170 458
585 135 669 169 Ltss.
695 135 765 169 ΙΙΙ.
792 154 804 161 -
832 134 942 169 PARS
970 136 997 170 Ι.
1023 155 1035 161 -
1061 135 1118 170 De
1142 136 1409 171 Sacramentis
1529 136 1622 171 Can.
1648 136 1806 171 993-994

177 254 348 297 aderant
383 255 536 309 proprii
569 252 759 309 Episcopi
796 254 952 296 ratione
981 255 1165 309 originis,
1202 253 1389 296 beneficii
1425 258 1464 296 et
1498 254 1803 308 familiaritatis,

177 337 283 381 qnae
318 326 472 366 motiva
495 323 692 366 sortiendi
728 322 978 379 Episcopum
1003 335 1147 366 sacrae
1171 324 1442 367 ordinationis
1475 326 1688 380 proprium
1712 339 1803 369 cuni

176 397 257 437 sint
301 396 337 436 in
373 392 524 438 Codice
556 392 767 449 abrogata,
802 407 851 436 ex
896 396 1164 450 consequenti
1199 399 1446 437 corruerunt
1494 394 1586 438 illae
1633 395 1805 452 disposi-

178 468 321 507 tiones.
371 463 673 507 Tantummodo
710 466 821 520 viget
869 477 916 506 ex
968 463 1036 507 illa
1069 469 1213 507 conste.
1263 467 1530 520 praescriptio
1573 465 1650 508 sub
1692 479 1731 508 η.
1763 468 1804 508 4.

182 550 204 575 c<
226 535 513 582 Promovendi,
556 539 597 577 ut
629 546 767 590 snpra,
792 534 1006 577 atterant»
1039 533 1356 577 Testimoniales
1386 534 1554 577 litteras
1582 534 1807 578 Ordinarii

178 605 259 648 loez'
291 605 341 648 ad
391 618 577 648 normam
613 618 702 648 can.
740 604 837 659 198,
869 604 897 662 ἓ
931 604 954 647 ⁶2
989 604 1033 647 in
1066 618 1144 662 quo
1177 605 1358 648 scilicet:
1404 607 1442 648 in
1477 608 1595 649 cuius
1627 606 1805 650 dioecesi

181 675 243 719 vel
280 677 485 718 territorio
517 674 822 732 promovendus
853 675 902 717 ad
940 677 1116 731 primam
1152 680 1361 718 tonsuram
1401 675 1462 718 vel
1499 675 1723 732 quemlibet
1747 689 1809 719 or-

177 746 314 789 dinem
350 749 391 797 a)
426 750 588 788 [aarum
632 745 830 802 {emporis
866 744 908 803 b)
941 749 1130 788 moratus
1163 750 1236 800 est,
1271 747 1431 788 etiamsi
1477 750 1520 788 nt
1564 748 1807 803 peregrinus

177 821 247 860 aut
294 829 436 873 vagus,
484 816 547 859 vel
595 829 689 860 cum
738 816 1091 874 quasi—domicilio
1139 821 1209 859 ant
1257 816 1468 860 domicilio
1517 817 1567 860 ad
1618 829 1804 860 normam

177 900 268 931 can.
303 888 370 941 91,
405 888 445 943 c)
479 892 522 929 ut
557 886 803 930 canonicum
837 886 1178 944 impedimentwn
1212 887 1263 930 de
1297 899 1377 944 quo
1417 889 1455 930 in
1490 899 1579 931 can.
1615 887 1804 931 984-987

176 956 426 1000 contrahere
453 957 510 1000 ihi
539 956 739 1015 potuerit,
766 962 808 1000 ut
841 970 1083 1014 expressum
1109 962 1197 1000 erat
1231 959 1268 999 in
1304 959 1370 1001 cit.
1406 962 1534 1002 const.
1573 958 1807 1014 «Specula-

178 1033 347 1071 tores».
382 1027 440 1071 De
488 1027 611 1071 huius
658 1029 858 1084 temporis
900 1028 1246 1071 determinatione
1280 1027 1471 1071 conditus
1504 1033 1564 1071 est
1597 1041 1686 1073 can.
1723 1030 1805 1072 994

178 1099 418 1142 immediate
450 1112 640 1156 sequens.

285 1173 472 1212 -Demnm
509 1169 551 1212 5⁰
592 1168 909 1213 Testimoniales
944 1169 1191 1228 Superioris
1225 1170 1402 1213 maioris
1434 1169 1629 1227 reliqiosi
1661 1184 1809 1227 cogno-

175 1240 315 1283 scendi
351 1253 402 1283 ex
449 1252 539 1284 can.
574 1240 672 1295 488,
707 1240 766 1295 8⁰,
800 1253 847 1284 ac
892 1241 1196 1284 determinandi
1231 1241 1281 1284 ad
1327 1253 1515 1284 normam
1550 1243 1808 1285 constitutio-

176 1324 275 1353 num
310 1311 544 1367 religionis,
579 1311 649 1354 sed
687 1310 924 1354 huiusmodi
959 1311 1258 1355 testimoniales
1290 1316 1385 1354 sunt
1417 1312 1666 1368 afferendae,
1691 1317 1734 1356 ut
1757 1325 1809 1356 ex

176 1380 239 1424 his
273 1386 402 1438 patet:
448 1382 485 1424 si
518 1381 585 1424 eui
626 1381 827 1439 reli'yioni
869 1380 1188 1439 promovendus,
1228 1398 1250 1422 «
1273 1385 1357 1439 qui,
1391 1382 1501 1439 quod
1548 1384 1724 1438 pertinet
1755 1383 1806 1426 ad

175 1453 493 1508 ordinationem,
517 1453 792 1496 saecularium
828 1455 917 1496 iure
952 1458 1177 1509 regatur»,
1213 1461 1255 1496 ut
1287 1465 1412 1509 supra
1446 1453 1699 1510 explicatum
1734 1458 1807 1508 est,

176 1523 416 1582 adscriptus
449 1524 516 1568 sic.
552 1524 687 1581 Atque
722 1524 798 1567 boc
834 1526 871 1566 in
906 1536 1004 1567 casu
1039 1527 1145 1577 (can.
1187 1524 1285 1578 995,
1308 1524 1336 1582 ἓ
1371 1523 1413 1580 1)
1451 1524 1693 1580 «Superior
1729 1537 1806 1568 ma-

175 1596 237 1637 ior
271 1594 525 1650 religiosus»
565 1597 704 1638 testari
739 1593 863 1638 debet
903 1595 1279 1650 «promovendum
1316 1595 1610 1651 professionem
1649 1594 1810 1652 religio-

174 1677 261 1708 sam
296 1667 503 1708 emississe
537 1670 576 1708 et
608 1678 698 1708 esse
730 1665 781 1708 de
814 1665 969 1708 familia
1004 1665 1153 1708 domus
1198 1665 1415 1722 religiosae
1458 1665 1534 1709 sibi
1569 1665 1802 1709 subditae»

174 1737 276 1778 sitae
311 1737 348 1777 in
383 1734 573 1792 Episcopi
618 1737 773 1792 proprii
819 1737 1043 1790 territorio,
1081 1751 1100 1776 ἰ
1124 1736 1260 1793 deque
1294 1738 1385 1779 aliis
1417 1738 1506 1779 iure
1539 1738 1808 1793 requisitis»,

178 1805 240 1848 vel
275 1807 399 1848 etiam
433 1806 586 1849 addere
625 1821 643 1846 «
668 1808 949 1849 testimoninm
974 1806 1025 1849 de
1051 1808 1228 1862 peractis
1250 1806 1436 1849 studiis»
1467 1811 1509 1849 ut
1531 1818 1656 1861 supra
1685 1819 1723 1849 n.
1749 1806 1806 1860 20,

175 1876 283 1933 quod
319 1878 429 1932 exigi
475 1881 606 1932 potest
639 1876 691 1920 ab
734 1876 941 1933 Episcopo
976 1876 1097 1920 simul
1142 1890 1237 1920 cnm
1281 1876 1372 1920 aliis
1421 1876 1809 1920 «testimonialibus

176 1946 321 1989 litteris
344 1944 556 1990 Ordinarii
593 1947 669 1990 loci
706 1949 743 1989 in
769 1960 850 2004 quo
887 1948 1198 2003 promovendus
1232 1952 1415 1990 moratus
1437 1952 1538 1990 est»
1576 1952 1665 2003 post
1686 1949 1806 1990 emis-

173 2029 262 2060 sam
295 2019 591 2073 professionem
626 2017 675 2060 ad
710 2030 900 2061 normam
934 2030 1067 2074 praes.
1102 2024 1207 2061 can⁵.
1242 2031 1280 2060 n.
1317 2017 1383 2071 4⁰3
1419 2018 1488 2061 sed
1536 2017 1646 2061 nullo
1686 2018 1808 2061 modo

173 2092 267 2130 sunt
300 2088 536 2131 afferendae
564 2088 720 2131 similes
752 2089 1050 2131 testimoniales
1072 2088 1123 2131 de
1157 2093 1342 2145 tempore
1365 2092 1460 2131 ante
1492 2089 1807 2145 professionem,

177 2171 251 2202 nec
285 2161 565 2202 testiinonium
599 2158 676 2203 sub
725 2161 800 2202 nis.
836 2158 879 2201 1⁰
913 2172 961 2202 ac
996 2159 1055 2209 30,
1089 2172 1136 2202 eo
1170 2159 1279 2216 quod
1320 2158 1396 2201 bae
1432 2158 1742 2210 testimoniales,
1775 2161 1807 2202 si

175 2232 434 2272 necessariae
478 2231 657 2282 fuerunt,
693 2232 770 2272 iam
814 2229 1024 2273 exhibitae
1062 2234 1352 2286 supponuntur
1391 2231 1428 2272 in
1463 2229 1714 2273 admissione
1757 2229 1839 2273 ad*

177 2301 424 2342 novitiatum
469 2300 518 2343 ad
571 2313 759 2343 normam
794 2312 883 2343 can.
921 2300 1017 2353 544,
1060 2299 1114 2357 §g
1148 2300 1187 2355 2,
1224 2301 1260 2355 1,
1295 2300 1332 2354 3,
1369 2305 1407 2343 et
1451 2312 1541 2343 can.
1577 2299 1674 2353 545,
1709 2306 1735 2355 g
1768 2300 1806 2343 4.

296 2369 394 2412 37⁶2.
427 2372 687 2426 Temporis
710 2371 1057 2416 determinatio
1091 2384 1181 2427 pro
1205 2372 1514 2427 requirendis
1539 2372 1616 2415 vel
1650 2373 1808 2417 minus

174 2442 588 2486 testimonialibus
621 2442 813 2486 litteris.
846 2466 902 2471 -—
934 2439 1018 2484 Sibi
1053 2444 1246 2483 constans
1278 2439 1430 2496 Codex,
1466 2442 1562 2497 quia
1596 2439 1665 2484 illa
1700 2440 1809 2485 clau·

175 2510 264 2553 sula
301 2517 453 2566 praec.S
486 2517 592 2554 03η.Β
625 2525 662 2554 n.
697 2511 741 2553 40
781 2526 801 2552 ((
827 2516 983 2554 tantum
1009 2513 1208 2567 temporis
1242 2516 1424 2554 moratus
1457 2516 1532 2565 est,
1569 2515 1610 2554 ut
1642 2513 1809 2554 canoni-

176 2593 270 2623 cum
318 2580 660 2637 impedimentum
706 2580 760 2624 ibi
794 2580 1041 2624 contrahere
1084 2583 1308 2637 potuerit»
1347 2583 1385 2623 in
1437 2584 1524 2625 iure
1561 2584 1689 2624 veteri
1735 2583 1808 2624 fuit

175 2649 361 2694 adbibita
412 2653 448 2693 in
499 2651 727 2694 litterarum
777 2651 1114 2694 testimonialium
1167 2653 1353 2705 materia,
1396 2651 1506 2695 illins
1553 2657 1806 2708 «receptam

175 2720 283 2776 apud
319 2725 510 2764 auctores
544 2721 737 2776 probatos
776 2723 1157 2777 interpretationem
1179 2736 1198 2762 a
1239 2721 1562 2777 iurisprudentia
1603 2722 1669 2765 SS.
1704 2720 1807 2766 Con-

176 2792 465 2846 gregationum
486 2792 773 2834 confirmatam
799 2793 837 2833 in
864 2790 996 2847 legem
1023 2791 1231 2834 transtulit
1254 2805 1343 2834 ean.
1369 2793 1477 2835 994.
1502 2794 1540 2845 g.
1568 2792 1604 2836 1.
1638 2791 1808 2850 Tempus

175 2874 254 2917 quo
286 2860 592 2917 yn'omoeendus
624 2863 783 2904 etiamsi
820 2861 871 2904 ad
922 2863 1097 2917 primam
1134 2866 1359 2915 tonsuram,
1391 2861 1529 2918 poluit
1563 2863 1807 2905 canonicum
