<?xml version="1.0" encoding="UTF-8"?>
<!DOCTYPE html PUBLIC "-//W3C//DTD XHTML 1.0 Transitional//EN"
    "http://www.w3.org/TR/xhtml1/DTD/xhtml1-transitional.dtd">
<html xmlns="http://www.w3.org/1999/xhtml" xml:lang="en" lang="en">
 <head>
  <title>
</title>
<meta http-equiv="Content-Type" content="text/html;charset=utf-8" />
  <meta name='ocr-system' content='tesseract 3.04.00' />
  <meta name='ocr-capabilities' content='ocr_page ocr_carea ocr_par ocr_line ocrx_word'/>
</head>
<body>
  <div class='ocr_page' id='page_1' title='image "./p1commentariumte03blatuoft_0253.png"; bbox 0 0 1971 3261; ppageno 0'>
   <div class='ocr_carea' id='block_1_1' title="bbox 132 153 1768 198">
    <p class='ocr_par' dir='ltr' id='par_1_1' title="bbox 132 153 1768 198">
     <span class='ocr_line' id='line_1_1' title="bbox 132 153 1768 198; baseline 0.003 -6"><span class='ocrx_word' id='word_1_1' title='bbox 132 156 227 193; x_wconf 76' lang='lat' dir='ltr'>Gan.</span> <span class='ocrx_word' id='word_1_2' title='bbox 253 153 325 189; x_wconf 78' lang='lat'>884</span> <span class='ocrx_word' id='word_1_3' title='bbox 657 156 742 190; x_wconf 85' lang='lat' dir='ltr'>Tl&#39;r.</span> <span class='ocrx_word' id='word_1_4' title='bbox 772 156 839 191; x_wconf 92' lang='lat' dir='ltr'>IV.</span> <span class='ocrx_word' id='word_1_5' title='bbox 869 178 881 182; x_wconf 99' lang='lat'>-</span> <span class='ocrx_word' id='word_1_6' title='bbox 909 158 965 193; x_wconf 84' lang='lat' dir='ltr'>De</span> <span class='ocrx_word' id='word_1_7' title='bbox 991 160 1237 194; x_wconf 75' lang='lat' dir='ltr'>Poenz’tentia</span> <span class='ocrx_word' id='word_1_8' title='bbox 1697 165 1768 198; x_wconf 63' lang='lat'>*259</span> 
     </span>
    </p>
   </div>
   <div class='ocr_carea' id='block_1_2' title="bbox 397 216 1454 225">
    <p class='ocr_par' dir='ltr' id='par_1_2' title="bbox 397 216 1454 225">
     <span class='ocr_line' id='line_1_2' title="bbox 397 216 1454 225; baseline 0 0"><span class='ocrx_word' id='word_1_9' title='bbox 397 216 1454 225; x_wconf 95' lang='lat' dir='ltr'> </span> 
     </span>
    </p>
   </div>
   <div class='ocr_carea' id='block_1_3' title="bbox 564 217 1454 226">
    <p class='ocr_par' dir='ltr' id='par_1_3' title="bbox 564 217 1454 226">
     <span class='ocr_line' id='line_1_3' title="bbox 564 217 1454 226; baseline 0 0"><span class='ocrx_word' id='word_1_10' title='bbox 564 217 1454 226; x_wconf 95' lang='lat' dir='ltr'> </span> 
     </span>
    </p>
   </div>
   <div class='ocr_carea' id='block_1_4' title="bbox 125 274 1766 1462">
    <p class='ocr_par' dir='ltr' id='par_1_4' title="bbox 127 274 1766 812">
     <span class='ocr_line' id='line_1_4' title="bbox 131 274 1763 332; baseline 0.006 -14"><span class='ocrx_word' id='word_1_11' title='bbox 131 276 316 319; x_wconf 88' lang='lat' dir='ltr'>exterius</span> <span class='ocrx_word' id='word_1_12' title='bbox 347 275 570 317; x_wconf 87' lang='lat' dir='ltr'>commissa</span> <span class='ocrx_word' id='word_1_13' title='bbox 588 274 652 317; x_wconf 57' lang='lat' dir='ltr'>t)...</span> <span class='ocrx_word' id='word_1_14' title='bbox 686 302 741 310; x_wconf 92' lang='lat'>—</span> <span class='ocrx_word' id='word_1_15' title='bbox 775 275 1078 332; x_wconf 75' lang='lat' dir='ltr'><strong>Comprehendi</strong></span> <span class='ocrx_word' id='word_1_16' title='bbox 1105 279 1257 321; x_wconf 89' lang='lat' dir='ltr'>nedum</span> <span class='ocrx_word' id='word_1_17' title='bbox 1283 284 1426 331; x_wconf 80' lang='lat' dir='ltr'>tactus,</span> <span class='ocrx_word' id='word_1_18' title='bbox 1455 294 1598 324; x_wconf 69' lang='lat' dir='ltr'>verum</span> <span class='ocrx_word' id='word_1_19' title='bbox 1626 286 1763 327; x_wconf 87' lang='lat' dir='ltr'>omnia</span> 
     </span>
     <span class='ocr_line' id='line_1_5' title="bbox 133 343 1765 406; baseline 0.004 -16"><span class='ocrx_word' id='word_1_20' title='bbox 133 350 300 403; x_wconf 86' lang='lat' dir='ltr'>peccata</span> <span class='ocrx_word' id='word_1_21' title='bbox 335 343 394 400; x_wconf 88' lang='lat' dir='ltr'>(et</span> <span class='ocrx_word' id='word_1_22' title='bbox 426 348 622 387; x_wconf 89' lang='lat' dir='ltr'>notentur</span> <span class='ocrx_word' id='word_1_23' title='bbox 655 347 816 402; x_wconf 85' lang='lat' dir='ltr'>singula</span> <span class='ocrx_word' id='word_1_24' title='bbox 855 347 1001 403; x_wconf 75' lang='lat' dir='ltr'>verba)</span> <span class='ocrx_word' id='word_1_25' title='bbox 1035 348 1078 404; x_wconf 86' lang='lat' dir='ltr'>a)</span> <span class='ocrx_word' id='word_1_26' title='bbox 1113 352 1273 405; x_wconf 76' lang='lat' dir='ltr'>gravia,</span> <span class='ocrx_word' id='word_1_27' title='bbox 1306 349 1344 406; x_wconf 85' lang='lat' dir='ltr'>b)</span> <span class='ocrx_word' id='word_1_28' title='bbox 1379 356 1416 394; x_wconf 89' lang='lat' dir='ltr'>et</span> <span class='ocrx_word' id='word_1_29' title='bbox 1452 355 1635 395; x_wconf 77' lang='lat' dir='ltr'>exterius</span> <span class='ocrx_word' id='word_1_30' title='bbox 1658 368 1765 396; x_wconf 78' lang='lat' dir='ltr'>com-</span> 
     </span>
     <span class='ocr_line' id='line_1_6' title="bbox 133 414 1763 476; baseline 0.004 -16"><span class='ocrx_word' id='word_1_31' title='bbox 133 418 254 460; x_wconf 89' lang='lat' dir='ltr'>missa</span> <span class='ocrx_word' id='word_1_32' title='bbox 288 414 326 472; x_wconf 83' lang='lat' dir='ltr'>c)</span> <span class='ocrx_word' id='word_1_33' title='bbox 358 419 501 459; x_wconf 90' lang='lat' dir='ltr'>contra</span> <span class='ocrx_word' id='word_1_34' title='bbox 536 417 782 468; x_wconf 75' lang='lat' dir='ltr'>castitatem,</span> <span class='ocrx_word' id='word_1_35' title='bbox 817 419 940 460; x_wconf 86' lang='lat' dir='ltr'>etiam</span> <span class='ocrx_word' id='word_1_36' title='bbox 977 418 1043 461; x_wconf 89' lang='lat' dir='ltr'>illa</span> <span class='ocrx_word' id='word_1_37' title='bbox 1068 433 1174 476; x_wconf 82' lang='lat' dir='ltr'>quae</span> <span class='ocrx_word' id='word_1_38' title='bbox 1197 423 1423 464; x_wconf 86' lang='lat' dir='ltr'>consistunt</span> <span class='ocrx_word' id='word_1_39' title='bbox 1460 424 1495 464; x_wconf 94' lang='lat' dir='ltr'>in</span> <span class='ocrx_word' id='word_1_40' title='bbox 1535 426 1658 465; x_wconf 80' lang='lat' dir='ltr'>meris</span> <span class='ocrx_word' id='word_1_41' title='bbox 1682 424 1763 467; x_wconf 83' lang='lat' dir='ltr'>col-</span> 
     </span>
     <span class='ocr_line' id='line_1_7' title="bbox 132 484 1766 551; baseline 0.004 -20"><span class='ocrx_word' id='word_1_42' title='bbox 132 487 281 545; x_wconf 89' lang='lat' dir='ltr'>loquiis</span> <span class='ocrx_word' id='word_1_43' title='bbox 313 490 353 529; x_wconf 91' lang='lat' dir='ltr'>et</span> <span class='ocrx_word' id='word_1_44' title='bbox 385 484 637 540; x_wconf 76' lang='lat' dir='ltr'>aspectibus,</span> <span class='ocrx_word' id='word_1_45' title='bbox 672 488 741 542; x_wconf 80' lang='lat' dir='ltr'>qui</span> <span class='ocrx_word' id='word_1_46' title='bbox 776 486 820 543; x_wconf 73' lang='lat' dir='ltr'>cl)</span> <span class='ocrx_word' id='word_1_47' title='bbox 855 488 1177 544; x_wconf 86' lang='lat' dir='ltr'>complicitatem</span> <span class='ocrx_word' id='word_1_48' title='bbox 1214 493 1488 547; x_wconf 74' lang='lat' dir='ltr'>important».</span> <span class='ocrx_word' id='word_1_49' title='bbox 1527 493 1581 536; x_wconf 72' lang='lat' dir='ltr'>Ex·</span> <span class='ocrx_word' id='word_1_50' title='bbox 1615 494 1766 551; x_wconf 77' lang='lat' dir='ltr'>quibus</span> 
     </span>
     <span class='ocr_line' id='line_1_8' title="bbox 131 554 1761 618; baseline 0.003 -18"><span class='ocrx_word' id='word_1_51' title='bbox 131 556 287 600; x_wconf 81' lang='lat' dir='ltr'>ultimis</span> <span class='ocrx_word' id='word_1_52' title='bbox 336 554 491 610; x_wconf 85' lang='lat' dir='ltr'>verbis,</span> <span class='ocrx_word' id='word_1_53' title='bbox 526 567 633 612; x_wconf 87' lang='lat' dir='ltr'>quae</span> <span class='ocrx_word' id='word_1_54' title='bbox 667 558 705 598; x_wconf 92' lang='lat' dir='ltr'>in</span> <span class='ocrx_word' id='word_1_55' title='bbox 744 556 856 600; x_wconf 88' lang='lat' dir='ltr'>Bulla</span> <span class='ocrx_word' id='word_1_56' title='bbox 890 559 958 601; x_wconf 90' lang='lat' dir='ltr'>cit.</span> <span class='ocrx_word' id='word_1_57' title='bbox 993 564 1032 601; x_wconf 90' lang='lat' dir='ltr'>et</span> <span class='ocrx_word' id='word_1_58' title='bbox 1066 562 1103 601; x_wconf 93' lang='lat' dir='ltr'>in</span> <span class='ocrx_word' id='word_1_59' title='bbox 1137 572 1294 603; x_wconf 86' lang='lat' dir='ltr'>canone</span> <span class='ocrx_word' id='word_1_60' title='bbox 1337 561 1413 604; x_wconf 87' lang='lat' dir='ltr'>sub</span> <span class='ocrx_word' id='word_1_61' title='bbox 1445 563 1659 618; x_wconf 81' lang='lat' dir='ltr'>complicis</span> <span class='ocrx_word' id='word_1_62' title='bbox 1696 578 1761 605; x_wconf 75' lang='lat' dir='ltr'>ro-</span> 
     </span>
     <span class='ocr_line' id='line_1_9' title="bbox 129 626 1761 689; baseline 0.004 -18"><span class='ocrx_word' id='word_1_63' title='bbox 129 626 278 671; x_wconf 87' lang='lat' dir='ltr'>cabulo</span> <span class='ocrx_word' id='word_1_64' title='bbox 314 628 499 681; x_wconf 87' lang='lat' dir='ltr'>veniunt,</span> <span class='ocrx_word' id='word_1_65' title='bbox 534 631 718 684; x_wconf 86' lang='lat' dir='ltr'>arguunt</span> <span class='ocrx_word' id='word_1_66' title='bbox 751 627 954 671; x_wconf 78' lang='lat' dir='ltr'>Auctor-es</span> <span class='ocrx_word' id='word_1_67' title='bbox 990 629 1148 685; x_wconf 88' lang='lat' dir='ltr'>probati</span> <span class='ocrx_word' id='word_1_68' title='bbox 1183 632 1440 675; x_wconf 80' lang='lat' dir='ltr'>conditiones</span> <span class='ocrx_word' id='word_1_69' title='bbox 1464 637 1618 689; x_wconf 77' lang='lat' dir='ltr'>peccati</span> <span class='ocrx_word' id='word_1_70' title='bbox 1659 637 1761 677; x_wconf 65' lang='lat' dir='ltr'>ieri-</span> 
     </span>
     <span class='ocr_line' id='line_1_10' title="bbox 131 697 1761 755; baseline 0.004 -15"><span class='ocrx_word' id='word_1_71' title='bbox 131 697 315 742; x_wconf 86' lang='lat' dir='ltr'>ticandas</span> <span class='ocrx_word' id='word_1_72' title='bbox 356 710 407 740; x_wconf 88' lang='lat' dir='ltr'>ex</span> <span class='ocrx_word' id='word_1_73' title='bbox 443 702 622 755; x_wconf 88' lang='lat' dir='ltr'>utraque</span> <span class='ocrx_word' id='word_1_74' title='bbox 674 702 802 754; x_wconf 89' lang='lat' dir='ltr'>parte,</span> <span class='ocrx_word' id='word_1_75' title='bbox 838 703 961 755; x_wconf 85' lang='lat' dir='ltr'>atque</span> <span class='ocrx_word' id='word_1_76' title='bbox 1011 699 1132 742; x_wconf 87' lang='lat' dir='ltr'>talem</span> <span class='ocrx_word' id='word_1_77' title='bbox 1182 714 1322 744; x_wconf 81' lang='lat' dir='ltr'>casum</span> <span class='ocrx_word' id='word_1_78' title='bbox 1358 702 1511 746; x_wconf 84' lang='lat' dir='ltr'>debere</span> <span class='ocrx_word' id='word_1_79' title='bbox 1561 718 1649 746; x_wconf 70' lang='lat' dir='ltr'>esse</span> <span class='ocrx_word' id='word_1_80' title='bbox 1685 718 1761 747; x_wconf 93' lang='lat' dir='ltr'>non</span> 
     </span>
     <span class='ocr_line' id='line_1_11' title="bbox 127 766 318 812; baseline -0.016 -1"><span class='ocrx_word' id='word_1_81' title='bbox 127 766 318 812; x_wconf 88' lang='lat' dir='ltr'>dubium.</span> 
     </span>
    </p>

    <p class='ocr_par' dir='ltr' id='par_1_5' title="bbox 125 837 1765 1462">
     <span class='ocr_line' id='line_1_12' title="bbox 248 837 1763 895; baseline 0.005 -14"><span class='ocrx_word' id='word_1_82' title='bbox 248 837 305 882; x_wconf 92' lang='lat' dir='ltr'>De</span> <span class='ocrx_word' id='word_1_83' title='bbox 338 837 598 882; x_wconf 89' lang='lat' dir='ltr'>absolutione</span> <span class='ocrx_word' id='word_1_84' title='bbox 649 840 709 882; x_wconf 90' lang='lat' dir='ltr'>sic</span> <span class='ocrx_word' id='word_1_85' title='bbox 744 838 951 895; x_wconf 87' lang='lat' dir='ltr'>explicata</span> <span class='ocrx_word' id='word_1_86' title='bbox 1002 841 1240 884; x_wconf 85' lang='lat' dir='ltr'>decernitur</span> <span class='ocrx_word' id='word_1_87' title='bbox 1275 845 1312 885; x_wconf 94' lang='lat' dir='ltr'>in</span> <span class='ocrx_word' id='word_1_88' title='bbox 1347 856 1526 887; x_wconf 78' lang='lat' dir='ltr'>canone:</span> <span class='ocrx_word' id='word_1_89' title='bbox 1574 845 1763 888; x_wconf 66' lang='lat' dir='ltr'>invalido</span> 
     </span>
     <span class='ocr_line' id='line_1_13' title="bbox 127 909 1764 969; baseline 0.003 -16"><span class='ocrx_word' id='word_1_90' title='bbox 127 915 219 953; x_wconf 77' lang='lat' dir='ltr'>est:</span> <span class='ocrx_word' id='word_1_91' title='bbox 251 910 302 953; x_wconf 91' lang='lat' dir='ltr'>de</span> <span class='ocrx_word' id='word_1_92' title='bbox 335 921 417 967; x_wconf 86' lang='lat' dir='ltr'>qua</span> <span class='ocrx_word' id='word_1_93' title='bbox 452 909 713 953; x_wconf 86' lang='lat' dir='ltr'>invaliditate</span> <span class='ocrx_word' id='word_1_94' title='bbox 746 910 785 953; x_wconf 84' lang='lat' dir='ltr'>S.</span> <span class='ocrx_word' id='word_1_95' title='bbox 823 909 1140 954; x_wconf 86' lang='lat' dir='ltr'>Poenitentiaria</span> <span class='ocrx_word' id='word_1_96' title='bbox 1162 912 1173 933; x_wconf 83' lang='lat'>¹</span> <span class='ocrx_word' id='word_1_97' title='bbox 1211 915 1262 955; x_wconf 89' lang='lat' dir='ltr'>ita</span> <span class='ocrx_word' id='word_1_98' title='bbox 1299 914 1529 969; x_wconf 82' lang='lat' dir='ltr'>respondit:</span> <span class='ocrx_word' id='word_1_99' title='bbox 1586 931 1603 955; x_wconf 69' lang='grc' dir='ltr'>α</span> <span class='ocrx_word' id='word_1_100' title='bbox 1628 915 1764 958; x_wconf 70' lang='lat' dir='ltr'>Priva-</span> 
     </span>
     <span class='ocr_line' id='line_1_14' title="bbox 129 979 1762 1041; baseline 0.003 -18"><span class='ocrx_word' id='word_1_101' title='bbox 129 982 281 1024; x_wconf 89' lang='lat' dir='ltr'>tionem</span> <span class='ocrx_word' id='word_1_102' title='bbox 307 980 607 1024; x_wconf 88' lang='lat' dir='ltr'>iurisdictionis</span> <span class='ocrx_word' id='word_1_103' title='bbox 630 979 874 1024; x_wconf 87' lang='lat' dir='ltr'>absolvendi</span> <span class='ocrx_word' id='word_1_104' title='bbox 899 981 1145 1037; x_wconf 77' lang='lat' dir='ltr'>complicem</span> <span class='ocrx_word' id='word_1_105' title='bbox 1183 985 1220 1025; x_wconf 92' lang='lat' dir='ltr'>in</span> <span class='ocrx_word' id='word_1_106' title='bbox 1258 989 1425 1039; x_wconf 86' lang='lat' dir='ltr'>peccato</span> <span class='ocrx_word' id='word_1_107' title='bbox 1451 988 1572 1041; x_wconf 81' lang='lat' dir='ltr'>turpi,</span> <span class='ocrx_word' id='word_1_108' title='bbox 1607 987 1762 1039; x_wconf 84' lang='lat' dir='ltr'>(notan-</span> 
     </span>
     <span class='ocr_line' id='line_1_15' title="bbox 128 1051 1760 1111; baseline 0.003 -17"><span class='ocrx_word' id='word_1_109' title='bbox 128 1051 334 1109; x_wconf 89' lang='lat' dir='ltr'>dumque)</span> <span class='ocrx_word' id='word_1_110' title='bbox 366 1056 405 1095; x_wconf 90' lang='lat' dir='ltr'>et</span> <span class='ocrx_word' id='word_1_111' title='bbox 438 1051 643 1094; x_wconf 79' lang='lat' dir='ltr'>adnexam</span> <span class='ocrx_word' id='word_1_112' title='bbox 696 1054 1172 1096; x_wconf 84' lang='lat' dir='ltr'>excommunicationem</span> <span class='ocrx_word' id='word_1_113' title='bbox 1225 1053 1294 1110; x_wconf 86' lang='lat' dir='ltr'>(de</span> <span class='ocrx_word' id='word_1_114' title='bbox 1327 1068 1405 1110; x_wconf 78' lang='lat' dir='ltr'>qua</span> <span class='ocrx_word' id='word_1_115' title='bbox 1442 1061 1499 1098; x_wconf 76' lang='lat' dir='ltr'>est</span> <span class='ocrx_word' id='word_1_116' title='bbox 1536 1058 1690 1111; x_wconf 76' lang='lat' dir='ltr'>positus</span> <span class='ocrx_word' id='word_1_117' title='bbox 1725 1059 1760 1099; x_wconf 94' lang='lat' dir='ltr'>in</span> 
     </span>
     <span class='ocr_line' id='line_1_16' title="bbox 127 1121 1762 1180; baseline 0.002 -14"><span class='ocrx_word' id='word_1_118' title='bbox 127 1121 280 1167; x_wconf 86' lang='lat' dir='ltr'>Codice</span> <span class='ocrx_word' id='word_1_119' title='bbox 314 1134 404 1166; x_wconf 90' lang='lat' dir='ltr'>can.</span> <span class='ocrx_word' id='word_1_120' title='bbox 440 1121 573 1179; x_wconf 74' lang='lat'>2367)</span> <span class='ocrx_word' id='word_1_121' title='bbox 607 1127 813 1180; x_wconf 87' lang='lat' dir='ltr'>quatenus</span> <span class='ocrx_word' id='word_1_122' title='bbox 862 1123 1140 1166; x_wconf 76' lang='lat' dir='ltr'>confessarius</span> <span class='ocrx_word' id='word_1_123' title='bbox 1180 1124 1293 1167; x_wconf 93' lang='lat' dir='ltr'>illum</span> <span class='ocrx_word' id='word_1_124' title='bbox 1330 1124 1568 1178; x_wconf 72' lang='lat' dir='ltr'>absolxerit,</span> <span class='ocrx_word' id='word_1_125' title='bbox 1602 1140 1690 1170; x_wconf 80' lang='lat' dir='ltr'>esse</span> <span class='ocrx_word' id='word_1_126' title='bbox 1726 1130 1762 1169; x_wconf 91' lang='lat' dir='ltr'>in</span> 
     </span>
     <span class='ocr_line' id='line_1_17' title="bbox 128 1192 1761 1252; baseline 0.003 -17"><span class='ocrx_word' id='word_1_127' title='bbox 128 1193 274 1236; x_wconf 87' lang='lat' dir='ltr'>ordine</span> <span class='ocrx_word' id='word_1_128' title='bbox 308 1192 358 1236; x_wconf 91' lang='lat' dir='ltr'>ad</span> <span class='ocrx_word' id='word_1_129' title='bbox 394 1194 528 1249; x_wconf 91' lang='lat' dir='ltr'>ipsum</span> <span class='ocrx_word' id='word_1_130' title='bbox 551 1197 767 1249; x_wconf 90' lang='lat' dir='ltr'>peccatum</span> <span class='ocrx_word' id='word_1_131' title='bbox 802 1197 937 1249; x_wconf 90' lang='lat' dir='ltr'>turpe,</span> <span class='ocrx_word' id='word_1_132' title='bbox 963 1195 1000 1236; x_wconf 90' lang='lat' dir='ltr'>in</span> <span class='ocrx_word' id='word_1_133' title='bbox 1026 1207 1107 1251; x_wconf 84' lang='lat' dir='ltr'>quo</span> <span class='ocrx_word' id='word_1_134' title='bbox 1133 1195 1241 1237; x_wconf 88' lang='lat' dir='ltr'>idem</span> <span class='ocrx_word' id='word_1_135' title='bbox 1266 1196 1541 1238; x_wconf 75' lang='lat' dir='ltr'>confessarius</span> <span class='ocrx_word' id='word_1_136' title='bbox 1573 1197 1761 1252; x_wconf 80' lang='lat' dir='ltr'>complex</span> 
     </span>
     <span class='ocr_line' id='line_1_18' title="bbox 129 1263 1763 1322; baseline 0.003 -15"><span class='ocrx_word' id='word_1_137' title='bbox 129 1264 261 1309; x_wconf 77' lang='lat' dir='ltr'>suit».</span> <span class='ocrx_word' id='word_1_138' title='bbox 300 1289 348 1293; x_wconf 92' lang='lat'>—</span> <span class='ocrx_word' id='word_1_139' title='bbox 384 1263 515 1308; x_wconf 86' lang='lat' dir='ltr'>Unica</span> <span class='ocrx_word' id='word_1_140' title='bbox 563 1268 625 1307; x_wconf 89' lang='lat' dir='ltr'>est</span> <span class='ocrx_word' id='word_1_141' title='bbox 658 1263 850 1307; x_wconf 84' lang='lat' dir='ltr'>addenda</span> <span class='ocrx_word' id='word_1_142' title='bbox 901 1266 1090 1320; x_wconf 82' lang='lat' dir='ltr'>exceptio</span> <span class='ocrx_word' id='word_1_143' title='bbox 1139 1267 1198 1309; x_wconf 90' lang='lat' dir='ltr'>sic</span> <span class='ocrx_word' id='word_1_144' title='bbox 1247 1279 1440 1322; x_wconf 81' lang='lat' dir='ltr'>expressa</span> <span class='ocrx_word' id='word_1_145' title='bbox 1495 1270 1530 1308; x_wconf 91' lang='lat' dir='ltr'>in</span> <span class='ocrx_word' id='word_1_146' title='bbox 1584 1281 1763 1312; x_wconf 79' lang='lat' dir='ltr'>canone:</span> 
     </span>
     <span class='ocr_line' id='line_1_19' title="bbox 125 1334 1761 1392; baseline 0.002 -15"><span class='ocrx_word' id='word_1_147' title='bbox 125 1339 428 1392; x_wconf 77' lang='lat' dir='ltr'>praeterquam</span> <span class='ocrx_word' id='word_1_148' title='bbox 460 1334 505 1378; x_wconf 80' lang='lat' dir='ltr'>in</span> <span class='ocrx_word' id='word_1_149' title='bbox 537 1334 687 1378; x_wconf 71' lang='lat' dir='ltr'>mortis</span> <span class='ocrx_word' id='word_1_150' title='bbox 736 1334 943 1392; x_wconf 72' lang='lat' dir='ltr'>periculo,</span> <span class='ocrx_word' id='word_1_151' title='bbox 993 1340 1113 1391; x_wconf 88' lang='lat' dir='ltr'>prout</span> <span class='ocrx_word' id='word_1_152' title='bbox 1148 1338 1234 1392; x_wconf 92' lang='lat' dir='ltr'>ipse</span> <span class='ocrx_word' id='word_1_153' title='bbox 1269 1336 1418 1381; x_wconf 87' lang='lat' dir='ltr'>Bened.</span> <span class='ocrx_word' id='word_1_154' title='bbox 1456 1336 1542 1379; x_wconf 63' lang='lat' dir='ltr'>XlV</span> <span class='ocrx_word' id='word_1_155' title='bbox 1579 1338 1761 1381; x_wconf 82' lang='lat' dir='ltr'>declara-</span> 
     </span>
     <span class='ocr_line' id='line_1_20' title="bbox 132 1404 1765 1462; baseline 0.002 -13"><span class='ocrx_word' id='word_1_156' title='bbox 132 1410 247 1449; x_wconf 76' lang='lat' dir='ltr'>vei-at</span> <span class='ocrx_word' id='word_1_157' title='bbox 265 1410 446 1449; x_wconf 89' lang='lat' dir='ltr'>mentem</span> <span class='ocrx_word' id='word_1_158' title='bbox 472 1418 590 1449; x_wconf 86' lang='lat' dir='ltr'>suam</span> <span class='ocrx_word' id='word_1_159' title='bbox 615 1407 654 1448; x_wconf 90' lang='lat' dir='ltr'>in</span> <span class='ocrx_word' id='word_1_160' title='bbox 679 1405 758 1449; x_wconf 89' lang='lat' dir='ltr'>alia</span> <span class='ocrx_word' id='word_1_161' title='bbox 783 1404 920 1450; x_wconf 89' lang='lat' dir='ltr'>Const.</span> <span class='ocrx_word' id='word_1_162' title='bbox 950 1422 971 1447; x_wconf 87' lang='lat'>«</span> <span class='ocrx_word' id='word_1_163' title='bbox 990 1406 1215 1462; x_wconf 85' lang='lat' dir='ltr'>Apostolici</span> <span class='ocrx_word' id='word_1_164' title='bbox 1243 1410 1426 1450; x_wconf 80' lang='lat' dir='ltr'>muneris</span> <span class='ocrx_word' id='word_1_165' title='bbox 1446 1423 1466 1448; x_wconf 81' lang='lat'>›&gt;</span> <span class='ocrx_word' id='word_1_166' title='bbox 1491 1408 1503 1430; x_wconf 73' lang='lat'>‘²</span> <span class='ocrx_word' id='word_1_167' title='bbox 1541 1408 1601 1451; x_wconf 76' lang='lat' dir='ltr'>liis</span> <span class='ocrx_word' id='word_1_168' title='bbox 1628 1409 1765 1452; x_wconf 68' lang='lat' dir='ltr'>verbis</span> 
     </span>
    </p>
   </div>
   <div class='ocr_carea' id='block_1_5' title="bbox 116 1475 1761 1534">
    <p class='ocr_par' dir='ltr' id='par_1_6' title="bbox 116 1475 1761 1534">
     <span class='ocr_line' id='line_1_21' title="bbox 116 1475 1761 1534; baseline 0.004 -18"><span class='ocrx_word' id='word_1_169' title='bbox 116 1475 200 1534; x_wconf 32' lang='grc' dir='ltr'><strong>,((ξ</strong></span> <span class='ocrx_word' id='word_1_170' title='bbox 232 1476 271 1519; x_wconf 81' lang='grc'>4.</span> <span class='ocrx_word' id='word_1_171' title='bbox 306 1475 394 1520; x_wconf 90' lang='lat' dir='ltr'>Non</span> <span class='ocrx_word' id='word_1_172' title='bbox 430 1477 685 1520; x_wconf 86' lang='lat' dir='ltr'>intendimus</span> <span class='ocrx_word' id='word_1_173' title='bbox 708 1479 818 1520; x_wconf 90' lang='lat' dir='ltr'>enim</span> <span class='ocrx_word' id='word_1_174' title='bbox 845 1490 917 1533; x_wconf 91' lang='lat' dir='ltr'>pro</span> <span class='ocrx_word' id='word_1_175' title='bbox 943 1477 1205 1521; x_wconf 78' lang='lat' dir='ltr'>formidando</span> <span class='ocrx_word' id='word_1_176' title='bbox 1241 1480 1383 1521; x_wconf 90' lang='lat' dir='ltr'>mortis</span> <span class='ocrx_word' id='word_1_177' title='bbox 1416 1479 1603 1525; x_wconf 81' lang='lat' dir='ltr'>articulo.</span> <span class='ocrx_word' id='word_1_178' title='bbox 1629 1480 1761 1523; x_wconf 88' lang='lat' dir='ltr'>eidem</span> 
     </span>
    </p>
   </div>
   <div class='ocr_carea' id='block_1_6' title="bbox 126 1547 1764 2815">
    <p class='ocr_par' dir='ltr' id='par_1_7' title="bbox 126 1547 1762 1747">
     <span class='ocr_line' id='line_1_22' title="bbox 126 1547 1762 1604; baseline 0.001 -14"><span class='ocrx_word' id='word_1_179' title='bbox 126 1547 347 1602; x_wconf 86' lang='lat' dir='ltr'>sacerdoti,</span> <span class='ocrx_word' id='word_1_180' title='bbox 372 1549 646 1604; x_wconf 86' lang='lat' dir='ltr'>quantumvis</span> <span class='ocrx_word' id='word_1_181' title='bbox 665 1547 849 1603; x_wconf 82' lang='lat' dir='ltr'>indigno,</span> <span class='ocrx_word' id='word_1_182' title='bbox 876 1550 1154 1591; x_wconf 85' lang='lat' dir='ltr'>necessariam</span> <span class='ocrx_word' id='word_1_183' title='bbox 1180 1548 1507 1591; x_wconf 85' lang='lat' dir='ltr'>iurisdictionem</span> <span class='ocrx_word' id='word_1_184' title='bbox 1534 1548 1593 1604; x_wconf 64' lang='lat' dir='ltr'>(ri</span> <span class='ocrx_word' id='word_1_185' title='bbox 1619 1549 1762 1593; x_wconf 86' lang='lat' dir='ltr'>saltem</span> 
     </span>
     <span class='ocr_line' id='line_1_23' title="bbox 127 1617 1762 1677; baseline 0.001 -15"><span class='ocrx_word' id='word_1_186' title='bbox 127 1630 218 1662; x_wconf 88' lang='lat' dir='ltr'>can.</span> <span class='ocrx_word' id='word_1_187' title='bbox 253 1618 336 1661; x_wconf 73' lang='lat'>882</span> <span class='ocrx_word' id='word_1_188' title='bbox 371 1617 600 1672; x_wconf 86' lang='lat' dir='ltr'>obtentam)</span> <span class='ocrx_word' id='word_1_189' title='bbox 633 1619 812 1673; x_wconf 82' lang='lat' dir='ltr'>auferre,</span> <span class='ocrx_word' id='word_1_190' title='bbox 838 1632 887 1662; x_wconf 89' lang='lat' dir='ltr'>ne</span> <span class='ocrx_word' id='word_1_191' title='bbox 922 1618 998 1662; x_wconf 88' lang='lat' dir='ltr'>hac</span> <span class='ocrx_word' id='word_1_192' title='bbox 1023 1621 1108 1675; x_wconf 90' lang='lat' dir='ltr'>ipsa</span> <span class='ocrx_word' id='word_1_193' title='bbox 1135 1622 1353 1663; x_wconf 85' lang='lat' dir='ltr'>occasione</span> <span class='ocrx_word' id='word_1_194' title='bbox 1388 1619 1539 1677; x_wconf 77' lang='lat' dir='ltr'>aliquis</span> <span class='ocrx_word' id='word_1_195' title='bbox 1566 1625 1704 1677; x_wconf 84' lang='lat' dir='ltr'>pereat</span> <span class='ocrx_word' id='word_1_196' title='bbox 1725 1636 1762 1664; x_wconf 84' lang='lat'>».</span> 
     </span>
     <span class='ocr_line' id='line_1_24' title="bbox 127 1688 1010 1747; baseline 0.002 -15"><span class='ocrx_word' id='word_1_197' title='bbox 127 1688 355 1747; x_wconf 88' lang='lat' dir='ltr'>Hucusque</span> <span class='ocrx_word' id='word_1_198' title='bbox 388 1689 440 1733; x_wconf 93' lang='lat' dir='ltr'>de</span> <span class='ocrx_word' id='word_1_199' title='bbox 474 1688 748 1734; x_wconf 88' lang='lat' dir='ltr'>absolutionis</span> <span class='ocrx_word' id='word_1_200' title='bbox 785 1689 1010 1734; x_wconf 83' lang='lat' dir='ltr'>validitate.</span> 
     </span>
    </p>

    <p class='ocr_par' dir='ltr' id='par_1_8' title="bbox 126 1759 1764 2463">
     <span class='ocr_line' id='line_1_25' title="bbox 245 1759 1758 1818; baseline 0.001 -15"><span class='ocrx_word' id='word_1_201' title='bbox 245 1759 304 1803; x_wconf 91' lang='lat' dir='ltr'>De</span> <span class='ocrx_word' id='word_1_202' title='bbox 338 1760 572 1804; x_wconf 86' lang='lat' dir='ltr'>moralitate</span> <span class='ocrx_word' id='word_1_203' title='bbox 608 1759 717 1804; x_wconf 94' lang='lat' dir='ltr'>illius</span> <span class='ocrx_word' id='word_1_204' title='bbox 751 1760 1024 1804; x_wconf 87' lang='lat' dir='ltr'>absolutionis</span> <span class='ocrx_word' id='word_1_205' title='bbox 1046 1763 1188 1804; x_wconf 88' lang='lat' dir='ltr'>statuit</span> <span class='ocrx_word' id='word_1_206' title='bbox 1220 1761 1404 1804; x_wconf 87' lang='lat' dir='ltr'>secunda</span> <span class='ocrx_word' id='word_1_207' title='bbox 1438 1763 1610 1805; x_wconf 86' lang='lat' dir='ltr'>canonis</span> <span class='ocrx_word' id='word_1_208' title='bbox 1644 1774 1758 1818; x_wconf 86' lang='lat' dir='ltr'>pars:</span> 
     </span>
     <span class='ocr_line' id='line_1_26' title="bbox 127 1837 1760 1895; baseline 0.001 -15"><span class='ocrx_word' id='word_1_209' title='bbox 127 1842 167 1880; x_wconf 82' lang='lat' dir='ltr'>et</span> <span class='ocrx_word' id='word_1_210' title='bbox 199 1837 328 1880; x_wconf 77' lang='lat' dir='ltr'>etiam</span> <span class='ocrx_word' id='word_1_211' title='bbox 360 1837 405 1880; x_wconf 77' lang='grc' dir='ltr'>(ἠ</span> <span class='ocrx_word' id='word_1_212' title='bbox 436 1837 627 1895; x_wconf 74' lang='lat' dir='ltr'>periculo</span> <span class='ocrx_word' id='word_1_213' title='bbox 675 1838 841 1892; x_wconf 73' lang='lat' dir='ltr'>mortis,</span> <span class='ocrx_word' id='word_1_214' title='bbox 874 1851 895 1881; x_wconf 89' lang='lat' dir='ltr'>a</span> <span class='ocrx_word' id='word_1_215' title='bbox 931 1840 1088 1881; x_wconf 83' lang='lat' dir='ltr'>fortiori</span> <span class='ocrx_word' id='word_1_216' title='bbox 1138 1851 1237 1893; x_wconf 85' lang='lat' dir='ltr'>ergo</span> <span class='ocrx_word' id='word_1_217' title='bbox 1273 1840 1428 1882; x_wconf 86' lang='lat' dir='ltr'>ratione</span> <span class='ocrx_word' id='word_1_218' title='bbox 1463 1839 1628 1894; x_wconf 67' lang='lat' dir='ltr'>[wando</span> <span class='ocrx_word' id='word_1_219' title='bbox 1664 1838 1760 1881; x_wconf 89' lang='lat' dir='ltr'>illud</span> 
     </span>
     <span class='ocr_line' id='line_1_27' title="bbox 128 1908 1763 1967; baseline -0.001 -16"><span class='ocrx_word' id='word_1_220' title='bbox 128 1921 206 1951; x_wconf 91' lang='lat' dir='ltr'>non</span> <span class='ocrx_word' id='word_1_221' title='bbox 241 1910 404 1960; x_wconf 90' lang='lat' dir='ltr'>existat,</span> <span class='ocrx_word' id='word_1_222' title='bbox 427 1921 476 1952; x_wconf 87' lang='lat' dir='ltr'>ac</span> <span class='ocrx_word' id='word_1_223' title='bbox 510 1911 550 1952; x_wconf 83' lang='lat' dir='ltr'>in</span> <span class='ocrx_word' id='word_1_224' title='bbox 575 1908 824 1967; x_wconf 88' lang='lat' dir='ltr'>quibusdam</span> <span class='ocrx_word' id='word_1_225' title='bbox 859 1912 982 1953; x_wconf 90' lang='lat' dir='ltr'>etiam</span> <span class='ocrx_word' id='word_1_226' title='bbox 1009 1910 1182 1965; x_wconf 87' lang='lat' dir='ltr'>praefati</span> <span class='ocrx_word' id='word_1_227' title='bbox 1219 1908 1390 1966; x_wconf 90' lang='lat' dir='ltr'>periculi</span> <span class='ocrx_word' id='word_1_228' title='bbox 1426 1910 1763 1960; x_wconf 75' lang='lat' dir='ltr'>circumstantiis,</span> 
     </span>
     <span class='ocr_line' id='line_1_28' title="bbox 126 1978 1761 2025; baseline -0.001 -3"><span class='ocrx_word' id='word_1_229' title='bbox 126 1980 248 2023; x_wconf 91' lang='lat' dir='ltr'>sicuti</span> <span class='ocrx_word' id='word_1_230' title='bbox 281 1978 434 2024; x_wconf 89' lang='lat' dir='ltr'>Bened.</span> <span class='ocrx_word' id='word_1_231' title='bbox 469 1978 561 2023; x_wconf 90' lang='lat' dir='ltr'>XlV</span> <span class='ocrx_word' id='word_1_232' title='bbox 597 1982 637 2023; x_wconf 88' lang='lat' dir='ltr'>in</span> <span class='ocrx_word' id='word_1_233' title='bbox 672 1979 818 2023; x_wconf 92' lang='lat' dir='ltr'>ultimo</span> <span class='ocrx_word' id='word_1_234' title='bbox 852 1983 939 2025; x_wconf 60' lang='lat' dir='ltr'>cita.</span> <span class='ocrx_word' id='word_1_235' title='bbox 975 1985 1121 2023; x_wconf 75' lang='lat' dir='ltr'>const0.</span> <span class='ocrx_word' id='word_1_236' title='bbox 1174 1979 1442 2023; x_wconf 79' lang='lat' dir='ltr'>«declarat...</span> <span class='ocrx_word' id='word_1_237' title='bbox 1479 1979 1623 2022; x_wconf 86' lang='lat' dir='ltr'>cadem</span> <span class='ocrx_word' id='word_1_238' title='bbox 1660 1978 1761 2023; x_wconf 88' lang='lat' dir='ltr'>Con-</span> 
     </span>
     <span class='ocr_line' id='line_1_29' title="bbox 126 2049 1758 2108; baseline 0 -15"><span class='ocrx_word' id='word_1_239' title='bbox 126 2052 339 2094; x_wconf 88' lang='lat' dir='ltr'>stitutione</span> <span class='ocrx_word' id='word_1_240' title='bbox 388 2049 589 2108; x_wconf 78' lang='lat' dir='ltr'>(scilicetz</span> <span class='ocrx_word' id='word_1_241' title='bbox 639 2051 956 2095; x_wconf 87' lang='lat' dir='ltr'>Sacramentum</span> <span class='ocrx_word' id='word_1_242' title='bbox 1010 2050 1349 2108; x_wconf 84' lang='lat' dir='ltr'>l&#39;oenitentiae)...</span> <span class='ocrx_word' id='word_1_243' title='bbox 1401 2053 1453 2093; x_wconf 87' lang='lat' dir='ltr'>ita</span> <span class='ocrx_word' id='word_1_244' title='bbox 1490 2050 1679 2093; x_wconf 82' lang='lat' dir='ltr'>interdici</span> <span class='ocrx_word' id='word_1_245' title='bbox 1716 2064 1758 2093; x_wconf 92' lang='lat' dir='ltr'>re</span> 
     </span>
     <span class='ocr_line' id='line_1_30' title="bbox 128 2113 1761 2179; baseline -0.001 -15"><span class='ocrx_word' id='word_1_246' title='bbox 128 2113 225 2178; x_wconf 62' lang='lat' dir='ltr'>ipsa*</span> <span class='ocrx_word' id='word_1_247' title='bbox 248 2126 288 2165; x_wconf 89' lang='lat' dir='ltr'>et</span> <span class='ocrx_word' id='word_1_248' title='bbox 321 2121 532 2178; x_wconf 84' lang='lat' dir='ltr'>prohiberi</span> <span class='ocrx_word' id='word_1_249' title='bbox 569 2123 780 2179; x_wconf 89' lang='lat' dir='ltr'>praedicto</span> <span class='ocrx_word' id='word_1_250' title='bbox 814 2122 936 2165; x_wconf 88' lang='lat' dir='ltr'>modo</span> <span class='ocrx_word' id='word_1_251' title='bbox 971 2122 1095 2179; x_wconf 88' lang='lat' dir='ltr'>(idest</span> <span class='ocrx_word' id='word_1_252' title='bbox 1128 2135 1222 2165; x_wconf 88' lang='lat' dir='ltr'>cum</span> <span class='ocrx_word' id='word_1_253' title='bbox 1263 2134 1392 2178; x_wconf 89' lang='lat' dir='ltr'>poena</span> <span class='ocrx_word' id='word_1_254' title='bbox 1427 2123 1761 2164; x_wconf 80' lang='lat' dir='ltr'>excommunica-</span> 
     </span>
     <span class='ocr_line' id='line_1_31' title="bbox 127 2192 1760 2250; baseline -0.001 -16"><span class='ocrx_word' id='word_1_255' title='bbox 127 2193 263 2247; x_wconf 83' lang='lat' dir='ltr'>tionis,</span> <span class='ocrx_word' id='word_1_256' title='bbox 298 2197 340 2235; x_wconf 93' lang='lat' dir='ltr'>ut</span> <span class='ocrx_word' id='word_1_257' title='bbox 373 2195 623 2249; x_wconf 86' lang='lat' dir='ltr'>exprimitur</span> <span class='ocrx_word' id='word_1_258' title='bbox 656 2195 695 2236; x_wconf 91' lang='lat' dir='ltr'>in</span> <span class='ocrx_word' id='word_1_259' title='bbox 730 2206 821 2238; x_wconf 90' lang='lat' dir='ltr'>ean.</span> <span class='ocrx_word' id='word_1_260' title='bbox 858 2193 990 2250; x_wconf 67' lang='lat'>2367)</span> <span class='ocrx_word' id='word_1_261' title='bbox 1027 2198 1122 2237; x_wconf 87' lang='lat' dir='ltr'>tnnc</span> <span class='ocrx_word' id='word_1_262' title='bbox 1155 2193 1301 2236; x_wconf 86' lang='lat' dir='ltr'>audire</span> <span class='ocrx_word' id='word_1_263' title='bbox 1334 2197 1373 2236; x_wconf 95' lang='lat' dir='ltr'>et</span> <span class='ocrx_word' id='word_1_264' title='bbox 1406 2192 1638 2236; x_wconf 72' lang='lat' dir='ltr'>absolvere.</span> <span class='ocrx_word' id='word_1_265' title='bbox 1666 2197 1705 2235; x_wconf 92' lang='lat' dir='ltr'>ut</span> <span class='ocrx_word' id='word_1_266' title='bbox 1730 2194 1760 2235; x_wconf 86' lang='lat' dir='ltr'>si</span> 
     </span>
     <span class='ocr_line' id='line_1_32' title="bbox 127 2262 1764 2321; baseline -0.001 -15"><span class='ocrx_word' id='word_1_267' title='bbox 127 2262 232 2306; x_wconf 91' lang='lat' dir='ltr'>alius</span> <span class='ocrx_word' id='word_1_268' title='bbox 279 2262 430 2321; x_wconf 89' lang='lat' dir='ltr'>aliquis</span> <span class='ocrx_word' id='word_1_269' title='bbox 481 2265 678 2308; x_wconf 89' lang='lat' dir='ltr'>sacerdos</span> <span class='ocrx_word' id='word_1_270' title='bbox 711 2277 791 2307; x_wconf 93' lang='lat' dir='ltr'>non</span> <span class='ocrx_word' id='word_1_271' title='bbox 826 2264 1017 2317; x_wconf 85' lang='lat' dir='ltr'>defuerit,</span> <span class='ocrx_word' id='word_1_272' title='bbox 1066 2266 1270 2307; x_wconf 89' lang='lat' dir='ltr'>etiamsi...</span> <span class='ocrx_word' id='word_1_273' title='bbox 1305 2263 1406 2306; x_wconf 89' lang='lat' dir='ltr'>alias</span> <span class='ocrx_word' id='word_1_274' title='bbox 1440 2277 1512 2319; x_wconf 87' lang='lat' dir='ltr'>pro</span> <span class='ocrx_word' id='word_1_275' title='bbox 1545 2263 1764 2306; x_wconf 82' lang='lat' dir='ltr'>audiendis</span> 
     </span>
     <span class='ocr_line' id='line_1_33' title="bbox 126 2333 1761 2392; baseline -0.001 -15"><span class='ocrx_word' id='word_1_276' title='bbox 126 2334 455 2379; x_wconf 80' lang='lat' dir='ltr'>confessionibus</span> <span class='ocrx_word' id='word_1_277' title='bbox 488 2348 567 2379; x_wconf 89' lang='lat' dir='ltr'>non</span> <span class='ocrx_word' id='word_1_278' title='bbox 602 2335 869 2392; x_wconf 89' lang='lat' dir='ltr'>approbatus,</span> <span class='ocrx_word' id='word_1_279' title='bbox 906 2338 1029 2392; x_wconf 91' lang='lat' dir='ltr'>possit</span> <span class='ocrx_word' id='word_1_280' title='bbox 1064 2334 1332 2378; x_wconf 90' lang='lat' dir='ltr'>nihilominus</span> <span class='ocrx_word' id='word_1_281' title='bbox 1372 2337 1456 2390; x_wconf 89' lang='lat' dir='ltr'>ipse</span> <span class='ocrx_word' id='word_1_282' title='bbox 1490 2333 1663 2389; x_wconf 80' lang='lat' dir='ltr'>simplex</span> <span class='ocrx_word' id='word_1_283' title='bbox 1699 2346 1761 2376; x_wconf 87' lang='lat' dir='ltr'>sa-</span> 
     </span>
     <span class='ocr_line' id='line_1_34' title="bbox 126 2405 1557 2463; baseline -0.001 -14"><span class='ocrx_word' id='word_1_284' title='bbox 126 2405 275 2450; x_wconf 89' lang='lat' dir='ltr'>cerdos</span> <span class='ocrx_word' id='word_1_285' title='bbox 307 2406 609 2450; x_wconf 73' lang='lat' dir='ltr'>consessionem</span> <span class='ocrx_word' id='word_1_286' title='bbox 645 2409 840 2463; x_wconf 88' lang='lat' dir='ltr'>excipere</span> <span class='ocrx_word' id='word_1_287' title='bbox 874 2419 922 2450; x_wconf 91' lang='lat' dir='ltr'>ac</span> <span class='ocrx_word' id='word_1_288' title='bbox 956 2406 1260 2450; x_wconf 82' lang='lat' dir='ltr'>absolutionem</span> <span class='ocrx_word' id='word_1_289' title='bbox 1294 2408 1557 2462; x_wconf 78' lang='lat' dir='ltr'>impertiri».</span> 
     </span>
    </p>

    <p class='ocr_par' dir='ltr' id='par_1_9' title="bbox 126 2475 1762 2815">
     <span class='ocr_line' id='line_1_35' title="bbox 245 2475 1762 2534; baseline -0.003 -13"><span class='ocrx_word' id='word_1_290' title='bbox 245 2475 437 2521; x_wconf 86' lang='lat' dir='ltr'>Clausula</span> <span class='ocrx_word' id='word_1_291' title='bbox 470 2477 700 2521; x_wconf 89' lang='lat' dir='ltr'>excludens</span> <span class='ocrx_word' id='word_1_292' title='bbox 732 2490 752 2521; x_wconf 89' lang='lat' dir='ltr'>a</span> <span class='ocrx_word' id='word_1_293' title='bbox 788 2480 958 2521; x_wconf 90' lang='lat' dir='ltr'>canonis</span> <span class='ocrx_word' id='word_1_294' title='bbox 991 2489 1135 2520; x_wconf 89' lang='lat' dir='ltr'>norma</span> <span class='ocrx_word' id='word_1_295' title='bbox 1160 2478 1213 2520; x_wconf 91' lang='lat' dir='ltr'>ita</span> <span class='ocrx_word' id='word_1_296' title='bbox 1247 2478 1435 2534; x_wconf 87' lang='lat' dir='ltr'>sequitur</span> <span class='ocrx_word' id='word_1_297' title='bbox 1470 2478 1507 2518; x_wconf 91' lang='lat' dir='ltr'>in</span> <span class='ocrx_word' id='word_1_298' title='bbox 1542 2488 1612 2519; x_wconf 89' lang='lat' dir='ltr'>eo:</span> <span class='ocrx_word' id='word_1_299' title='bbox 1639 2481 1762 2518; x_wconf 60' lang='lat' dir='ltr'>estro</span> 
     </span>
     <span class='ocr_line' id='line_1_36' title="bbox 127 2546 1761 2606; baseline -0.001 -17"><span class='ocrx_word' id='word_1_300' title='bbox 127 2560 270 2590; x_wconf 79' lang='lat' dir='ltr'>casum</span> <span class='ocrx_word' id='word_1_301' title='bbox 312 2547 592 2602; x_wconf 77' lang='lat' dir='ltr'>necessitatis,</span> <span class='ocrx_word' id='word_1_302' title='bbox 637 2560 761 2606; x_wconf 87' lang='lat' dir='ltr'>quam</span> <span class='ocrx_word' id='word_1_303' title='bbox 809 2549 1096 2591; x_wconf 88' lang='lat' dir='ltr'>necessitatem</span> <span class='ocrx_word' id='word_1_304' title='bbox 1132 2560 1205 2603; x_wconf 89' lang='lat' dir='ltr'>pro</span> <span class='ocrx_word' id='word_1_305' title='bbox 1250 2548 1393 2589; x_wconf 88' lang='lat' dir='ltr'>mortis</span> <span class='ocrx_word' id='word_1_306' title='bbox 1428 2546 1614 2603; x_wconf 88' lang='lat' dir='ltr'>periculo</span> <span class='ocrx_word' id='word_1_307' title='bbox 1649 2548 1706 2589; x_wconf 87' lang='lat' dir='ltr'>sic</span> <span class='ocrx_word' id='word_1_308' title='bbox 1741 2559 1761 2589; x_wconf 88' lang='lat' dir='ltr'>a</span> 
     </span>
     <span class='ocr_line' id='line_1_37' title="bbox 130 2616 1762 2675; baseline -0.002 -15"><span class='ocrx_word' id='word_1_309' title='bbox 130 2616 279 2661; x_wconf 88' lang='lat' dir='ltr'>Bened.</span> <span class='ocrx_word' id='word_1_310' title='bbox 315 2616 405 2661; x_wconf 87' lang='lat' dir='ltr'>XlV</span> <span class='ocrx_word' id='word_1_311' title='bbox 440 2618 675 2675; x_wconf 87' lang='lat' dir='ltr'>explicatur</span> <span class='ocrx_word' id='word_1_312' title='bbox 709 2620 748 2661; x_wconf 93' lang='lat' dir='ltr'>in</span> <span class='ocrx_word' id='word_1_313' title='bbox 781 2621 849 2662; x_wconf 92' lang='lat' dir='ltr'>cit.</span> <span class='ocrx_word' id='word_1_314' title='bbox 875 2622 1003 2662; x_wconf 91' lang='lat' dir='ltr'>const.</span> <span class='ocrx_word' id='word_1_315' title='bbox 1045 2617 1310 2673; x_wconf 84' lang='lat' dir='ltr'>«Apostolici</span> <span class='ocrx_word' id='word_1_316' title='bbox 1346 2619 1530 2660; x_wconf 86' lang='lat' dir='ltr'>muneris</span> <span class='ocrx_word' id='word_1_317' title='bbox 1549 2633 1586 2661; x_wconf 87' lang='lat'>»:</span> <span class='ocrx_word' id='word_1_318' title='bbox 1628 2618 1689 2670; x_wconf 62' lang='lat' dir='ltr'>«g</span> <span class='ocrx_word' id='word_1_319' title='bbox 1723 2616 1762 2658; x_wconf 78' lang='lat'>3.</span> 
     </span>
     <span class='ocr_line' id='line_1_38' title="bbox 131 2688 1762 2746; baseline -0.001 -15"><span class='ocrx_word' id='word_1_320' title='bbox 131 2688 268 2742; x_wconf 83' lang='lat' dir='ltr'>Porro,</span> <span class='ocrx_word' id='word_1_321' title='bbox 317 2691 394 2735; x_wconf 88' lang='lat' dir='ltr'>si...</span> <span class='ocrx_word' id='word_1_322' title='bbox 430 2693 728 2733; x_wconf 90' lang='lat' dir='ltr'>concurrentes</span> <span class='ocrx_word' id='word_1_323' title='bbox 776 2690 1129 2742; x_wconf 82' lang='lat' dir='ltr'>circumstantiae,</span> <span class='ocrx_word' id='word_1_324' title='bbox 1162 2700 1269 2746; x_wconf 91' lang='lat' dir='ltr'>quae</span> <span class='ocrx_word' id='word_1_325' title='bbox 1319 2690 1438 2731; x_wconf 85' lang='lat' dir='ltr'>vitari</span> <span class='ocrx_word' id='word_1_326' title='bbox 1475 2701 1552 2730; x_wconf 89' lang='lat' dir='ltr'>non</span> <span class='ocrx_word' id='word_1_327' title='bbox 1595 2689 1762 2743; x_wconf 82' lang='lat' dir='ltr'>possint,</span> 
     </span>
     <span class='ocr_line' id='line_1_39' title="bbox 126 2759 1760 2815; baseline -0.001 -13"><span class='ocrx_word' id='word_1_328' title='bbox 126 2760 331 2803; x_wconf 88' lang='lat' dir='ltr'>eiusmodi</span> <span class='ocrx_word' id='word_1_329' title='bbox 382 2761 550 2815; x_wconf 79' lang='lat' dir='ltr'>suerint,</span> <span class='ocrx_word' id='word_1_330' title='bbox 585 2764 629 2804; x_wconf 88' lang='lat' dir='ltr'>ut</span> <span class='ocrx_word' id='word_1_331' title='bbox 661 2759 766 2804; x_wconf 89' lang='lat' dir='ltr'>alius</span> <span class='ocrx_word' id='word_1_332' title='bbox 815 2760 1010 2804; x_wconf 90' lang='lat' dir='ltr'>sacerdos</span> <span class='ocrx_word' id='word_1_333' title='bbox 1043 2759 1092 2802; x_wconf 88' lang='lat' dir='ltr'>ad</span> <span class='ocrx_word' id='word_1_334' title='bbox 1138 2759 1391 2803; x_wconf 87' lang='lat' dir='ltr'>audiendam</span> <span class='ocrx_word' id='word_1_335' title='bbox 1440 2760 1686 2802; x_wconf 87' lang='lat' dir='ltr'>constitutae</span> <span class='ocrx_word' id='word_1_336' title='bbox 1723 2760 1760 2799; x_wconf 95' lang='lat' dir='ltr'>in</span> 
     </span>
    </p>
   </div>
   <div class='ocr_carea' id='block_1_7' title="bbox 247 2911 999 2946">
    <p class='ocr_par' dir='ltr' id='par_1_10' title="bbox 247 2911 999 2946">
     <span class='ocr_line' id='line_1_40' title="bbox 247 2911 999 2946; baseline -0.001 -1"><span class='ocrx_word' id='word_1_337' title='bbox 247 2912 258 2934; x_wconf 80' lang='lat'>1</span> <span class='ocrx_word' id='word_1_338' title='bbox 280 2911 323 2945; x_wconf 87' lang='grc'>16</span> <span class='ocrx_word' id='word_1_339' title='bbox 349 2911 445 2946; x_wconf 77' lang='lat' dir='ltr'>Maii</span> <span class='ocrx_word' id='word_1_340' title='bbox 474 2911 577 2946; x_wconf 78' lang='lat'>1877.</span> <span class='ocrx_word' id='word_1_341' title='bbox 600 2932 644 2936; x_wconf 97' lang='lat'><strong>—</strong></span> <span class='ocrx_word' id='word_1_342' title='bbox 671 2911 684 2934; x_wconf 79' lang='lat'><strong>²</strong></span> <span class='ocrx_word' id='word_1_343' title='bbox 702 2911 725 2945; x_wconf 87' lang='lat'>8</span> <span class='ocrx_word' id='word_1_344' title='bbox 751 2911 862 2946; x_wconf 80' lang='lat' dir='ltr'>Febr.</span> <span class='ocrx_word' id='word_1_345' title='bbox 895 2911 999 2945; x_wconf 80' lang='lat'>1745.</span> 
     </span>
    </p>
   </div>
  </div>
 </body>
</html>
