1971 3261
181 137 250 171 514
584 134 664 168 LIB.
692 133 763 167 ΙΙΙ.
792 152 802 157 -
830 132 940 166 PARS
966 131 996 165 Ι.
1023 151 1036 156 -
1062 131 1119 166 De
1145 131 1414 167 Sacramentis
1488 131 1580 167 Gan.
1609 131 1812 167 1028-1029

180 256 310 300 (lebet.
340 253 455 308 Quae
489 265 637 297 causae
662 252 870 309 legitimae
893 264 940 294 eo
973 253 1190 307 graviores
1213 264 1302 294 esse
1326 250 1491 307 debent,
1515 239 1547 295 si
1573 265 1651 295 non
1675 251 1808 295 solum

179 327 231 370 ab
265 339 358 381 uua,
392 324 462 368 sed
497 336 518 367 a
553 322 715 367 duabus
749 321 1145 379 proclamationibus
1177 321 1456 378 dispensetur.
1484 348 1536 352 —
1564 323 1808 366 Huiusmodi

182 409 330 440 causae
363 400 469 450 suut,
503 397 535 438 si
583 408 619 437 v.
655 407 713 450 gr.
752 398 840 450 post
886 394 1061 448 primam
1095 392 1462 448 proclamationem
1496 392 1547 436 ob
1581 393 1809 449 longiorem

181 467 418 511 dilationem
455 466 765 509 matrimonium
793 463 994 506 malitiose
1019 462 1306 519 impediretur,
1334 463 1397 506 vel
1431 476 1579 519 sponsa
1613 463 1812 507 deflorata

181 537 232 581 ob
267 538 551 580 imminentem
601 539 764 591 partum
807 534 1106 587 diffamaretur,
1145 533 1207 576 vel
1253 533 1486 590 periculum
1529 534 1814 577 fornicationis

182 610 360 651 oriretur
394 609 499 650 inter
521 619 704 663 sponsos
740 604 801 647 Ad
836 604 1147 648 concedendam
1185 617 1282 647 vero
1307 604 1672 660 dispensationem,
1699 609 1815 647 utne

183 691 261 722 una
280 678 448 735 quidem
468 678 537 720 tiat
558 676 839 733 proclamatio,
864 690 884 716 «
906 688 1071 731 urgens,
1094 674 1277 731 legitima
1296 676 1630 732 gravissimaque
1651 687 1773 718 causa
1794 692 1809 712 »

184 751 420 807 requiritur.
457 747 547 791 Huc
580 751 766 804 spectant
800 759 935 799 casus,
968 748 999 789 si
1034 747 1172 802 sponsi
1215 745 1265 788 ad
1302 745 1613 802 legitimandam
1652 745 1808 802 prolem

183 819 431 864 contrahunt
465 820 771 862 matrimonium
809 819 846 860 in
881 816 1055 860 articulo
1090 818 1246 870 mortis,
1283 815 1345 859 vel
1395 818 1427 859 si
1461 816 1813 859 convalidandum

183 893 235 935 sit
269 891 576 934 matrimonium
602 888 783 931 invalide
818 890 898 931 iam
932 891 1207 938 contractum,
1240 886 1302 929 vel
1337 888 1369 929 si
1399 886 1482 929 duo
1514 885 1816 941 concubinarii,

183 963 251 1019 qui
285 960 448 1018 publice
483 963 726 1016 reputantur
758 960 970 1015 coniuges,
999 957 1125 1000 velint
1157 956 1370 1001 celebrare
1397 957 1602 1014 legitimas
1636 959 1819 1013 nuptias,

186 1031 253 1076 vel
286 1030 514 1074 timendum
549 1031 613 1084 sit,
638 1042 688 1072 ne
727 1028 929 1072 malitiose
953 1028 1204 1084 impediatur
1230 1030 1554 1083 matrimonium,
1579 1030 1610 1071 si
1649 1027 1711 1071 vel
1738 1041 1818 1072 una

185 1104 255 1146 tiat
278 1102 550 1155 denuntiatio,
572 1100 635 1143 vel
660 1102 692 1143 si
721 1101 1029 1143 matrimonium
1054 1100 1333 1142 conscientiae
1357 1097 1591 1142 celebretur
1615 1111 1636 1142 a
1659 1101 1820 1155 sponsis

187 1173 238 1218 ob
271 1172 471 1229 speciales
507 1173 686 1214 rationes
709 1184 801 1214 cum
838 1169 1137 1227 approbatione
1170 1169 1393 1219 Ecclesiae,
1420 1169 1485 1212 vel
1519 1171 1656 1225 spousi
1691 1183 1817 1225 expo·

187 1249 384 1288 nerentur
418 1242 608 1299 publicae
637 1242 833 1285 derisioni
871 1244 1037 1298 propter
1060 1242 1205 1284 aetatis
1238 1240 1524 1283 diversitatem
1554 1240 1616 1284 vel
1643 1240 1694 1284 ob
1717 1240 1819 1284 alias

188 1329 348 1360 causaS.

306 1386 357 1431 Ut
379 1386 480 1430 alias
503 1387 686 1430 diximus
710 1389 747 1429 in
773 1399 863 1429 can.
889 1385 1017 1440 1023,
1042 1388 1066 1438 ξ
1093 1385 1129 1439 1,
1152 1386 1184 1427 si
1208 1398 1382 1440 sponsus
1404 1389 1444 1428 et
1475 1398 1622 1441 sponsa
1651 1387 1687 1427 iu
1713 1385 1821 1428 dioe-

189 1457 353 1502 cesibus
376 1458 553 1501 diversis
586 1471 678 1501 cum
715 1456 926 1501 domicilio
960 1461 1029 1500 aut
1063 1455 1416 1513 quasi-domicilio
1446 1460 1515 1499 aut
1541 1469 1613 1512 per
1637 1469 1820 1499 mensem

192 1531 361 1585 praevie
394 1533 718 1583 commorentur,
752 1528 942 1571 diversos
975 1527 1177 1583 parochos
1223 1529 1411 1584 proprios
1450 1529 1678 1570 sortiuntur
1712 1527 1820 1570 ordi-

192 1601 317 1643 nariis
359 1599 538 1643 (liversis
579 1598 808 1643 subiectos:
855 1598 950 1641 hinc
985 1600 1087 1641 ratio
1121 1598 1158 1651 §¹
1194 1598 1232 1640 ⁶2..
1268 1597 1314 1641 Si
1343 1597 1490 1654 plures
1525 1597 1686 1654 (saltem
1721 1596 1822 1654 duo)

190 1669 275 1712 sint
303 1668 528 1713 Ordinarii
556 1669 744 1727 proprii,
766 1673 924 1711 tantum
960 1681 1066 1711 unus
1099 1681 1268 1724 nempe:
1302 1667 1376 1710 ille
1406 1667 1473 1710 ius
1508 1666 1627 1709 habet
1660 1666 1824 1724 dispen-

191 1739 317 1783 sandi
346 1739 423 1784 sub
455 1739 501 1798 §⁰
537 1739 580 1782 1⁰
613 1740 829 1783 decretum
864 1751 911 1782 ac
944 1738 1219 1793 declaratum,
1252 1739 1296 1781 in
1329 1738 1449 1781 cuius
1482 1737 1678 1792 dioecesi,
1706 1740 1824 1782 cuius

197 1828 218 1852 «
241 1813 408 1854 nomine
446 1813 557 1854 veuit
590 1824 756 1868 quoque
790 1809 954 1854 abbatia
993 1809 1056 1853 vel
1095 1810 1329 1853 Praelatura
1365 1809 1519 1853 nullius
1546 1825 1567 1850 «
1592 1809 1699 1867 (can.
1726 1809 1821 1863 215,

191 1882 219 1940 ξ
253 1882 310 1939 ⁶2),
344 1887 384 1925 et
416 1882 551 1939 quoad
598 1881 697 1925 illud
743 1884 806 1924 ius
844 1883 967 1924 etiam
1007 1897 1029 1922 «
1056 1880 1204 1925 Vicarii
1240 1886 1278 1924 et
1312 1881 1514 1924 Praefecti
1548 1880 1775 1937 Apostolici
1799 1896 1820 1921 »

193 1955 447 1996 territorium
482 1952 590 2006 (cau.
613 1953 710 2009 ⁶294,
733 1952 761 2010 ξ
787 1951 842 2009 l),
867 1952 1185 1995 matrimonimn
1220 1952 1468 2008 celebratur,
1502 1952 1611 2009 quod
1647 1951 1821 1995 verbum

197 2027 360 2080 proprie
393 2024 597 2081 significat
631 2023 905 2067 contrahendi
939 2028 1093 2077 actum,
1128 2025 1197 2080 qui
1232 2027 1374 2080 utpote
1405 2023 1543 2066 adhuc
1578 2024 1755 2078 futurus,
1785 2027 1825 2065 et

195 2097 446 2152 dispensatio
471 2107 679 2151 praesens,
705 2094 1016 2151 praevidendus
1048 2098 1108 2137 est
1143 2094 1323 2137 humano
1358 2094 1480 2137 modo
1504 2107 1553 2137 ex
1579 2107 1823 2150 sponsorum

198 2165 406 2208 voluntate
442 2170 550 2208 recta
586 2179 657 2221 per
689 2177 779 2208 can.
816 2164 927 2207 1097
953 2164 1004 2208 de
1030 2164 1224 2221 parocho,
1262 2180 1284 2205 «
1307 2167 1372 2208 cui
1409 2166 1470 2208 ius
1505 2169 1564 2207 est
1598 2164 1823 2208 adsistendi

198 2238 504 2279 matrimonio»
544 2235 697 2279 ibidem
732 2234 1003 2291 explicando,
1039 2234 1148 2292 quod
1179 2235 1217 2277 Si
1247 2234 1562 2278 niatrimonimn
1595 2235 1823 2278 secuudum

197 2306 519 2350 declarationem
564 2306 804 2349 immediate
848 2306 987 2349 datam
1031 2311 1153 2348 extra
1183 2305 1384 2364 proprias
1417 2305 1589 2348 ineatur
1619 2305 1827 2348 dioeceses

197 2390 320 2433 supra
354 2377 485 2420 dictas
517 2382 555 2420 et
588 2377 833 2431 declaratas,
868 2381 968 2420 tuuc
1012 2376 1186 2434 quilibet
1230 2390 1278 2420 ex
1326 2377 1519 2433 praefatis
1567 2375 1826 2420 Ordinarius

194 2448 398 2506 proprius
429 2447 677 2506 dispensare
706 2452 857 2505 potest.

319 2519 416 2561 4⁶20.
452 2520 523 2565 De
547 2520 886 2565 notificatione
917 2521 1079 2566 exitus
1100 2521 1500 2576 publicationum.
1527 2544 1579 2549 ——
1603 2517 1662 2561 Ne
1695 2517 1827 2574 publi·

200 2591 407 2632 cationum
443 2589 613 2633 effectus
636 2590 770 2647 quoad
800 2590 1021 2634 vetandum
1058 2591 1368 2633 matrimonium
1403 2590 1633 2644 frustretur,
1659 2593 1825 2632 cautum

201 2666 261 2703 est
295 2673 366 2717 per
399 2674 489 2702 ean.
526 2662 658 2703 1029.
694 2659 743 2703 Si
776 2660 888 2703 alius
923 2665 1087 2717 praeter
1132 2662 1359 2717 proprium,
1397 2660 1459 2703 vel
1500 2660 1550 2703 ab
1590 2673 1636 2703 eo
1671 2661 1709 2702 in
1744 2660 1826 2703 fine

201 2737 305 2775 can⁸.
340 2731 597 2787 designando
641 2731 859 2775 distinctus
897 2730 1123 2789 parochus,
1158 2730 1275 2774 nobis
1318 2730 1485 2774 aliunde
1530 2736 1649 2774 notus
1691 2730 1825 2787 quoad

206 2801 320 2845 verbi
354 2802 715 2858 significationem,
749 2801 789 2858 a)
815 2801 1180 2859 invesliqationem
1218 2803 1514 2858 «peregerit»
1553 2801 1601 2844 ad
1638 2812 1824 2843 normam

203 2885 292 2916 can.
332 2872 454 2915 1020.
490 2885 662 2928 nempe:
701 2888 722 2912 «
745 2875 809 2915 cui
846 2875 907 2916 ius
950 2876 1010 2916 est
1053 2872 1269 2916 assistendi
1318 2874 1643 2925 matrimonio»,
1679 2870 1721 2927 b)
1754 2876 1828 2913 aec!
