1971 3261
663 164 747 198 Tm
779 164 864 199 VH.
895 183 906 190 -
933 163 989 198 De
1025 165 1284 197 Matrimonia
1719 161 1788 195 503

160 286 235 327 tias
277 286 474 339 temporis
516 296 563 326 ac
602 282 695 337 loci,
738 296 827 325 can.
871 283 981 325 1023
1017 283 1185 325 modum
1220 283 1432 325 diversum
1469 281 1519 325 ab
1552 281 1681 324 altero
1717 294 1788 336 per

159 356 220 397 ius
256 358 378 396 vetus
413 355 692 408 pi·aescripto;
730 352 818 395 illas
852 357 987 395 autem
1025 353 1366 395 denunciationes
1402 366 1473 408 pro
1507 351 1671 395 casibus
1696 363 1786 407 pro-

160 423 270 467 hibet
305 436 394 467 can.
436 424 561 477 1026,
595 428 718 480 atque
751 423 1047 480 obligationem
1083 436 1132 466 ex
1170 423 1248 465 illis
1281 423 1389 479 apud
1426 423 1570 466 lideles
1602 422 1788 465 decernit

158 506 248 538 can.
276 495 401 542 1027,
426 508 473 537 ac
496 494 664 537 demum
690 507 832 537 earum
859 494 1206 550 dispensationem
1237 494 1298 537 161
1324 494 1619 537 documentum
1654 494 1789 535 exitus

158 565 398 609 earumdem
437 565 705 609 moderantur
737 579 826 609 can.
863 566 991 619 1028,
1028 566 1152 610 1029.
1190 565 1368 608 Peractis
1401 563 1788 621 investigationibus

159 641 197 679 et
231 635 594 692 publicationibus,
630 637 727 694 quid
764 637 998 680 laciendum
1034 640 1085 679 sit
1119 636 1298 692 parocho
1342 639 1481 679 statuit
1526 649 1614 679 can.
1662 634 1788 685 1030,

158 707 256 764 quid
305 721 415 754 vero,
460 707 627 764 quando
669 708 888 764 detegatur
927 707 1098 751 duhium
1137 708 1197 750 vel
1232 712 1391 750 certum
1430 707 1787 763 impedimentum,

159 778 283 821 edicit
316 791 407 822 can.
448 778 571 821 1031.
606 778 793 836 Denique
827 784 910 821 tres
945 780 1140 835 postremi
1175 792 1264 822 can.
1313 777 1562 820 totta-1034
1611 775 1790 833 parocho

159 850 373 905 imponunt
407 848 681 905 obligationes
712 849 848 907 quoad
872 851 1133 892 matrimonia
1157 848 1218 892 vel
1244 862 1442 904 vagorum
1471 848 1532 891 vet
1557 847 1786 891 secundum

157 918 368 962 diversam
405 932 676 973 personarum
710 920 1005 975 conditionem,
1043 919 1104 962 vel
1142 918 1535 962 liliorum—samilias.

277 990 376 1032 409.
413 993 708 1037 Authentica
740 993 1013 1037 declaratio
1046 1005 1167 1048 prae
1191 992 1345 1036 oculis
1369 992 1602 1036 habenda
1625 992 1788 1047 quoad

157 1062 302 1107 huius
325 1064 502 1118 capitis
525 1064 836 1119 praescripta
859 1062 933 1105 suit
956 1062 1049 1105 data
1074 1075 1145 1117 per
1171 1061 1347 1104 Pontis.m
1366 1059 1601 1105 Commiss.¹
1624 1065 1790 1117 propter

163 1130 340 1175 liuhium
381 1148 401 1173 (1
430 1133 492 1175 17.
534 1132 679 1177 Utrum
703 1130 967 1189 Ordinarius,
992 1134 1296 1188 praetermissis
1320 1134 1421 1175 iuris
1443 1130 1790 1175 sollemnitatibus

159 1205 196 1245 in
241 1202 376 1247 Const.
421 1203 564 1260 Aplca.
618 1203 694 1247 Dee·
736 1204 1010 1247 miseratione
1049 1205 1270 1261 requisitis,
1316 1205 1626 1246 matrimonium
1665 1205 1788 1259 possit

157 1273 373 1317 declarare
406 1274 565 1317 nullum
601 1288 695 1317 cum
733 1277 969 1318 interventu
1005 1279 1140 1318 tamen
1174 1274 1403 1317 defensoris
1451 1273 1604 1317 vinculi
1651 1275 1789 1316 matri-

160 1344 361 1398 monialis,
382 1346 480 1402 quin
501 1358 606 1400 opus
625 1347 675 1387 sit
694 1344 875 1388 secunda
894 1347 1114 1398 sententia,
1133 1343 1245 1387 hisce
1265 1346 1303 1386 in
1324 1343 1502 1397 casibus,
1528 1356 1699 1400 nempe:
1735 1369 1789 1374 ——

163 1414 202 1471 l)
238 1415 277 1458 Si
312 1414 393 1458 duo
432 1415 639 1469 catholici,
682 1417 720 1458 in
767 1415 855 1458 loco
894 1420 1007 1459 certe
1050 1414 1226 1458 antehac
1269 1413 1449 1457 obnoxio
1483 1426 1573 1470 cap.
1611 1413 1790 1457 Tametsi

157 1484 281 1530 Conc.
315 1485 441 1539 Trid.,
480 1486 541 1529 vel
580 1491 668 1542 post
702 1485 798 1530 Dec.
833 1485 894 1531 Ne
928 1491 1093 1540 temere,
1128 1487 1439 1528 matrimonium
1473 1485 1597 1529 civile
1631 1490 1788 1528 tantum

157 1557 350 1608 inierunt,
383 1558 534 1599 omisso
569 1558 655 1601 ritu.
681 1555 976 1611 ecclesiastico,
1011 1561 1064 1609 et,
1083 1555 1251 1599 obtento
1274 1555 1387 1599 civili
1414 1556 1609 1610 divortio,
1632 1569 1787 1599 novum

160 1629 196 1669 in
231 1625 416 1670 Ecclesia
460 1629 563 1670 inire
596 1627 764 1671 student
804 1629 1116 1671 matrimonium
1164 1627 1227 1671 vel
1277 1640 1430 1670 novum
1480 1629 1790 1670 matrimonium

157 1696 338 1741 civiliter
383 1700 542 1751 initum,
587 1700 625 1741 in
670 1699 756 1741 1010
801 1697 1011 1742 Ecclesiae
1043 1697 1326 1742 convalidare.
1363 1724 1414 1728 —
1452 1697 1494 1755 9)
1535 1698 1615 1741 Aut
1648 1697 1789 1742 catho-

113 1809 117 1812 Δ
160 1768 236 1812 1103
291 1781 398 1825 pars,
462 1782 567 1826 quae
621 1783 714 1812 cum
770 1769 1016 1823 acatholica,
1052 1772 1202 1826 spretis
1265 1768 1477 1813 Ecclesiae
1521 1768 1694 1826 legibus,
1750 1771 1788 1812 in

158 1838 312 1896 templo
344 1845 482 1883 sectae
518 1843 838 1897 protestanticae
888 1840 945 1897 (in
992 1840 1080 1884 1000
1123 1845 1236 1884 06116
1273 1839 1449 1883 30161130
1487 1840 1666 1884 obnoxio
1699 1853 1789 1897 cap.

166 1909 346 1953 Tametsi
393 1910 516 1955 Cone.
560 1910 686 1965 Tria„
735 1916 774 1954 61
814 1911 881 1955 ubi
922 1911 1187 1955 Benedictina
1226 1910 1452 1954 declaratio
1496 1915 1665 1954 extensa
1709 1924 1787 1954 non

157 1985 230 2035 est,
269 1980 333 2024 vel
369 1987 457 2036 post
495 1981 588 2025 Dec.
623 1980 685 2025 Ne
709 1983 875 2036 temere)
904 1984 1213 2025 matrimonium
1239 1983 1460 2035 contraxit,
1484 1980 1650 2025 obtento
1674 1981 1788 2025 civili

159 2051 353 2106 divortio,
388 2054 425 2095 in
461 2054 564 2096 13016
597 2052 807 2096 Ecclesiae
832 2067 986 2096 novum
1015 2054 1324 2096 matrimonium
1350 2065 1443 2095 cum
1471 2051 1674 2096 0311101100
1697 2065 1789 2096 0011-

157 2126 267 2166 sorte
302 2125 405 2166 inire
442 2122 540 2168 vult.
578 2149 628 2154 —
667 2123 710 2180 3)
745 2124 827 2167 Aut
858 2128 1069 2180 apostatae
1103 2136 1124 2166 3
1159 2123 1240 2166 11116
1272 2122 1490 2176 0311101103,
1525 2125 1593 2180 qui
1630 2124 1667 2165 in
1692 2135 1789 2179 apo—

157 2195 279 2237 stasia
313 2193 494 2237 civiliter
531 2195 592 2238 vel
629 2197 708 2239 ritu
744 2195 880 2238 alieno
913 2208 956 2238 se
991 2197 1228 2249 iunxerunt,
1264 2193 1431 2237 obtento
1454 2194 1568 2237 civili
1592 2194 1788 2247 divortio,

159 2266 416 2321 poenitentes
458 2265 507 2308 ad
552 2265 782 2309 Ecclesiam
827 2265 965 2309 redire
1009 2270 1047 2309 et
1090 2279 1185 2309 cum
1232 2270 1347 2322 parte
1390 2264 1591 2309 0311101103
1639 2265 1789 2309 alteras

160 2337 323 2391 nuptias
356 2337 394 2378 in
430 2335 615 2380 Ecclesia
648 2336 862 2380 celebrare
895 2337 1146 2380 desiderant.

279 2405 420 2462 Resp.:
466 2405 594 2451 Casus
636 2420 760 2464 supra
808 2409 1023 2450 memorati
1064 2406 1221 2450 nullum
1267 2406 1502 2451 iudicialem
1550 2420 1786 2464 processum

161 2479 377 2534 requirunt
409 2483 479 2520 aut
513 2480 792 2522 interventum
819 2478 1047 2522 defensoris
1074 2478 1243 2532 vinculi,
1266 2478 1336 2521 sed
1362 2478 1597 2521 resolvendi
1621 2483 1713 2521 sunt
1738 2478 1789 2521 ab

159 2544 384 2592 Ordinario
409 2551 508 2605 ipso,
529 2549 595 2593 vel
619 2562 640 2593 a
670 2549 866 2601 parocho,
891 2549 1077 2593 consulto
1101 2546 1342 2603 Ordinai·io,
1363 2551 1400 2592 in
1428 2551 1594 2605 praevia
1621 2551 1787 2593 investi-

159 2620 325 2675 gatione
349 2619 398 2662 ad
425 2622 678 2663 matrimonii
701 2619 1039 2673 celebrationem,
1059 2620 1110 2663 de
1132 2632 1214 2677 qua
1238 2622 1276 2663 in
1301 2632 1393 2664 can.
1415 2620 1524 2663 1019
1550 2625 1589 2664 et
1611 2633 1724 2678 seqq.
1751 2637 1787 2660 n.

280 2689 377 2732 410-
404 2691 649 2737 Oenei-ale
670 2693 962 2748 principium
985 2690 1215 2734 secundum
1235 2693 1382 2747 capitis
1400 2693 1709 2747 inscriptionem
1730 2703 1791 2734 ar-

157 2763 298 2816 guitur
331 2773 380 2803 ex
416 2760 617 2817 gravibus
650 2761 1041 2805 inconvenientibus
1073 2773 1121 2805 ae
1146 2764 1339 2818 peccatis,
1363 2775 1471 2819 quae
1495 2764 1592 2805 oriri
1619 2767 1787 2819 possunt

276 2913 286 2934 ¹
318 2914 358 2946 16
386 2912 470 2949 Oct.
513 2913 614 2947 1919.
645 2913 721 2948 CO.
752 2913 823 2948 XI.
851 2915 934 2949 479.
