1971 3261
204 159 272 193 656
609 157 692 190 [ΑΒ.
722 156 792 190 ΙΙΙ.
817 175 830 181 -
855 155 965 189 PARS
990 155 1021 189 Ι.
1051 175 1063 180 -
1089 155 1147 190 De
1171 155 1436 190 Sam-amentis
1621 155 1714 191 Gan.
1742 155 1834 190 1103

206 280 288 321 rius
321 279 409 320 sive
443 277 721 319 testimonium
756 275 807 317 de
841 279 946 317 statu
983 273 1112 318 libero
1136 287 1157 318 a
1184 274 1363 331 parocho
1402 277 1728 332 nupturientium
1763 275 1833 318 ha-

205 348 361 400 beatur„
395 350 483 389 sive
516 346 781 389 denunciatio
815 345 866 388 de
898 349 1040 388 secuto
1075 347 1339 389 matrimonio
1363 346 1414 390 ad
1441 345 1668 402 pai-ochum
1703 345 1832 402 bapti·

201 420 276 461 smi
314 419 541 473 pei-veniat,
577 415 743 472 parochi
780 415 881 459 haec
905 415 1154 459 documenta
1192 420 1332 472 petant
1358 415 1421 459 vel
1457 418 1736 459 transmittant
1762 428 1834 472 per

203 488 498 531 Cancellariam
535 484 746 531 Ordinarii
783 485 858 530 loci
882 501 923 530 )).
957 486 1094 544 Atque
1127 485 1203 530 sub
1238 486 1295 529 n0.
1322 488 1359 530 6.
1400 502 1421 528 <(
1443 484 1656 531 Ordinarii
1689 485 1834 529 sedulo

203 558 431 614 advigilent
469 562 510 600 ut
543 557 645 600 haec
678 557 834 613 (omnia
868 556 1175 614 instructionis)
1227 560 1480 614 praescripta
1525 556 1716 612 religiose
1749 570 1832 599 ser-

207 634 365 681 ventur,
391 628 624 684 horumque
661 627 896 682 violatores,
919 629 951 670 si
986 640 1089 684 quos
1113 629 1359 684 repererint,
1384 631 1529 670 curent
1563 627 1613 670 ad
1649 627 1831 670 officium

205 712 414 747 revocare
450 698 647 742 adhibitis
679 700 817 751 etiam,
850 700 882 741 si
916 712 1019 755 opus
1051 701 1115 751 sit,
1150 701 1362 742 canonicis
1394 698 1677 742 sanctionibus
1700 713 1739 742 ».

325 769 497 812 lienium
530 771 671 812 statuit
704 771 729 823 ἓ
759 770 802 813 3.
841 768 1014 822 Quoties
1056 769 1375 812 matrimonium
1420 768 1746 826 unumquodque
1779 767 1834 811 ad

204 854 391 883 normam
426 854 516 882 cau.
549 842 684 891 1098,
710 839 787 883 hoc
821 844 903 883 est:
943 838 1124 882 validum
1150 842 1223 883 etsi
1250 853 1328 882 non
1353 839 1576 883 adsistente
1599 841 1830 882 animarum

206 916 366 967 pastore
399 910 575 954 hniusve
610 910 813 966 delegato,
848 910 888 967 a)
922 910 1119 954 sacerdos
1152 923 1231 953 non
1265 910 1495 967 delegatus⁷
1528 910 1566 953 si
1598 909 1731 952 eidem
1764 907 1834 952 ad-

203 981 373 1027 stiterit.
412 986 531 1037 prout
569 983 644 1024 «si
695 986 857 1038 praesto
905 983 999 1024 sit...
1036 986 1208 1025 vocatus
1255 984 1447 1024 assistere
1496 981 1619 1024 debet
1642 996 1681 1034 »‚
1715 980 1835 1023 aliter

206 1058 339 1096 tamen
370 1052 523 1096 «salva
549 1057 742 1095 manente
765 1054 947 1109 coniugii
975 1052 1226 1096 validitate»
1255 1051 1363 1109 (can.
1386 1052 1512 1103 1098,
1534 1051 1611 1108 ⁶2⁰),
1636 1050 1679 1108 b)
1703 1064 1834 1102 secus,

204 1123 243 1166 id
278 1129 359 1167 est:
397 1137 473 1166 non
508 1124 697 1166 adstante
729 1123 961 1178 sacerdote,
985 1126 1074 1166 sive
1108 1123 1220 1167 licite
1251 1125 1340 1166 sive
1373 1123 1514 1167 illicite
1548 1122 1625 1166 hoc
1658 1122 1834 1173 accidat,

203 1200 327 1236 testes
358 1208 523 1250 semper
547 1196 822 1238 interventuri
847 1199 1043 1237 tenentur
1075 1194 1119 1237 iu
1151 1193 1334 1237 solidum
1363 1207 1532 1250 nempe:
1566 1193 1718 1249 singuli
1744 1206 1834 1235 eum

202 1264 543 1308 contrahentibus
576 1265 763 1321 singulis,
796 1278 1012 1322 quousque
1046 1278 1151 1308 unus
1184 1278 1328 1308 eorum
1352 1265 1403 1308 de
1429 1266 1535 1307 facto
1563 1277 1654 1307 eam
1690 1263 1833 1319 imple-

208 1338 311 1379 verit
344 1338 623 1379 conscientiae
656 1336 950 1393 obligationem
987 1335 1064 1379 hoc
1088 1349 1246 1379 canone
1280 1337 1528 1392 impositam,
1553 1335 1731 1378 scilicet:
1766 1348 1833 1376 eu-

203 1420 304 1449 rare
341 1412 384 1449 ut
431 1407 583 1450 initum
615 1409 674 1451 sic
708 1407 948 1464 eouiuyium
995 1406 1039 1449 in
1084 1406 1364 1464 praescriptis
1413 1405 1534 1449 libris
1584 1406 1832 1448 matrimonii

204 1479 338 1536 quoad
376 1478 450 1521 loci
484 1480 734 1535 paroeciam,
758 1483 797 1521 et
831 1477 1127 1532 baptizatorum
1153 1478 1288 1535 quoad
1316 1480 1549 1527 paroeciam
1575 1479 1613 1519 in
1648 1489 1727 1533 qua
1753 1476 1833 1518 fue-

206 1555 299 1593 runt
329 1548 480 1605 singuli
513 1548 807 1593 contrahentes
841 1549 1044 1605 baptizati,
1079 1548 1388 1606 quamprimum
1432 1561 1602 1604 nempe:
1652 1545 1835 1605 qualibet

205 1622 573 1676 procrastinatione
610 1619 839 1663 voluntaria
890 1619 1073 1674 exclusa,
1107 1619 1345 1663 adnotetur.
1380 1619 1500 1674 Quod
1548 1617 1835 1674 adimplebunt

204 1691 469 1739 sufficienter,
495 1695 614 1734 caute
649 1691 849 1734 mittendo
873 1692 1063 1734 nuntium
1091 1690 1153 1733 vel
1178 1691 1393 1746 epistolam
1420 1690 1692 1733 indicationes
1714 1688 1836 1731 huius

203 1764 384 1818 coniugii
418 1761 644 1818 completas
676 1763 970 1815 continentem,
999 1760 1062 1804 vel
1099 1761 1324 1818 paroc-bum
1352 1761 1610 1818 praedictum
1647 1771 1836 1816 persona·
1890 1774 1897 1779 ·

207 1832 297 1875 liter
330 1832 541 1875 adeuntes.

324 1919 569 1966 lnscriptiones
597 1931 675 1956 vero
703 1921 896 1967 praedictas
923 1932 1044 1968 reapse
1085 1921 1301 1967 peragendas
1335 1931 1421 1962 esse,
1451 1920 1499 1955 ita
1523 1924 1562 1955 ut
1588 1918 1624 1955 S.
1654 1918 1759 1955 Sedes
1784 1918 1835 1953 di-

205 1989 369 2024 spensare
395 1979 490 2019 nolit,
521 1984 612 2025 patet
637 1991 678 2015 ex
704 1991 796 2026 resp.
825 1979 862 2016 S.
891 1978 928 2016 C.
959 1981 1000 2016 de
1027 1979 1263 2016 Sacramentis
1283 1981 1294 2003 ¹
1325 1980 1367 2015 ad
1411 1979 1561 2015 Dubium
1599 1993 1613 2011 (ι
1635 1977 1691 2014 ΙΧ.
1722 1979 1775 2013 An
1802 1983 1835 2013 et

205 2038 377 2083 quomodo
390 2039 621 2073 annuendum
636 2039 680 2073 sit
697 2039 922 2085 petitionibus
936 2039 1168 2086 quorumdam
1188 2037 1472 2077 Ordinariorum,
1490 2038 1678 2073 nimirum:
1701 2037 1735 2072 1ο
1757 2036 1833 2083 Epi-

205 2096 297 2142 scopi
326 2096 488 2132 Rosensis
515 2097 724 2143 postulantis
761 2099 1061 2144 dispensationem
1087 2098 1131 2134 ab
1157 2098 1369 2143 obligatione
1409 2097 1572 2143 imposita
1601 2108 1659 2143 per
1683 2101 1749 2132 art.
1774 2094 1833 2138 lX,

206 2159 225 2197 ἓ
251 2154 283 2196 ⁵2,
309 2156 499 2191 adnotandi
530 2157 564 2191 in
593 2157 681 2193 libro
707 2157 961 2202 baptizatorum
989 2158 1155 2203 coniuges
1181 2157 1239 2193 tali
1268 2157 1324 2193 die
1352 2157 1386 2191 in
1422 2168 1484 2192 sua
1525 2155 1682 2203 paroecia
1722 2155 1835 2190 matri-

208 2214 365 2249 monium
391 2216 626 2257 contraxisse;
723 2215 845 2260 Quoad
874 2215 931 2251 lX.
962 2217 1013 2252 Ad
1046 2216 1089 2251 1¹¹1
1117 2228 1187 2251 non
1214 2216 1376 2262 expedire
1394 2215 1488 2251 etad
1509 2219 1662 2250 mentem
1686 2228 1717 2248 ».
1745 2212 1835 2249 Haec

207 2272 334 2308 ibidem
363 2273 521 2317 habetur,
549 2275 607 2310 sed
637 2275 821 2321 peculiaris
859 2279 909 2311 est
950 2275 1025 2316 loci,
1064 2280 1097 2311 et
1136 2276 1172 2310 in
1213 2275 1282 2311 fine
1315 2275 1463 2310 dicitur:
1497 2272 1663 2318 «Quodsi
1691 2273 1727 2308 in
1754 2283 1835 2308 casu

208 2331 406 2377 particulari
436 2344 553 2368 verum
582 2345 711 2370 nomen
733 2335 908 2379 coniugati
937 2334 1025 2370 scire
1060 2345 1129 2370 non
1171 2339 1332 2381 poterunt
1358 2328 1542 2380 (parochi).
1573 2337 1687 2368 stante
1715 2331 1834 2367 morali

205 2390 486 2437 impossibilitate
513 2393 621 2438 legem
649 2393 870 2435 observandi,
901 2405 941 2430 ea
968 2405 1038 2429 non
1066 2393 1316 2439 obligantur».

328 2464 342 2482 <‹
365 2450 399 2484 '20
429 2450 551 2486 Vicarii
581 2452 693 2498 Aplci.
719 2451 852 2488 Kiamsi
873 2451 1065 2488 Orientalis
1086 2452 1295 2498 postulantis
1313 2452 1611 2498 dispensationem
1640 2462 1708 2485 non
1725 2450 1836 2486 solum

204 2509 249 2544 ab
274 2509 485 2554 obligatione
510 2511 701 2546 adnotandi
742 2511 1010 2547 matrimonium
1047 2516 1265 2547 contractum
1293 2511 1330 2546 in
1359 2511 1446 2546 libro
1483 2511 1750 2557 baptizatorum,
1779 2509 1837 2545 sed

205 2567 309 2603 etiam
337 2568 372 2602 in
402 2568 487 2603 libro
516 2569 818 2605 matrimoniorum
837 2583 844 2612 ;
927 2570 977 2606 Ad
1006 2571 1067 2605 2¹¹².
1098 2570 1173 2606 Non
1199 2570 1361 2616 expedire
1388 2570 1499 2616 quoad
1529 2574 1717 2615 utrumque
1743 2568 1836 2604 etad

209 2631 372 2662 mentem.
403 2626 499 2662 Mens
525 2633 595 2663 est:
626 2627 833 2664 Ordinarios
858 2640 979 2665 curare
1006 2629 1144 2670 debere,
1164 2633 1201 2664 ut
1226 2640 1247 2664 a
1272 2628 1503 2664 Missionariis
1530 2632 1662 2673 regesta
1687 2627 1837 2662 celebra-

208 2690 320 2720 torum
355 2686 658 2721 matrimoniorum
693 2687 879 2732 diligenter
910 2687 1144 2723 conficiantur
1181 2692 1214 2723 et
1252 2692 1514 2728 conserventur,
1543 2687 1660 2732 eisque
1691 2697 1750 2732 pro
1775 2696 1838 2720 suo

210 2745 369 2790 prudenti
396 2744 539 2780 arbitrio
568 2746 801 2790 praescribere
838 2747 1017 2782 cautiones
1042 2747 1086 2782 ad
1113 2747 1256 2782 vitanda
1294 2746 1516 2781 incommoda
1549 2745 1715 2792 exposita,
1741 2744 1838 2780 adhi-

208 2802 288 2838 bitis
314 2803 430 2844 etiam‚
458 2804 484 2837 si
512 2814 598 2849 opus
627 2804 739 2845 tuerit,
767 2805 877 2850 signis
904 2805 1233 2841 conventionalibus
1253 2820 1284 2841 ».

327 2905 338 2926 1
373 2904 410 2938 t3
436 2905 552 2939 Mart.
586 2906 686 2950 1910,
717 2905 793 2947 co,
824 2906 960 2941 11-193.

1930 2732 1949 2785 s
1965 2729 1968 2783 ξ
