1971 3261
152 107 246 144 Can.
275 104 480 140 1017-1018
647 102 732 136 ΤιΤ.
771 102 855 136 Vll.
881 121 897 128 -
923 101 979 136 De
1018 102 1276 135 Matrimonia
1709 99 1779 132 4519

154 226 261 271 libus
292 225 442 268 ceteris
475 226 653 278 aptatur,
687 233 858 276 nempe:
895 225 935 263 ut
973 226 1114 263 sancte
1150 220 1457 261 matrimonium
1503 217 1782 271 contrahatur,

150 296 258 354 quod
293 295 485 350 supponit
519 304 661 335 sanam
698 290 819 334 liuius
852 293 1100 334 sacramenti
1136 291 1432 346 cognitionem,
1468 288 1561 331 liuic
1603 288 1783 344 providit

154 381 244 411 can.
271 367 396 408 1018.
423 361 636 405 Parocbus
669 362 719 404 ad
756 374 942 405 normam
977 374 1067 404 can.
1094 360 1189 413 4:31,
1215 362 1338 403 cuius⁸
1369 362 1554 415 proxima
1591 364 1649 401 cst
1684 372 1781 401 cura

154 437 354 485 tidelium,
379 448 429 477 ne
461 433 643 483 omittat,
666 434 762 490 quia
798 446 846 475 ex
883 432 1018 474 otiicio
1052 431 1173 474 debet
1196 429 1412 488 populum,
1437 435 1473 473 et
1499 429 1593 473 liinc
1621 429 1785 485 publice

152 511 190 551 in
223 505 480 551 cateclletica
519 503 580 547 vel
617 502 857 546 homiletica
894 505 1163 546 instructione
1194 500 1441 559 prudenter,
1474 503 1578 543 sicut
1616 502 1784 543 materia

150 576 399 634 expostulat,
434 587 481 618 ac
516 587 565 617 ne
599 574 810 629 simplices
844 572 1085 616 scandalum
1123 574 1343 628 patiantur.
1365 571 1536 613 ezmlire
1558 570 1599 627 a)
1623 570 1673 613 de
1707 585 1787 613 ma-

153 647 343 691 trimonii
375 650 642 689 sacramento
666 647 776 687 circa
812 646 900 687 eius
934 648 1139 693 naturam,
1163 644 1391 685 ellicaciam
1426 647 1462 685 et
1498 642 1787 697 dispositiones

152 719 497 774 nupturientium.
533 714 574 771 b)
609 714 781 772 eiusque
818 713 1140 772 impedimentis,
1173 718 1371 770 ‹piantum
1408 718 1607 767 oporteat.

270 788 370 832 407.
404 788 697 833 Distributio
733 788 883 832 Tituli
916 787 963 830 in
998 783 1408 842 capita.—E‹lixit
1444 796 1533 827 can.
1559 783 1671 827 *1⁰12
1707 795 1786 825 ma-

153 862 335 903 trimonii
369 862 676 902 sacramentum
703 870 793 900 esse
822 873 841 897 <‹
868 859 1001 913 ipsum
1027 860 1284 899 contractum
1312 854 1656 898 matrimonialem
1684 856 1788 897 inter

152 932 377 987 baptizatos
400 945 440 973 )).
477 929 744 986 Consequens
778 932 839 971 est
863 932 905 971 ut
928 927 1097 970 eaedem
1125 938 1325 983 personae
1348 938 1454 982 quae
1476 924 1660 968 subiecta
1694 929 1787 968 sunt

154 1003 406 1046 matrimonii
442 1012 520 1058 qua
555 1003 808 1054 contractus,
841 1001 922 1042 sint
955 1012 1121 1056 quoque
1159 999 1290 1041 vicem
1327 1001 1518 1053 gerentes
1553 999 1680 1052 ipsius
1715 998 1788 1039 mi-

155 1075 270 1116 nistri
317 1084 396 1129 qua
441 1076 501 1114 est
545 1074 878 1123 sacramentum3
923 1068 1038 1112 locus
1080 1082 1179 1124 ergo
1223 1080 1301 1110 non
1346 1067 1469 1110 datur
1511 1068 1692 1122 capitum
1728 1067 1787 1109 di-

152 1145 360 1187 stinctioni
397 1142 473 1184 hoc
507 1140 584 1184 sub
620 1145 821 1196 respectu.
858 1139 1016 1183 Deinde
1049 1141 1153 1182 sicut
1189 1141 1227 1181 in
1262 1137 1443 1195 quolibet
1488 1142 1703 1180 contractu
1738 1139 1790 1180 si-

155 1214 307 1257 militer
350 1215 388 1256 in
435 1211 729 1255 matrimoniali
779 1210 1092 1267 baptizatorum,
1139 1212 1224 1266 qui,
1267 1211 1341 1251 etsi
1393 1213 1538 1251 natura
1582 1213 1787 1252 constans

157 1287 362 1341 «regitur
406 1285 495 1326 iure
542 1284 664 1326 etiam
709 1283 976 1336 canonico»,
1022 1282 1098 1323 tria
1143 1280 1399 1336 distinguere
1443 1283 1601 1333 oportet
1648 1279 1786 1322 mode-

157 1356 299 1410 randa,
323 1367 429 1412 quae
461 1358 579 1397 sunt:
614 1352 948 1397 contrahentium
986 1351 1204 1405 idoneitas,
1228 1363 1453 1394 consensus
1486 1349 1717 1406 qualitates,
1742 1362 1788 1393 a<-

157 1429 287 1470 torma
331 1424 602 1469 contrahendi
648 1423 815 1480 quando
857 1421 1140 1466 substantialis
1185 1423 1305 1465 fuerit
1352 1421 1512 1477 legibus
1554 1423 1788 1474 constituta,

154 1500 261 1542 sicut
293 1497 445 1541 accidit
479 1498 517 1538 in
553 1496 804 1538 matrimonii
839 1498 1116 1537 sacramento.
1151 1491 1210 1536 Ne
1243 1494 1369 1549 igitur
1393 1491 1493 1535 llaec
1519 1490 1569 1535 ab
1594 1493 1790 1543 invicem,

158 1569 264 1613 ultra
299 1568 337 1611 id
371 1567 479 1624 quod
514 1568 723 1620 convenit,
757 1569 1017 1622 separentur,
1040 1578 1161 1608 secus
1184 1576 1232 1607 ac
1256 1562 1433 1606 obtinuit
1458 1565 1622 1606 tertium
1655 1562 1787 1606 locuni

157 1639 305 1683 similis
339 1640 553 1694 inscriptio
589 1640 625 1680 in
650 1636 785 1680 Titulo
820 1635 1102 1693 praecedenti,
1130 1634 1266 1692 Caput
1293 1633 1319 1677 I.
1347 1633 1607 1678 inscribitur:
1648 1633 1705 1676 [Ie
1739 1633 1791 1676 iis·

157 1724 265 1768 quae
309 1708 572 1752 matrimonii
613 1707 888 1751 celebrationi
927 1693 1150 1765 praemitti
1193 1704 1339 1749 debent
1380 1710 1419 1748 et
1454 1705 1709 1762 praesertim
1742 1705 1792 1747 de

154 1779 512 1840 publicationibus
544 1777 945 1822 matrimonialibus.
984 1777 1123 1820 Postea
1160 1779 1198 1820 in
1233 1789 1391 1820 canone
1427 1778 1558 1832 primo
1594 1780 1681 1832 post
1715 1778 1791 1832 pri-

159 1866 271 1896 mum
306 1851 437 1908 Caput
482 1853 745 1894 inveniemus
783 1862 972 1892 «omnes
1016 1861 1134 1905 posse
1178 1849 1489 1891 matrimonium
1530 1845 1790 1891 contrahere.

162 1926 231 1982 qui
267 1926 356 1967 iure
389 1936 469 1966 non
505 1920 778 1979 prohibentur
800 1937 841 1974 n,
876 1920 985 1964 unde
1020 1931 1288 1977 personarum
1316 1919 1518 1962 idoneitas
1557 1920 1691 1974 potius
1723 1931 1789 1960 ne-

156 1997 309 2052 gative,
354 2006 477 2052 quam
527 1995 701 2050 positive
745 1994 819 2036 t'uit
861 2006 912 2035 ss.
949 1990 1177 2035 canonibus
1221 1989 1488 2043 moderanda,
1532 2002 1604 2032 seu
1649 1990 1789 2032 inscri-

157 2066 338 2110 bendum
373 2066 447 2108 fuit
485 2063 619 2122 Caput
653 2062 706 2106 II.
744 2062 802 2106 De
835 2061 1145 2120 impedimentis
1178 2061 1371 2118 equidem
1414 2061 1457 2103 in
1492 2074 1661 2116 uenere,
1696 2073 1788 2103 cum

157 2142 324 2194 propter
349 2149 492 2180 eorum
519 2148 715 2191 magnum
742 2147 962 2177 numerum
988 2133 1066 2176 alia
1091 2132 1172 2176 duo
1197 2134 1330 2189 capita
1360 2133 1510 2175 suerint
1545 2135 1790 2188 opportuna.

161 2207 356 2251 videlicet
383 2205 518 2264 Caput
541 2203 617 2249 III.
641 2204 698 2247 De
720 2203 1032 2262 impedimentis
1056 2201 1392 2260 impedientibus,
1410 2207 1449 2244 et
1475 2200 1612 2259 Caput
1638 2199 1709 2245 11⁷.
1732 2199 1792 2243 De

162 2277 472 2336 impedimentis
514 2275 824 2320 dirimentibus.
860 2274 932 2318 His
969 2275 1160 2330 cognitis,
1194 2272 1246 2316 ob
1284 2272 1516 2329 analogiam
1563 2271 1719 2315 ordinis
1753 2273 1790 2313 in

157 2349 308 2406 praeci.
333 2348 468 2392 Titulo
501 2348 671 2397 servati,
695 2347 877 2403 oportuit
910 2350 1089 2388 tractare
1121 2344 1172 2388 (le
1208 2345 1460 2387 matrimonii
1495 2342 1791 2393 celebratione,

157 2423 265 2463 sicut
298 2420 349 2463 de
382 2419 562 2477 quodam
589 2422 819 2472 contractu,
843 2419 912 2474 qui
948 2420 987 2459 et
1019 2420 1325 2459 sacramentum
1361 2419 1434 2469 est,
1460 2414 1555 2457 hinc
1583 2412 1718 2472 Caput
1753 2412 1792 2455 t'.

163 2490 220 2534 De
259 2504 461 2534 consensu
504 2487 829 2544 matrimoniali,
864 2489 933 2545 qui
972 2491 1033 2530 est
1071 2486 1322 2530 elementum
1370 2485 1544 2529 formale
1588 2497 1635 2529 ac
1682 2484 1792 2528 velut

160 2563 297 2605 anima
348 2565 600 2614 contractus,
644 2564 683 2603 et
729 2558 863 2617 Caput
920 2557 977 2602 l'I.
1024 2557 1084 2601 De
1125 2556 1266 2615 forma
1309 2556 1603 2600 celebrationis
1647 2556 1791 2598 matri-

160 2632 303 2685 monii,
326 2645 408 2689 quo
444 2632 510 2675 ille
543 2644 768 2675 consensus
803 2631 944 2686 patetit
979 2629 1092 2672 velut
1125 2630 1262 2672 anima
1296 2641 1368 2685 per
1401 2641 1568 2684 corpus,
1591 2626 1642 2671 ob
1666 2638 1788 2684 quani

160 2704 335 2746 formam
362 2705 503 2760 utique
527 2702 776 2746 servandam
798 2701 869 2745 sed
889 2705 1064 2750 secreto,
1081 2701 1269 2757 sequitur
1288 2698 1528 2742 immediate
1551 2697 1684 2755 Caput
1711 2695 1791 2739 ΠΙ.

164 2772 222 2817 De
254 2772 525 2816 matrimonio
559 2771 868 2820 conscientiam
899 2771 1234 2814 circumstantias
1276 2774 1428 2820 autem,
1464 2781 1570 2826 quae
1605 2773 1792 2811 naturam

162 2844 339 2887 induunt
374 2845 530 2886 formae
563 2837 845 2895 accidentalis,
879 2841 1115 2885 considerat
1152 2839 1287 2898 Caput
1333 2838 1429 2882 VIII
1457 2841 1700 2895 inscriptum
1738 2836 1796 2880 lie
