1971 3261
90 145 183 182 Gan.
209 144 281 180 984
660 143 745 177 'rm
776 144 841 178 VI.
872 164 882 170 -
910 144 967 180 De
997 146 1141 180 Ordine
1649 148 1718 181 421

92 266 212 308 unius
246 265 386 306 uxoris
421 264 497 305 viri
522 277 561 303 ».
597 261 646 305 Et
679 262 729 306 ad
764 261 898 305 Titum
934 263 982 320 (l,
1019 265 1057 318 ὃ,
1089 265 1129 317 6)
1162 267 1353 321 scripsit:
1394 281 1412 305 «
1440 268 1722 310 ...constituas

90 348 164 392 per
200 336 393 378 civitates
438 332 717 390 presbyteros,
761 334 867 376 sicut
911 339 948 376 et
983 347 1058 390 ego
1091 335 1274 391 disposui
1311 335 1408 380 tibi.-
1442 339 1473 379 εἰ
1508 339 1599 393 quis
1632 339 1719 380 sine

88 407 262 449 crimine
296 409 370 459 est,
406 406 527 447 unius
561 406 704 447 uxoris
741 406 863 457 vii·‚...
886 420 923 446 )>.
960 430 1009 434 —-
1048 404 1377 449 Fundamentum
1407 407 1723 463 irregularitatis

88 475 210 519 huius
243 477 419 532 positum
455 480 513 518 est
548 477 584 517 in
619 474 783 518 defectu
807 478 1056 518 sacramenti
1084 479 1334 519 matrimonii
1360 480 1559 521 contracti
1585 479 1719 535 (pioad

87 549 176 590 eius
207 547 553 604 significationem
580 559 652 602 per
676 545 721 588 D.
747 545 918 588 Paulum
944 548 1003 589 sic
1026 560 1265 602 expressam
1296 551 1332 592 ¹:
1363 565 1383 589 ((
1406 552 1718 592 Sacramentum

87 617 164 662 hoc
198 630 396 674 magnum
432 621 515 660 est:
551 630 628 673 ego
661 621 799 660 autem
824 617 917 660 dico
943 619 981 660 in
1006 616 1167 661 Christo
1191 624 1229 661 et
1256 621 1293 661 in
1320 619 1502 663 Ecclesia
1528 637 1568 674 »,
1594 621 1720 663 idest:

89 691 210 732 unius
242 702 335 732 cum
373 700 453 732 una
489 690 526 730 in
560 693 791 731 aeternum.

206 788 307 824 Hunc
333 788 505 823 defectum
534 787 684 834 explicat
711 787 831 823 lnnoe.
861 787 903 822 ΙΙΙ
931 787 965 822 in
994 798 1070 834 cap.
1102 787 1120 822 5
1147 789 1188 823 de
1225 790 1374 834 bigamis
1411 802 1477 826 non
1514 791 1721 826 ordinandis

86 849 123 895 (Ι,
151 849 225 888 21).
255 848 306 883 Ad
334 847 438 883 huius
464 847 735 892 intelligentiam
763 851 892 882 rectam
921 847 1102 894 ipsiusque
1130 848 1395 893 irregularitatis
1422 861 1461 885 ex
1491 850 1719 886 Decretalium

85 909 171 950 iure,
188 908 403 952 distinguere
421 911 554 952 oportet
575 907 674 952 plura
690 917 768 941 eum
786 905 824 940 D.
839 905 972 941 'shoma
991 906 1027 940 in
1047 906 1296 942 matrimoniali
1319 908 1472 943 fidelium
1492 914 1671 944 contractu
1691 910 1718 943 ².

89 982 104 1001 «
124 967 222 1003 Sicut
249 966 466 1013 poenitentia.
491 976 561 1001 non
590 965 694 1000 habet
718 965 824 1000 aliam
853 965 1052 1007 materiam,
1083 965 1149 999 nisi
1171 965 1265 1011 ipsos
1280 972 1377 1001 actus
1397 968 1512 1002 sensui
1533 968 1718 1009 subiectos,

84 1027 142 1074 qui
169 1031 252 1062 sunt
279 1026 352 1061 loco
381 1024 572 1060 materialis
598 1024 776 1065 elementi,
806 1024 853 1059 ita
878 1025 982 1060 estde
998 1024 1221 1060 matrimonio
1242 1040 1273 1059 υ.
1296 1026 1360 1069 (Η).
1375 1027 1417 1061 ad
1440 1026 1482 1060 1ω
1504 1026 1564 1061 .Et
1585 1041 1598 1058 «
1617 1027 1720 1063 verba

84 1086 212 1133 quibus
239 1095 430 1120 consensus
457 1083 664 1130 exprimitur
699 1083 981 1125 matrimonialis,
1013 1088 1097 1119 sunt
1133 1084 1243 1120 forma
1270 1084 1373 1120 huius
1400 1086 1621 1127 sacramenti,
1649 1098 1717 1121 non

83 1150 199 1181 autem
227 1144 422 1180 benedictio
448 1143 650 1187 sacerdotis,
679 1154 767 1188 quae
793 1147 844 1178 est
870 1143 1044 1188 quoddam
1072 1144 1377 1179 sacramentale».
1409 1144 1453 1180 De
1487 1145 1641 1190 utrisque
1672 1146 1721 1180 ait

87 1209 203 1251 postea
229 1203 292 1248 (ib.
321 1204 363 1239 ad
391 1202 476 1247 51¹²):
508 1217 522 1235 «
551 1207 811 1238 sacramentum
839 1206 977 1237 tantum
1005 1207 1088 1237 sunt
1113 1207 1212 1238 aetus
1231 1204 1381 1238 exterius
1399 1210 1640 1249 apparentes»
1662 1217 1669 1246 ;
1688 1210 1721 1240 et

83 1264 204 1299 addit:
237 1263 329 1299 «sed
358 1274 412 1298 res
438 1267 470 1298 et
498 1266 760 1297 sacramentum
788 1266 839 1297 est
865 1261 1031 1307 obligatio
1059 1273 1147 1308 quae
1174 1262 1373 1297 innascitur
1394 1263 1455 1297 viri
1475 1264 1518 1298 ad
1539 1264 1720 1299 mulierem

85 1327 132 1367 (et
158 1322 330 1366 vicissim)
357 1333 395 1357 ex
424 1321 552 1357 talibus
579 1321 768 1356 actibus».
798 1321 860 1365 (lb.
891 1326 956 1356 art.
987 1321 1006 1355 3
1034 1326 1160 1367 corp).
1192 1336 1206 1353 a
1232 1321 1328 1357 Unde
1343 1334 1420 1357 cum
1443 1322 1477 1356 in
1499 1323 1722 1358 matrimonio

83 1383 183 1418 detur
218 1382 352 1417 homini
388 1392 427 1417 ex
462 1381 583 1416 divina
612 1380 833 1416 institutione
861 1381 1007 1416 facultas
1034 1381 1206 1424 (moralis)
1235 1382 1354 1416 utendi
1383 1393 1486 1417 uxore
1513 1393 1577 1417 sua
1604 1385 1650 1426 (et
1677 1383 1722 1416 vi-

83 1441 201 1477 cissim
218 1441 370 1483 mulieri)
386 1440 429 1476 ad
447 1439 719 1486 procreationem
738 1439 844 1485 prolis
861 1454 876 1472 »
896 1439 1116 1484 (correlativa
1131 1440 1335 1484 obligationi
1353 1440 1572 1486 praedictae),
1592 1441 1720 1476 «datur

82 1500 188 1536 etiam
214 1500 335 1546 gratia,
364 1500 440 1535 sine
466 1511 535 1545 qua
562 1499 596 1534 id
622 1499 872 1534 convenienter
900 1499 1010 1534 facere
1036 1510 1107 1534 non
1137 1504 1302 1545 posset»,
1323 1510 1383 1534 seu
1407 1513 1420 1531 α
1443 1500 1719 1540 matrimonium,

83 1560 296 1607 inquantum
324 1559 360 1594 in
388 1559 454 1594 fide
481 1558 610 1595 Christi
638 1558 872 1599 contrahitur,
903 1558 1007 1594 habet
1036 1564 1072 1593 ut
1089 1559 1247 1594 conferat
1264 1559 1413 1604 gratiam
1435 1560 1659 1595 adiuvantem
1677 1560 1720 1595 ad

83 1619 143 1655 illa
168 1618 345 1665 operanda
371 1629 459 1664 quae
485 1617 522 1652 in
550 1617 775 1653 matrimonio
800 1617 1039 1663 requiruntur,
1067 1618 1150 1663 quia
1177 1618 1391 1664 ubicumque
1417 1619 1520 1654 datur
1551 1619 1721 1653 divinitus
1761 1639 1765 1641 —

81 1678 201 1724 aliqua
217 1677 373 1719 facultas,
393 1677 523 1712 dantur
548 1676 654 1712 etiam
681 1676 813 1711 auxilia
839 1676 967 1722 quibus
994 1676 1097 1711 homo
1124 1676 1376 1712 convenienter
1403 1677 1450 1712 uti
1482 1677 1587 1723 possit
1615 1678 1721 1713 facul-

82 1741 152 1773 tate
175 1737 263 1777 illa;
291 1737 379 1771 sicut
407 1741 500 1783 patet
528 1736 579 1781 (in
607 1735 845 1781 naturalibus)
871 1735 962 1781 quod
982 1735 1147 1771 omnibus
1167 1736 1332 1782 potentiis
1350 1736 1491 1771 animae
1510 1737 1721 1782 respondent

81 1796 201 1842 aliqua
227 1795 385 1831 membra
411 1795 579 1841 corporis,
609 1795 737 1841 quibus
765 1795 800 1829 in
828 1799 946 1830 actum
973 1795 1066 1831 exire
1088 1795 1221 1841 possint
1242 1808 1272 1831 ».
1293 1794 1331 1829 Et
1350 1795 1434 1830 haec
1453 1795 1564 1840 gratia
1582 1796 1723 1830 effectus

82 1855 290 1890 sacramenti
322 1854 536 1890 matrimonii
564 1858 615 1889 est
642 1865 696 1889 res
722 1858 885 1889 contenta
914 1854 948 1888 in
977 1865 1016 1890 eo
1041 1865 1080 1889 ac
1107 1853 1316 1899 significata.
1340 1854 1437 1898 Quae
1458 1859 1574 1900 utpote
1594 1854 1720 1889 sancti-

82 1913 190 1950 ficans
206 1913 287 1949 facit
301 1925 446 1960 sponsos
460 1913 648 1948 adhaerere
666 1913 745 1955 Deo,
764 1917 881 1959 utpote
895 1902 1161 1948 sacramentalis
1179 1913 1363 1948 ordinatur
1381 1913 1423 1948 ad
1440 1918 1529 1948 recte
1549 1913 1718 1948 utendum

82 1973 313 2019 copulatione,
339 1972 533 2009 remedium
563 1977 744 2019 praestans
770 1978 891 2008 contra
917 1972 1241 2019 concupiscentiam
1274 1987 1288 2004 «
1310 1983 1346 2007 ex
1378 1977 1474 2018 parte
1504 1973 1614 2018 ipsius
1640 1983 1720 2007 con-

81 2033 330 2079 cupiscentiae,
360 2037 397 2067 ut
423 2032 635 2078 reprimatur
674 2032 710 2066 in
749 2043 813 2067 sua
851 2032 1017 2068 radice».
1057 2032 1124 2067 Sed
1153 2032 1235 2078 quia
1266 2037 1338 2067 tam
1376 2032 1520 2067 facultas
1555 2042 1720 2067 concessa

83 2103 141 2138 per
169 2092 382 2127 matrimonii
411 2096 672 2127 sacramentum
700 2103 806 2137 quam
835 2091 910 2137 ipsa
934 2091 1049 2136 gratia
1074 2091 1340 2127 sacramentalis
1367 2091 1577 2125 ordinantur
1618 2091 1720 2126 modo

83 2150 256 2197 praedicto
294 2151 338 2187 ad
378 2151 555 2186 carnalem
584 2150 890 2192 commixtionem,
917 2162 1022 2196 quam
1053 2151 1197 2196 proinde
1225 2150 1421 2185 virtualiter
1448 2151 1642 2190 continent,
1669 2161 1718 2185 se-

81 2210 201 2256 quitur
226 2210 316 2256 quod
344 2210 417 2256 ipse
443 2215 642 2245 contractus
669 2209 941 2245 matrimonialis
967 2209 1036 2245 iam
1064 2210 1221 2256 implicat
1239 2209 1530 2254 significationem
1552 2209 1716 2244 coniunc-

84 2269 187 2304 tionis
212 2269 248 2304 in
277 2268 416 2305 Christo
442 2274 475 2305 et
502 2269 665 2309 Ecclesia,
692 2280 780 2315 quae
807 2268 1018 2314 significatio
1045 2269 1192 2304 habetur
1220 2269 1355 2315 proprie
1381 2280 1440 2304 seu
1469 2269 1593 2303 melius
1626 2279 1718 2303 com-

82 2328 195 2374 pletur
221 2328 258 2363 in
285 2328 417 2364 carnali
445 2328 580 2375 copula,
613 2339 702 2374 quae
729 2339 800 2363 non
827 2332 879 2363 est
904 2328 946 2364 de
973 2328 1178 2364 necessitate
1206 2328 1300 2363 illius
1319 2327 1543 2368 sacramenti,
1565 2327 1622 2362 sed
1643 2338 1717 2373 per-

80 2387 168 2423 tinet
192 2388 237 2423 ad
264 2387 338 2423 eius
365 2387 604 2433 integritatem
632 2398 692 2423 seu
713 2387 963 2434 perfectionem
979 2388 1169 2423 secundam
1193 2392 1331 2433 propter
1350 2387 1479 2422 bonum
1498 2386 1613 2432 prolis,
1632 2396 1719 2431 quae

81 2445 245 2492 perfectio
271 2447 429 2482 consistit
457 2457 528 2482 non
556 2447 592 2482 in
621 2447 695 2493 ipso
720 2457 795 2482 esse
821 2446 884 2488 rei,
913 2447 971 2482 sed
1001 2447 1036 2481 in
1065 2447 1278 2493 operatione.

200 2536 401 2593 Bigamia‚
436 2542 480 2580 ut
514 2539 649 2593 ipsum
683 2550 833 2580 nomen
869 2537 1041 2591 indicat,
1074 2539 1212 2580 existit
1236 2537 1404 2593 quamdo
1434 2538 1494 2578 tir
1519 2536 1635 2579 duxit
1661 2534 1721 2577 liis

84 2620 271 2650 uxorem.
316 2606 432 2651 Unde
471 2607 702 2651 secundum
747 2606 1027 2650 Decretalium
1077 2609 1140 2650 ius
1184 2620 1403 2663 possumus
1436 2606 1541 2649 hanc
1576 2606 1717 2648 distin—

81 2691 210 2734 guere
243 2680 282 2721 in
317 2677 545 2735 biqmniam
578 2692 732 2734 veram,
766 2691 873 2736 quae
906 2682 1003 2722 tunc
1037 2678 1168 2721 aderIt
1204 2678 1370 2735 quando
1398 2679 1459 2719 vn·
1482 2678 1718 2719 successive

81 2748 164 2792 duo
199 2750 463 2792 matrimonia
497 2751 703 2792 contraxit
739 2749 875 2793 valide
908 2762 956 2793 ac
992 2754 1229 2805 utrumque,
1264 2753 1383 2804 prout
1409 2750 1446 2790 in
1474 2749 1561 2789 iure
1589 2748 1715 2789 reteri

200 2902 212 2923 1
238 2901 299 2935 Ad
325 2901 469 2946 Ephes.
499 2901 544 2942 V,
569 2902 626 2936 32.
655 2921 696 2929 —
724 2902 738 2924 ²
764 2902 900 2947 Suppl.
926 2913 962 2946 q.
991 2901 1105 2935 XLII
1132 2907 1207 2935 art.
1235 2901 1253 2934 1
1281 2899 1328 2934 ad
1358 2905 1419 2933 κω.
