1971 3261
765 541 1215 628 INDEX

378 698 796 756 GANONUM
844 702 947 756 ΕΤ
996 701 1598 760 COMMENTARII

967 862 1033 893 7¹5?

755 1076 940 1118 LIBER
973 1077 1236 1121 TERTIUS

835 1179 916 1229 De
954 1180 1150 1231 Rebus.

1613 1348 1692 1371 CAN.
1730 1349 1810 1371 PAG.

172 1394 398 1429 BENEVOLO
424 1405 596 1431 an'rom
658 1424 664 1431 .
1788 1416 1812 1439 v

172 1453 356 1488 Canones
382 1454 553 1490 726-730.
1794 1470 1807 1500 1

169 1512 384 1558 Inscriptio
411 1513 522 1548 Libri
547 1518 589 1549 et
615 1515 732 1560 primi
758 1528 928 1552 canones
985 1546 991 1553 .
1209 1548 1216 1554 .
1320 1550 1326 1556 .
1431 1551 1436 1557 .
1541 1552 1547 1558 .
1792 1541 1805 1555 2

169 1570 318 1607 Rerum
345 1573 456 1607 notio
482 1585 526 1608 ac
552 1573 698 1610 divisio
762 1603 769 1610 .
874 1606 879 1611 .
985 1605 991 1611 .
1095 1606 1102 1613 .
1206 1608 1212 1614 .
1318 1608 1324 1615 .
1429 1608 1436 1616 .
1540 1610 1546 1616 .
1623 1583 1693 1618 726
1790 1585 1812 1617 2

168 1631 394 1677 Descriptio
421 1632 590 1678 duplicis
616 1634 808 1670 simoniae
872 1663 879 1670 .
983 1665 989 1671 .
1093 1667 1098 1672 .
1204 1666 1211 1673 .
1315 1668 1322 1674 .
1426 1667 1432 1675 .
1536 1669 1543 1675 .
1620 1643 1688 1677 727
1789 1644 1810 1678 3

169 1689 297 1724 Verba
322 1691 666 1736 emptio-venditio
693 1693 732 1728 in
762 1694 848 1729 iure
876 1695 922 1730 de
949 1696 1119 1732 simonia
1202 1726 1209 1732 .
1311 1725 1320 1733 .
1422 1727 1428 1734 .
1533 1728 1540 1734 .
1618 1701 1692 1736 728
1792 1702 1813 1735 6

170 1747 367 1783 Simoniae
393 1748 676 1786 distinctiones
702 1763 751 1786 ex
779 1762 890 1797 parte
916 1758 1029 1789 actus
1091 1782 1098 1789 .
1536 1786 1542 1791 .
1790 1762 1810 1795 7

169 1804 346 1841 Effectus
371 1809 599 1843 commissae
629 1810 820 1846 simoniae
873 1839 879 1846 .
984 1841 990 1847 .
1095 1841 1101 1848 .
1205 1842 1212 1849 .
1317 1843 1323 1850 .
1428 1843 1435 1850 .
1541 1845 1548 1851 .
1624 1818 1694 1853 729
1793 1834 1806 1848 »

169 1865 293 1900 Casus
319 1868 547 1911 apparentis
572 1879 654 1903 non
681 1881 795 1905 verae
823 1871 1016 1907 simoniae
1097 1901 1104 1907 .
1209 1901 1215 1907 .
1319 1902 1326 1908 .
1431 1903 1436 1909 .
1542 1903 1549 1910 .
1626 1877 1695 1913 730
1770 1879 1812 1912 10

170 1924 281 1960 Libri
308 1925 454 1961 divisio
1771 1939 1811 1972 ll

815 2118 951 2158 PARS
982 2119 1169 2159 PRIMA.

748 2208 822 2251 De
855 2207 1230 2254 Sacramentis.

167 2343 344 2379 Canones
370 2345 541 2381 731-736.
570 2391 572 2393 Ι
1770 2356 1811 2390 13

166 2402 377 2448 Inscriptio
404 2405 528 2449 partis
556 2409 595 2440 et
622 2406 716 2440 ordo
742 2418 941 2442 canonum
980 2437 986 2443 .

163 2461 220 2495 De
258 2462 372 2497 modo
410 2463 775 2499 administrationis
814 2478 859 2500 ac
900 2469 1193 2512 susceptionis„
1226 2474 1266 2504 et
1308 2481 1551 2516 consequens

260 2522 432 2556 vetitum
536 2551 542 2558 .
647 2551 654 2557 .
757 2552 763 2558 .
868 2552 875 2559 .
979 2552 986 2559 .
1095 2556 1100 2561 .
1209 2555 1216 2562 .
1320 2556 1327 2562 .
1432 2558 1436 2564 .
1542 2558 1549 2565 .
1625 2532 1690 2567 731
1768 2534 1811 2566 14

164 2578 225 2613 De
251 2582 509 2615 sacramentis
537 2593 615 2616 non
646 2583 838 2617 iterandis
877 2610 884 2617 .
988 2612 993 2618 .
1098 2615 1105 2622 .
1210 2615 1215 2621 .
1320 2615 1326 2621 .
1431 2616 1437 2622 .
1541 2617 1547 2623 .
1624 2590 1693 2625 732
1768 2592 1810 2624 16

164 2636 416 2673 Observandi
441 2640 545 2675 ritus
573 2653 616 2675 ac
642 2643 910 2678 caeremoniae
987 2671 994 2678 .
1097 2672 1104 2679 .
1207 2673 1215 2680 .
1319 2674 1324 2681 .
1429 2677 1434 2682 .
1539 2676 1546 2682 .
1623 2650 1692 2684 733
1768 2650 1810 2684 17

164 2696 228 2731 De
257 2698 378 2732 sacris
404 2699 502 2734 oleis
528 2699 766 2736 adhibendis
874 2729 880 2736 .
984 2730 991 2737 .
1095 2731 1101 2738 .
1205 2732 1212 2739 .
1317 2733 1323 2740 .
1427 2735 1434 2741 .
1537 2735 1545 2742 .
1621 2709 1691 2743 734
1766 2710 1810 2743 18

170 2754 228 2789 De
255 2756 435 2791 eusmdia
461 2769 658 2793 sacrorum
686 2759 882 2794 oleorum.
988 2791 992 2796 .
1096 2789 1103 2796 .
1206 2790 1213 2797 .
1317 2792 1323 2798 .
1429 2795 1434 2800 .
1536 2791 1545 2800 .
1623 2767 1691 2802 735
1767 2767 1809 2801 19

163 2813 224 2848 De
250 2816 431 2859 gratuita
458 2823 794 2853 sacramentorum
819 2819 1167 2856 administratione
1204 2849 1210 2856 .
1316 2851 1321 2856 .
1428 2853 1433 2859 .
1538 2853 1544 2859 .
1622 2826 1691 2860 736
1764 2827 1810 2859 20

165 2872 319 2906 Divisio
344 2875 468 2918 partis
494 2876 641 2920 primae
667 2888 710 2911 ac
735 2877 831 2912 ordo
856 2878 1092 2914 titulorum.
