1971 3261
605 91 691 125 ΤιΤ.
720 90 806 125 VII.
835 109 847 117 ·
874 90 930 125 De
965 91 1223 124 Matrimonio

1656 89 1726 124 625

143 216 162 260 g·
188 212 223 247 2.
246 211 282 246 ln
309 209 464 257 quolibet
489 220 572 244 casu
601 218 660 254 pro
680 207 798 252 regula
819 207 873 242 ha-

98 261 220 296 beatur
238 263 275 294 ut
293 256 558 292 matrimonium
585 266 700 290 coram
728 265 876 300 sponsae

100 307 249 354 parocho
274 304 478 344 celebretur,
500 302 566 337 nisi
588 302 677 337 iusta
703 312 806 337 causa
825 312 879 337 ex-

97 359 213 395 cuset;
241 350 465 388 matrimonia
483 354 599 385 autem
626 349 876 384 catholicorum

101 401 197 437 mixti
225 400 325 442 ritus,
354 398 420 433 nisi
450 397 546 432 aliud
576 396 775 443 particulari
804 397 878 431 iure

950 207 1000 243 vel
1029 204 1239 243 Ordinarius
1278 207 1330 242 vel
1363 207 1524 242 sacerdos
1549 207 1727 252 delegatus

949 255 1008 300 qui
1037 254 1261 289 matrimonio
1286 254 1451 289 assistant
1487 254 1530 289 ad
1568 265 1727 290 normam

950 313 1125 337 canonum
1160 299 1258 342 1095,
1292 300 1404 335 1096:

966 395 971 401 .
1000 395 1005 401 ⁸
1048 348 1098 383 l.0
1123 348 1160 383 ln
1190 348 1311 383 mortis
1338 348 1489 394 periculo
1518 349 1669 384 validum
1696 353 1728 384 et

953 396 1084 431 licitum
1123 400 1174 431 est
1214 396 1477 431 matrimonium
1512 401 1728 431 contractum

99 454 239 485 cautum
266 447 324 486 sit,
346 446 381 480 in
409 445 477 480 ritu
505 444 567 478 viri
596 448 628 479 et
654 454 769 479 coram
787 444 878 479 eius-

99 496 178 532 dem
208 494 355 540 parocho
381 497 463 528 sunt
489 491 710 527 celebranda.

148 547 167 586 ἓ
193 541 226 576 3.
250 540 421 576 Parocbus
450 539 508 585 qui
536 539 612 573 sine
639 537 780 574 licentia
806 538 879 572 iure

101 588 267 636 requisita
305 587 527 623 matrimonio
564 585 710 627 assistit,
749 585 879 620 emolu-

102 641 220 673 menta
260 635 368 671 stolae
410 645 481 669 non
526 634 605 668 tacit
655 644 731 673 sua,
771 643 880 678 eaque

102 683 240 732 proprio
289 681 573 718 contrahentium
630 679 777 727 parocho
828 690 879 714 re·

103 731 230 767 mittat.

63 816 68 822 ,
149 777 234 815 CAN.
265 774 364 812 1098.
396 797 412 802 -
441 776 475 811 Si
505 775 623 810 haberi
645 774 695 810 vel
713 774 802 809 adiri
823 785 880 809 ne-

101 830 206 872 queat
231 825 309 860 sine
333 823 430 870 gravi
459 822 680 858 incommodo
712 821 883 868 parochus

950 454 1065 478 coram
1098 443 1180 477 solis
1219 442 1384 484 testibns;
1422 447 1455 478 et
1491 444 1596 478 etiam
1635 448 1730 478 extra

953 491 1073 525 mortis
1101 490 1305 536 periculum.
1327 490 1517 525 dummodo
1544 491 1731 536 prudenter

953 537 1194 584 praevideatur
1231 548 1307 573 eam
1347 548 1461 572 rerum
1493 538 1729 574 conditionem

952 596 1026 621 esse
1054 595 1112 630 per
1138 595 1294 620 mensem
1325 584 1548 627 duraturam;

1048 633 1101 666 2⁰
1127 631 1163 666 lu
1193 637 1338 678 utroque
1364 643 1457 673 casu,
1476 632 1503 666 si
1534 638 1669 678 praesto
1687 633 1731 666 sit

953 679 1044 714 alius
1070 678 1230 714 sacerdos
1256 679 1313 725 qui
1341 679 1461 714 adesse
1484 679 1730 725 possit,vocari

954 731 1000 767 et,
1031 737 1100 761 una
1126 738 1204 761 cum
1233 726 1389 767 testibus,
1419 727 1642 762 matrimonio
1679 737 1732 762 as-

955 774 1075 809 sistere
1101 773 1214 813 dehet,
1239 773 1335 809 salva
1369 774 1519 819 coniugii
1558 774 1734 809 validitate

955 832 1070 856 coram
1098 820 1180 856 solis
1206 820 1364 856 testibus.

866 947 908 952 —
935 926 978 962 ob
1007 927 1238 973 praesentiam
1266 927 1454 963 sacerdotis
1479 937 1519 963 ac

888 974 1028 1010 testium
1529 973 1615 1010 Can.
1646 972 1732 1010 1094

616 1044 657 1048 —
674 1022 785 1058 valide
806 1042 846 1046 —

1125 1089 1167 1094 -—-
1188 1068 1327 1114 parochi
1348 1068 1400 1104 vel
1422 1069 1484 1105 loci
1505 1066 1569 1105 Or-

865 1115 968 1151 —ob
985 1116 1086 1151 assis·
1145 1116 1274 1151 dinarii
1576 1131 1589 1149 ι)
1646 1115 1735 1151 1095

886 1164 1031 1199 tentiam
1065 1183 1107 1189 —

1118 1199 1166 1238 l·-
1194 1210 1381 1246 sacerdotis
1399 1210 1545 1256 delegati
1573 1223 1590 1243 »
1646 1209 1736 1245 1096

369 1282 413 1287 -
438 1272 554 1297 coram

393 1308 662 1357 Ecclesia—3-
690 1307 782 1342 licite
1576 1319 1590 1337 υ
1647 1301 1736 1341 1097

132 1360 245 1407 Caput
280 1357 330 1393 Vl.

110 1409 156 1445 De
171 1408 282 1444 forma
294 1416 344 1442 ce·
623 1422 665 1427 —
693 1412 751 1448 per
776 1402 1012 1448 exceptionem
1577 1415 1592 1432 »
1651 1398 1738 1435 1098

125 1454 328 1492 lebrationis

125 1500 339 1540 matrimonii
624 1517 665 1521 —
693 1496 862 1542 quosdam
888 1496 1001 1532 solum
1027 1495 1206 1541 obligante
1580 1509 1594 1526 n
1653 1492 1740 1529 1099

226 1552 237 1573 1
314 1570 355 1574 -

212 1552 253 1596 ()
626 1612 666 1617 -
695 1591 731 1626 in
758 1602 884 1636 genere
910 1591 1099 1627 servandos
1580 1602 1595 1621 »
1652 1587 1740 1622 1100

375 1663 416 1668 -
448 1642 561 1688 quoad

397 1689 486 1725 ritus
564 1710 607 1715 --
625 1708 668 1712 —
694 1687 736 1723 de
761 1687 910 1723 solemni
939 1697 1146 1733 sponsorum
1175 1685 1417 1722 benedictione
1580 1698 1594 1716 »
1651 1681 1735 1718 1101

619 1797 669 1806 ·——
694 1781 786 1817 inter
813 1787 946 1828 partem
973 1780 1180 1817 catholicam
1206 1784 1239 1816 et
1264 1779 1494 1815 acatholicam
1580 1792 1594 1809 υ
1652 1775 1742 1812 1102

377 1900 419 1906 --
447 1880 482 1915 in
509 1878 656 1914 diversis
683 1877 781 1913 libris
806 1876 1011 1912 adnotanda
1582 1890 1596 1904 ι,
1654 1870 1742 1906 1103

234 1990 332 2034 494.
359 1991 618 2047 Inscriptio
644 1990 844 2046 Capitis.
868 2012 926 2018 —
947 1985 1049 2030 Cum
1074 1997 1300 2028 consensus
1325 1981 1640 2027 matrimonialis
1664 1992 1745 2023 ma-

117 2064 393 2115 nifestatione,
418 2073 543 2118 quam
570 2060 714 2103 ultimo
737 2058 965 2115 explicavit
999 2056 1253 2114 praecedens
1275 2054 1420 2111 Caput,
1439 2055 1625 2096 intimam
1650 2064 1746 2096 con·

118 2136 339 2178 nexionem
373 2132 511 2190 quoad
546 2133 635 2175 eius
669 2130 971 2187 legitimitatem
1008 2127 1130 2171 habet
1166 2126 1303 2185 Caput
1341 2124 1390 2169 VI
1419 2126 1661 2180 inscriptum
1691 2120 1748 2165 De

116 2204 271 2263 forma,
318 2203 499 2248 scilieet:
549 2202 758 2259 praefatae
807 2201 1151 2244 manifestationis
1196 2199 1431 2241 extrinseca
1472 2194 1746 2246 solemnitate,

118 2288 244 2334 quam
290 2273 579 2332 praescribunt
620 2285 802 2316 canones
849 2273 887 2314 in
937 2275 1031 2314 actu
1066 2268 1360 2312 celebrationis
1393 2264 1672 2315 niatrimonii,
1705 2270 1749 2306 ut

118 2347 222 2391 haec
257 2346 383 2390 veluti
417 2349 534 2389 aetus
569 2343 758 2400 publicus
791 2355 932 2386 eoram
967 2340 1152 2385 Ecclesia
1186 2341 1271 2394 liat,
1295 2342 1416 2397 prout
1438 2338 1660 2395 opponitur
1682 2347 1747 2378 ee-

120 2417 338 2462 lebrationi
372 2420 610 2460 contractus
643 2420 840 2471 tanquam
875 2413 1026 2469 privati
1060 2414 1165 2455 inter
1199 2416 1348 2468 partes,
1373 2410 1443 2467 qui
1472 2412 1639 2465 propter
1672 2405 1749 2448 hoc

121 2489 432 2532 matrimonium
467 2487 772 2531 clandestinum
807 2484 951 2528 audiit.

240 2556 424 2602 Verbum
458 2562 498 2601 et
525 2573 547 2598 «
570 2555 830 2600 substantiali
855 2571 876 2596 »
914 2559 954 2598 et
991 2570 1013 2620 ς(
1035 2551 1281 2598 accidentali
1305 2567 1327 2593 »
1354 2564 1376 2595 a
1400 2548 1648 2595 Doctorihus
1672 2549 1751 2591 fre-

119 2633 364 2688 quentatum
387 2631 585 2672 omissum
611 2632 684 2676 est,
708 2629 807 2670 satis
833 2624 1144 2673 rationabiliter,
1169 2626 1265 2682 quia
1289 2625 1363 2667 etsi
1389 2634 1535 2666 revera
1558 2620 1751 2664 diversae

122 2701 469 2758 praescriptiones
493 2713 566 2756 pro
589 2703 827 2742 contractus
860 2698 987 2754 ipsius
1023 2694 1235 2739 validitate
1262 2693 1325 2738 vel
1349 2693 1435 2737 sola
1470 2692 1649 2736 liceitate
1671 2692 1751 2733 sint

242 2855 251 2875 ¹
281 2852 378 2887 Vide
406 2852 449 2886 in
473 2863 591 2898 pagg.
619 2852 702 2895 639,
730 2851 812 2895 649,
842 2862 926 2885 can.
958 2849 1173 2884 1099-1103.

207 2931 304 2960 BLAT
328 2946 346 2953 -
371 2930 496 2959 Comm.
526 2931 610 2959 Text.
640 2931 718 2959 0001.
743 2929 816 2958 Iar.
842 2929 923 2958 Gan.
1633 2923 1670 2951 40
