1971 3261
159 131 227 163 65⁴·
528 128 612 161 Lm.
640 127 712 161 ΠΙ.
742 147 754 151 -
782 126 891 160 PARS
916 126 948 159 I.
977 146 989 150 -
1015 125 1073 160 De
1096 125 1361 160 Sacramentis
1458 125 1551 160 Gan.
1580 125 1782 160 1100-1101

278 249 411 305 Atque
445 247 520 290 Rit.
559 246 673 289 Rotn.
710 245 805 301 (loc.
840 247 925 299 cit,
958 258 996 287 n.
1027 245 1067 301 5)
1099 247 1176 287 ait:
1215 242 1450 288 «Ceterum
1485 247 1516 287 si
1551 257 1657 302 quae
1691 258 1782 302 pro-

163 322 321 364 vinciae
353 318 455 371 aliis,
492 317 595 360 ultra
633 316 877 372 praedictas,
912 314 1190 359 laudabilibus
1222 315 1593 359 consuetudinibus
1626 320 1665 359 et
1697 328 1786 359 cae-

159 391 355 434 remoniis
389 391 425 431 in
460 387 710 431 celebrando
743 385 990 429 Matrimonii
1024 386 1292 429 Sacramento
1326 389 1510 441 utuntur,
1545 398 1593 429 ea
1626 386 1664 429 S.
1692 385 1784 429 'Tri-

158 462 324 505 dentina
372 458 563 515 Synodus
595 457 639 513 (l.
672 456 727 513 c.)
771 461 883 513 optat
931 458 1163 500 retineri».
1199 482 1250 487 —
1285 455 1358 499 His
1405 461 1633 500 consonant
1680 469 1786 512 quae

158 526 387 588 sequuntur
418 527 627 585 generalia
664 529 916 583 praescripta
950 528 988 569 in
1024 540 1115 568 can.
1151 528 1276 571 1100.
1310 525 1449 569 Eoetra
1481 540 1623 569 casam
1651 540 1786 569 neces-

158 601 299 644 sitatis
333 599 451 643 aliter
484 598 648 655 agendi,
684 598 974 654 undecumque
1009 596 1074 639 illa
1114 610 1209 640 vera
1245 599 1468 640 necessitas
1493 599 1723 653 proveniat,
1743 597 1785 640 iii

158 670 420 714 matrimonii
453 668 731 712 celebratione
762 681 833 711 seu
866 672 1096 722 contractu,
1132 681 1210 710 non
1256 670 1335 710 iam
1384 670 1608 724 separatim
1641 668 1692 712 ab
1724 681 1785 715 eo,

159 744 351 800 quamvis
385 747 480 784 tunc
515 738 777 783 laudabiliter
809 738 1092 794 suppleantur,
1116 744 1335 781 serventur
1367 752 1415 781 ex
1441 741 1718 782 conscientiae
1742 751 1789 782 ac

160 813 261 869 legis
291 811 428 855 debito
463 811 572 853 ritas
603 824 676 853 seu
710 810 912 853 formulae
949 814 988 852 et
1021 811 1310 853 caeremoniae
1348 810 1388 863 a)
1421 809 1463 852 itt
1499 809 1620 852 libris
1651 809 1787 852 ritua-

159 883 265 927 libus
297 883 473 926 diversis
506 882 735 925 secundum
771 880 873 935 loca,
898 881 1078 935 ordines,
1102 885 1179 925 etc.
1205 882 1398 937 quamvis
1432 880 1544 924 latini
1571 883 1686 935 ritus,
1713 895 1784 937 per

159 955 236 998 hoc
254 959 390 997 tamen
420 969 438 993 ‹<
460 952 667 996 Ecclesiae
684 965 850 1009 quoque
869 949 1094 996 Orientalis
1113 951 1330 1007 disciplina
1352 952 1531 994 refertur
1548 966 1570 992 ))
1600 951 1707 1008 (can.
1733 951 1787 1009 1),

158 1026 384 1070 dummodo
419 1024 467 1067 ab
500 1022 692 1067 Ecclesia
722 1022 913 1080 probatis
945 1022 1090 1066 saltem
1117 1024 1252 1075 tacite,
1276 1022 1347 1065 sed
1375 1024 1414 1065 in
1438 1024 1496 1065 eis
1517 1023 1788 1080 praescripti,

161 1095 449 1152 relinquuntur
467 1095 593 1150 igitur
612 1105 781 1136 normae
801 1092 1017 1149 liturgicae
1042 1094 1080 1135 in
1105 1104 1246 1134 earum
1275 1093 1444 1148 praevio
1471 1091 1623 1147 valore,
1651 1091 1690 1147 b)
1716 1098 1791 1135 aut

159 1164 442 1208 laudabilibus
476 1177 555 1207 non
589 1163 693 1216 aliis,
727 1161 1098 1206 consuetudinibus
1130 1162 1287 1220 recepti
1312 1165 1413 1205 ritus
1439 1175 1510 1219 pro
1545 1163 1790 1206 earumdem

162 1239 214 1281 vi.
238 1262 294 1267 —
322 1239 410 1280 Huc
435 1236 588 1279 faciunt
609 1239 830 1292 sequentes
854 1234 1168 1278 declarationes.
1192 1233 1435 1288 Quaesitum
1461 1235 1557 1277 fuit:
1597 1250 1620 1275 c<
1642 1233 1786 1278 Utrum

160 1310 197 1350 in
231 1309 396 1363 nuptiis,
430 1319 536 1364 quae
559 1305 767 1349 secundae
791 1305 999 1360 dicuntur,
1024 1305 1252 1348 omittenda
1275 1307 1327 1348 sit
1352 1304 1584 1348 benedictio
1613 1305 1785 1348 annuli?

159 1377 232 1423 Cui
265 1379 302 1422 S.
326 1377 473 1434 Congr.
509 1377 677 1421 Rituum
704 1379 907 1433 reposuit:
943 1375 1145 1433 Negative
1169 1392 1207 1418 )).
1243 1375 1291 1419 Et
1312 1375 1351 1419 S.
1375 1374 1524 1432 Congr.
1551 1376 1591 1419 S.
1617 1373 1753 1420 Officii
1779 1376 1792 1398 ¹

159 1450 410 1493 declaravit:
450 1447 670 1501 «Quando
705 1447 842 1503 plures
874 1446 994 1490 simul
1030 1447 1290 1504 copulantur,
1324 1451 1496 1503 accepto
1529 1447 1787 1503 singulorum

160 1534 374 1575 consensu,
409 1525 448 1563 et
483 1522 557 1562 rite
590 1518 809 1562 celebratis
842 1518 1015 1575 singulis
1050 1520 1336 1573 matrimoniis,
1371 1518 1674 1576 dictaque-pro
1707 1520 1789 1561 sin-

160 1591 267 1648 gulis
299 1604 319 1634 a
346 1590 524 1647 parocho
550 1591 698 1633 forma:
733 1589 820 1646 Ego
847 1603 918 1633 vos
940 1591 1147 1646 coniunge
1172 1591 1210 1631 in
1236 1591 1561 1643 matrimonium,
1585 1594 1662 1632 etc.
1688 1588 1786 1632 nihil

160 1661 293 1706 obstat
325 1664 546 1718 quominus
582 1660 890 1704 benedictiones
923 1659 1170 1703 annulorum
1195 1665 1234 1703 et
1260 1659 1444 1716 reliquae
1479 1659 1789 1703 benedictiones

161 1734 260 1776 flant
293 1735 329 1775 in
365 1734 574 1776 communi
611 1745 682 1788 per
719 1731 844 1774 verba
878 1730 1152 1787 generalia».

277 1801 452 1856 Quando
488 1808 659 1860 uterque
693 1805 842 1846 coniux
886 1801 1063 1845 infidelis
1115 1801 1176 1844 vel
1225 1801 1423 1845 alteruter
1458 1801 1507 1844 ad
1549 1800 1789 1858 religionem

160 1874 407 1919 catholicam
440 1876 712 1927 convertitur,
747 1873 993 1930 applicanda
1027 1877 1088 1916 est
1120 1885 1300 1929 sequens
1331 1874 1369 1916 S.
1394 1871 1559 1927 (longi-,⁸
1593 1873 1630 1915 S.
1656 1869 1791 1916 Officii

163 1947 394 2002 responsio:
434 1961 456 1985 «
482 1944 522 1986 1⁰
547 1944 608 1987 An
632 1946 713 1987 siut
735 1943 991 2000 supplendae
1024 1945 1313 1986 caeremoniae
1348 1943 1564 1999 nuptiales,
1599 1956 1693 1986 cum
1730 1955 1791 1986 re-

160 2018 380 2074 quiruntur
413 2028 434 2058 a
468 2015 714 2071 coniugibus
746 2015 1006 2071 desponsatis
1030 2016 1068 2057 in
1095 2013 1349 2067 infidelitate,
1385 2016 1423 2057 in
1458 2027 1554 2057 casu
1582 2026 1662 2070 quo
1688 2018 1793 2056 uter-

162 2099 241 2143 que
272 2091 562 2139 convertatur3
588 2085 631 2128 ΞΟ
656 2086 717 2129 An
742 2087 822 2129 sint
844 2085 1100 2141 supplendae
1123 2085 1293 2128 eaedem
1318 2087 1606 2128 caeremoniae
1631 2087 1668 2126 in
1693 2096 1789 2127 casu

161 2169 243 2214 quo
273 2156 376 2200 alter
409 2170 430 2199 e
463 2156 710 2213 coniugibus
740 2159 789 2199 sit
827 2156 1067 2213 baptizatus,
1099 2155 1203 2199 alter
1252 2158 1496 2199 remanserit
1545 2157 1584 2198 in
1619 2153 1792 2198 infideli—

163 2231 257 2270 tate.
291 2227 328 2270 S.
365 2226 513 2283 Congr.
549 2230 752 2284 reposuit:
788 2227 849 2270 Ad
887 2228 939 2269 1¹¹¹
973 2229 1171 2284 coniuges
1205 2226 1406 2281 infideles,
1440 2229 1474 2269 si
1524 2226 1667 2269 tideles
1699 2226 1792 2269 sacti

163 2302 270 2352 sunt,
288 2300 442 2354 optime
477 2299 624 2353 iacere,
657 2301 687 2341 si
727 2298 933 2341 Ecclesiae
969 2298 1300 2341 benedictionem
1337 2299 1560 2354 recipiant;
1593 2297 1792 2352 adstringi

169 2374 303 2412 lamen
338 2369 387 2412 ad
425 2369 461 2411 id
499 2383 576 2411 non
612 2368 777 2412 debere.
813 2369 874 2411 Ad
912 2369 965 2411 Ψ
998 2371 1255 2425 negative».

284 2440 380 2482 504.
417 2441 657 2486 Solemnis
690 2454 984 2497 sponsorum
1017 2442 1313 2486 benedictio.
1348 2465 1402 2471 —
1436 2437 1538 2483 Cum
1567 2437 1795 2482 Concilium

169 2508 455 2553 Tridentinum
490 2510 598 2553 dicat
631 2510 727 2566 (loc.
761 2510 869 2567 cit.):
925 2526 945 2551 <c
973 2511 1187 2554 Praeterea
1223 2510 1369 2568 eadem
1403 2511 1441 2554 S.
1475 2509 1667 2566 Synodus
1709 2508 1801 2551 hor-

164 2573 296 2632 tatur,
331 2584 372 2622 ut
403 2582 600 2636 coniuges
632 2584 725 2623 ante
761 2579 1089 2624 benedictionem
1125 2580 1439 2634 sacerdotalem,
1476 2582 1513 2623 in
1549 2579 1702 2636 templo
1734 2591 1800 2622 su-

169 2650 439 2705 scipiendam,
475 2653 511 2692 in
547 2651 694 2693 eadem
727 2651 850 2693 domo
884 2664 962 2694 non
998 2650 1236 2694 cohabitent
1259 2666 1298 2705 )),
1334 2657 1376 2694 ut
1419 2651 1496 2694 hoc
1546 2650 1800 2693 desiderium

166 2722 208 2762 iu
244 2723 403 2776 praxim
438 2721 681 2775 deducatur,
718 2723 961 2777 praescribit
1010 2721 1135 2765 multa
1171 2721 1387 2765 includens
1420 2735 1511 2764 can.
1548 2723 1668 2765 1101.
1701 2720 1729 2778 ἓ
1765 2721 1800 2762 l.

288 2874 297 2894 ¹
328 2873 345 2905 1
380 2873 489 2917 Sept.
521 2873 623 2907 1841.
