1971 3261
212 116 283 150 594
606 115 691 148 Lus.
721 115 793 148 III.
822 134 836 140 —
863 115 972 149 PARS
997 114 1029 149 I.
1059 135 1070 141 -
1094 115 1154 150 De
1178 115 1445 151 Sacramentis
1629 115 1722 153 Gan.
1750 116 1843 153 1078

215 237 394 279 trimonii
418 250 458 276 ».
492 238 586 277 ante
619 233 812 277 Codicem
848 232 1107 290 supponebat
1142 235 1490 292 propinquitatem
1527 237 1840 291 provenientem

212 321 260 350 ex
295 304 556 362 sponsalibus
588 308 659 347 aut
692 305 955 347 matrimonio
989 304 1123 348 forsan
1159 304 1270 348 nullo
1305 309 1469 361 praeter
1501 305 1708 349 defectum
1742 319 1840 349 con-

211 390 369 429 sensus,
393 381 431 418 et
449 387 556 433 quae
586 391 605 415 (ι
632 373 757 418 robur
780 373 970 418 trahebat.
998 387 1047 418 ex
1073 375 1353 419 ecclesiastica
1379 377 1647 427 institutione,
1674 381 1841 433 propter

211 451 299 493 eius
331 447 498 505 (nempe
531 448 690 489 ratione
736 446 1005 502 matrimonii>
1038 445 1296 490 honestatem
1324 463 1341 486 »
1372 447 1398 489 ².
1434 446 1476 490 In
1515 445 1667 491 Codice
1700 452 1837 491 antem

212 519 311 562 llaec
332 518 497 574 positivi
527 517 628 558 iuris
662 517 947 572 propinquitas
980 517 1139 559 ratione
1162 515 1415 572 sponsalium
1450 520 1510 560 est
1532 517 1742 573 derogata,
1766 517 1838 560 sed

211 588 419 645 legislator
445 600 603 630 memor
626 585 826 629 naturalis
848 586 1058 629 affinitatis
1089 591 1204 630 ortae
1246 600 1296 630 ex
1317 600 1364 630 eo
1388 587 1497 644 quod
1535 592 1595 631 est
1618 601 1839 631 commune

211 661 471 704 fornicationi
506 663 542 701 et
578 659 857 711 matrimonio,
881 656 1060 714 (etiamsi
1091 673 1111 698 <c
1135 657 1244 701 aliud
1269 660 1321 701 sit
1356 657 1408 702 ibi
1445 658 1741 714 inordinatum,
1766 672 1840 716 per

209 730 317 787 quod
352 742 373 772 a
401 729 663 772 matrimonio
696 727 912 781 dividitur,
937 732 975 770 et
1009 741 1058 771 ex
1088 727 1165 771 hac
1189 733 1304 784 parte
1328 728 1505 772 affinitas
1527 742 1606 771 non
1632 733 1838 773 causatur.

207 801 325 846 Unde
357 800 534 844 affinitas
566 811 732 854 semper
761 798 931 841 honesta
964 803 1166 853 remanet,
1189 800 1383 856 quamvis
1405 811 1527 843 causa
1553 799 1692 857 aliquo
1717 800 1839 843 modo

208 875 258 915 sit
292 868 574 926 inhonesta»)
600 870 628 923 2,
653 881 786 926 aeque
821 882 990 923 prorsus
1012 871 1200 913 servavit
1234 870 1578 926 impedimentum
1613 875 1730 914 autea
1768 884 1837 913 vo-

207 951 344 987 catum
380 942 590 985 affinitatis
623 953 673 983 ex
708 939 857 996 copula
891 939 1046 996 illicita,
1071 945 1252 984 attamen
1288 954 1397 984 nunc
1426 941 1670 997 prudentius
1704 943 1837 998 ipsum

210 1015 433 1062 restrinxit,
458 1016 581 1069 atque
614 1024 693 1054 non
719 1014 872 1054 attenta
897 1013 986 1054 eius
1009 1013 1268 1068 cognationis
1290 1023 1429 1065 causa,
1451 1012 1522 1054 sed
1558 1010 1609 1054 ob
1635 1014 1836 1054 motivum

208 1084 492 1141 impedimenti
527 1094 651 1138 supra
688 1082 845 1125 dictum
882 1084 1050 1126 vocavit
1084 1082 1190 1125 istud
1227 1085 1264 1125 in
1298 1081 1839 1140 can.1078.Impedimen-

209 1162 294 1199 {um
324 1154 516 1213 pvblicae
540 1152 788 1204 honestati&
811 1152 991 1197 scilicet:
1017 1155 1135 1196 cuius
1159 1156 1329 1197 interest
1360 1155 1559 1197 canonica
1584 1155 1836 1197 matrimonii

209 1225 443 1283 prohibitio,
467 1229 590 1281 atque
623 1223 763 1266 oritur
795 1223 833 1280 a)
866 1237 917 1266 eoe
948 1223 1220 1267 matrimonio
1254 1222 1442 1266 invalido
1476 1224 1610 1267 forsan
1635 1225 1837 1280 putativo,

206 1297 332 1342 semel
368 1309 415 1340 ac
450 1297 519 1339 liat
553 1295 739 1338 eiusdem
775 1293 999 1338 celebratio
1032 1308 1126 1338 cum
1161 1297 1299 1351 specie
1335 1296 1650 1338 matrimonialis
1673 1299 1836 1338 contra-

206 1374 296 1428 ctus
337 1367 565 1412 secundum
612 1369 674 1409 ius
717 1367 980 1420 canonicum,
1024 1378 1117 1409 nam
1162 1365 1376 1409 subditur:
1421 1365 1507 1408 siue
1539 1371 1836 1421 consummato,

206 1452 376 1496 nempe:
411 1437 576 1496 quando
610 1437 820 1480 affinitatis
853 1438 1044 1493 cognatio
1088 1436 1287 1480 naturalis
1320 1438 1500 1492 exurgit,
1532 1435 1618 1478 sive
1660 1449 1757 1489 non,
1788 1448 1836 1479 ac

204 1511 365 1554 etiamsi
399 1510 563 1565 cognita
590 1507 848 1550 invaliditate
879 1509 1130 1550 matrimonii
1155 1508 1330 1564 putativi
1356 1508 1555 1562 coniuges
1578 1509 1835 1562 separentur,

207 1584 392 1624 remanet
426 1578 769 1635 impedimentum
802 1591 849 1620 eo
883 1577 991 1635 quod
1019 1579 1147 1634 ipsius
1180 1580 1259 1621 iam
1296 1579 1424 1634 posita
1460 1577 1536 1620 fuit
1569 1588 1707 1628 causa,
1732 1574 1774 1632 b)
1797 1580 1836 1618 el

205 1666 256 1695 θέε
295 1650 476 1709 publico,
508 1663 555 1693 eo
599 1649 707 1706 quod
754 1648 893 1692 multis
938 1648 1111 1692 relative
1155 1649 1205 1692 ad
1251 1648 1385 1692 locum
1422 1650 1664 1701 innotescat,
1698 1646 1740 1702 c)
1772 1645 1837 1689 vel

206 1722 384 1777 notorio,
417 1723 513 1779 quia
562 1720 673 1763 nulla
706 1721 1053 1774 tergiversatione
1085 1718 1211 1763 celari
1262 1721 1386 1775 possit
1434 1719 1531 1773 (non
1566 1719 1750 1774 praecise
1783 1717 1833 1761 ad

206 1806 391 1837 normam
426 1805 515 1836 can.
552 1791 680 1847 2197,
704 1804 797 1834 cum
833 1790 1028 1834 delictum
1055 1803 1134 1833 nou
1169 1792 1361 1847 exigatur
1393 1789 1445 1833 ob
1470 1792 1687 1846 paritatem
1723 1800 1836 1845 prae-

203 1867 345 1922 scripti
388 1863 523 1922 quoad
575 1864 885 1906 matrimonium
920 1860 1165 1915 invalidum,
1200 1874 1276 1904 nec
1324 1860 1519 1903 delictum
1565 1858 1833 1916 nominetur),

204 1937 397 1994 quamvis
429 1946 576 1977 revera
610 1935 760 1977 existat
792 1932 859 1976 hic
892 1936 1060 1989 propter
1102 1931 1288 1975 additum
1326 1930 1523 1974 verbum:
1559 1930 1835 1973 concubinatu

205 2009 370 2064 proprie
402 2005 604 2048 sumendo
649 2017 722 2061 pro
769 2006 846 2046 viri
894 2016 942 2046 ac
978 2003 1163 2046 mulieris
1196 2001 1394 2046 habituali
1438 2003 1645 2045 consortio
1687 2000 1832 2044 saltem

203 2077 338 2136 quoad
372 2076 551 2119 thorum.

321 2148 516 2204 Sequitur
548 2145 735 2189 eiusdem
767 2145 1052 2201 impedimenti
1085 2143 1315 2200 amplitudo
1339 2156 1573 2200 congruens
1607 2141 1835 2199 partialiter

203 2218 338 2263 Cone&
388 2217 514 2261 Trid¹.
561 2216 833 2260 moderationi
868 2216 905 2260 3;
944 2215 1026 2259 «S.
1070 2214 1275 2272 Synodus,
1320 2214 1678 2270 impedimentum,
1721 2213 1830 2270 quod

204 2294 370 2346 propter
402 2288 642 2332 affinitatem
677 2301 724 2330 ex
752 2288 1024 2330 fornicatione
1057 2289 1311 2329 contractam
1348 2285 1571 2335 inducitur,
1605 2286 1729 2336 (nunc
1761 2284 1832 2327 de—

204 2365 393 2416 rogatum
428 2361 466 2401 in
500 2358 590 2401 aliis
623 2359 906 2401 fornicationis
939 2356 1104 2400 casibus
1128 2361 1291 2413 praeter
1322 2360 1535 2399 contentos
1568 2357 1605 2397 in
1641 2353 1830 2411 canone),

203 2436 242 2474 et
275 2432 584 2474 matrimonium
612 2433 749 2485 postea
786 2429 937 2472 factum
961 2428 1133 2478 dirimit,
1156 2427 1206 2470 ad
1231 2440 1301 2470 eos
1324 2431 1499 2478 tantum,
1524 2427 1593 2483 qui
1629 2428 1667 2468 in
1700 2427 1833 2481 primo

203 2506 242 2545 et
274 2501 457 2544 secundo
491 2500 622 2556 gradu
648 2501 973 2555 coniunguntur,
999 2499 1221 2553 restringit.
1248 2497 1289 2540 ln
1315 2496 1582 2540 ulterioribus
1618 2509 1715 2539 vero
1739 2508 1830 2552 gra-

202 2571 324 2616 dibus
356 2573 510 2625 statuit,
535 2570 771 2613 huiusmodi
806 2570 1046 2613 affinitatem
1075 2570 1382 2612 matrimonium
1409 2572 1547 2624 postea
1572 2570 1830 2610 contractum
1882 2618 1888 2621 ,
1920 2614 1924 2619 ,

203 2655 283 2686 non
316 2642 573 2685 dirimere».
612 2640 927 2684 Restrictionem
961 2639 1093 2683 solum
1138 2639 1275 2696 quoad
1320 2638 1475 2694 gradus
1519 2637 1642 2680 refert
1684 2649 1830 2691 canon,

202 2726 324 2770 quem
370 2717 713 2766 commentamur,
759 2711 924 2768 quando
974 2712 1026 2754 ita
1075 2712 1362 2767 prosequitur:
1397 2713 1437 2751 et
1483 2707 1656 2765 nuptias
1698 2707 1831 2750 idest:

321 2818 333 2840 1
360 2818 406 2852 D.
433 2817 503 2851 Th.
535 2817 670 2861 Suppl.
700 2828 735 2860 q.
765 2816 846 2859 LV,
874 2819 948 2850 arb.
977 2817 1011 2856 4,
1038 2827 1068 2850 c.
1095 2834 1138 2840 -—
1166 2815 1180 2837 2
1206 2815 1254 2848 D.
1284 2813 1354 2850 Th.
1382 2813 1517 2858 Suppl.
1547 2825 1580 2857 q.
1609 2812 1686 2854 LV,
1712 2815 1786 2846 art.
1807 2811 1831 2845 3

201 2865 249 2899 ad
278 2866 337 2900 1¹1¹.
368 2885 410 2889 —
436 2865 450 2887 3
477 2864 567 2908 Pap.
597 2867 631 2904 4,
661 2875 753 2897 sess.
787 2863 916 2897 XXIV
943 2862 988 2896 de
1015 2861 1099 2896 Res.
1125 2861 1384 2896 matrimonii.

1939 1562 1953 1586 -i

1925 1592 1953 1615 -5

1940 1615 1957 1638 fb

1939 1012 1957 1059 ’.ἐ

1938 1221 1971 1269 3:21⁴
