1971 3261
95 145 190 181 Gan.
215 144 375 180 935-936
612 144 697 178 Trr.
726 144 792 178 IV.
827 165 838 172 -
869 145 925 180 De
956 148 1201 181 poenitentia
1654 146 1722 181 337

99 278 244 322 preces
276 266 557 321 praescriptae
591 252 650 307 'ad
696 263 916 308 lucrandas
950 266 1228 323 indulgentias
1259 269 1347 310 sive
1382 266 1601 323 plenariam,
1634 268 1724 310 sive

98 335 306 392 partiales,
339 336 420 378 sint
464 334 699 378 recitandae
742 334 861 377 flexis
903 336 1148 391 geriibus?...
1194 337 1254 380 Ad
1291 341 1360 390 1¹²²,
1393 337 1608 393 Negative,
1648 339 1724 380 nisi

96 407 216 450 aliter
250 407 550 462 praescriptum
583 407 635 448 sit
669 407 707 447 in
741 405 991 449 documento
1029 411 1369 453 concessionis».

217 476 314 520 275.
351 478 423 522 De
455 478 646 533 piorum
681 490 883 533 operum
918 482 1299 525 commutatione
1332 483 1396 525 ab
1431 482 1641 525 homine.
1671 505 1721 510 -

100 548 194 592 Pius
217 546 271 590 IX
295 545 524 592 clementer
557 546 727 590 indulsit
751 547 764 569 ¹
799 560 871 603 per
895 546 990 592 Dec.
1014 551 1052 593 5.
1073 551 1221 606 (Jongr.
1243 550 1447 606 lndulg.¹²¹‚
1472 566 1491 591 «
1517 555 1556 593 ut
1583 550 1725 593 fideles

100 617 367 662 habitualiter
401 619 566 672 intirmi,
601 617 799 662 chronici.
834 617 886 661 ob
920 618 1136 676 physicum
1174 635 1420 676 permanens
1453 622 1723 677 impedimen-

98 693 186 733 tum
221 702 242 732 e
274 689 397 731 domo
430 688 574 745 egredi
608 690 917 744 impotentes»,
951 703 1029 732 non
1066 691 1245 734 exclusis
1269 706 1317 734 ex
1341 692 1463 734 simili
1490 692 1606 736 Dec.⁰
1632 691 1724 735 Leo-

99 762 161 803 nis
195 759 282 803 Xlll
309 759 323 780 ²
359 762 406 803 iis
429 762 496 816 qui
524 762 561 802 in
586 762 884 803 communitate
912 762 1070 813 vivunt,
1109 766 1370 818 «acquirere
1397 769 1559 819 possent
1582 776 1725 806 omnes

97 836 136 874 et
169 831 354 887 singulas
388 830 666 887 indulgentias
699 830 963 887 plenarias...
988 845 1172 890 quasque
1196 834 1296 875 alias
1320 837 1536 891 acquirere
1561 838 1726 890 possent

98 904 137 944 in
174 902 288 955 locis,
323 904 360 944 in
396 901 548 959 quibus
584 904 787 954 vivunt,...
829 902 1056 945 dummodo
1099 917 1196 947 vere
1240 908 1494 960 poenitentes
1537 907 1725 955 confessi,

98 986 146 1016 ac
179 975 330 1016 ceteris
372 972 572 1016 absolutis
614 972 936 1023 conditionibus,
977 974 1064 1017 loco
1098 976 1136 1018 S.
1169 974 1480 1018 Communionis
1513 981 1550 1019 et
1588 978 1724 1019 visita-

99 1046 221 1087 tionis
254 1044 333 1087 alia
369 1046 431 1100 pia
466 1056 592 1099 opera
635 1056 657 1087 a
701 1047 935 1103 respective
979 1048 1230 1088 confessario
1265 1047 1514 1102 iniungenda
1550 1047 1728 1090 fideliter

99 1115 412 1172 adimpleant».
446 1114 532 1158 Non
566 1115 699 1158 solum
734 1114 810 1170 his,
835 1116 906 1159 sed
941 1116 1273 1173 quibuscumque
1307 1119 1482 1163 casibus.
1510 1132 1579 1173 per
1602 1131 1725 1174 gene-

103 1186 230 1229 ralem
256 1186 492 1229 facultatem
518 1186 782 1229 confessariis
804 1186 1057 1244 quibuslibet
1082 1201 1319 1231 concessam
1347 1189 1528 1244 providit
1549 1202 1727 1246 sequens

99 1259 319 1301 can..935.
358 1256 432 1300 Pia
465 1271 607 1314 opera,
643 1271 721 1300 non
755 1260 888 1301 solum
923 1261 1163 1301 communio
1196 1265 1265 1302 aut
1299 1260 1498 1302 ecclesiae
1535 1262 1726 1310 visitatio,

99 1328 171 1371 sed
218 1342 342 1371 unum
393 1328 456 1371 vel
501 1328 618 1385 plura
658 1342 708 1372 ex
742 1330 806 1372 his
837 1342 944 1387 quae
976 1332 1057 1372 sint
1090 1329 1145 1372 ad
1177 1329 1406 1372 lucrandas
1441 1330 1728 1387 imlnlqentiax

99 1401 223 1442 etiam
260 1399 453 1455 partiales
486 1399 692 1455 iniuncta,
733 1399 1001 1457 confessarii,
1025 1414 1195 1456 nempe:
1240 1404 1307 1458 qui
1355 1402 1637 1444 iurisdictione
1670 1414 1728 1444 sa-

100 1470 342 1514 cramentali
379 1473 591 1527 potiuntur
627 1476 816 1527 respectu
841 1471 974 1514 tidelis
1009 1474 1046 1514 in
1083 1473 1186 1522 loco,
1217 1478 1409 1529 possunt,
1445 1476 1567 1515 etiam
1612 1478 1726 1515 extra

99 1541 368 1584 confessionis
400 1542 714 1584 sacramentalis
746 1547 882 1585 actum
921 1542 960 1584 ίη
996 1542 1085 1585 alia
1119 1549 1375 1585 commutare
1398 1543 1513 1600 (quin
1549 1543 1599 1586 de
1633 1556 1727 1599 ope—

104 1624 193 1654 rum
227 1611 547 1669 aequipollentia
582 1612 757 1656 sollicite
790 1614 1021 1656 curandum
1056 1613 1125 1670 sit)
1160 1627 1238 1656 non
1273 1614 1527 1670 dispensare.
1559 1627 1637 1671 pro
1675 1612 1728 1655 iis

101 1687 261 1726 tantum
295 1684 505 1736 confessis,
539 1689 607 1726 aut
643 1697 736 1739 non,
771 1698 874 1741 quos
912 1689 1048 1727 tamen
1094 1684 1312 1728 absolvere
1347 1690 1525 1741 possent,
1560 1685 1642 1742 qui.
1678 1684 1728 1726 le-

98 1753 248 1811 yi'timo
280 1753 440 1797 delenti
472 1754 768 1812 impedimento
795 1755 966 1812 physico
989 1761 1060 1800 aut
1085 1756 1245 1808 morali,
1268 1757 1376 1813 qnod
1403 1770 1422 1799 a
1450 1770 1590 1798 norma
1618 1768 1730 1812 prae·

100 1827 265 1882 ceptiva
290 1839 360 1869 eos
382 1831 616 1879 excusaret,
640 1827 896 1883 proindeque
921 1827 1130 1883 peculiare
1158 1828 1400 1870 eorumdem
1438 1828 1729 1884 undecumque

105 1899 335 1952 proveniat,
371 1910 444 1953 pro
479 1897 748 1953 indulgentiis
782 1900 907 1954 igitur
946 1911 1091 1955 «quas
1124 1901 1341 1955 acquirere
1375 1903 1538 1954 possent
1568 1901 1604 1940 in
1632 1897 1730 1941 locis

104 1968 142 2009 in
177 1966 328 2024 quibus
363 1970 508 2010 vivunt
531 1984 553 2008 ))
581 1967 742 2012 sublato
767 1969 1077 2025 impedimento.
1100 1974 1267 2026 propter
1290 1969 1397 2026 quod
1423 1968 1564 2011 eadem
1590 1981 1730 2024 opera,

104 2042 146 2080 ut
178 2051 301 2094 supra
337 2039 609 2082 determinata
642 2046 867 2097 praestare
900 2047 1117 2097 nequeant.

224 2109 320 2151 276.
357 2111 432 2156 De
454 2113 774 2157 surdo-mutis
797 2114 963 2168 quoad
987 2114 1180 2157 modum
1206 2114 1458 2157 orationes
1480 2112 1729 2157 fundendi.

105 2204 156 2208 ——
193 2177 399 2223 Mutorum
436 2182 719 2236 impotentiae,
753 2194 832 2239 qua
868 2182 1104 2225 detinentur
1148 2182 1347 2224 recitandi
1391 2194 1533 2237 preces
1566 2195 1637 2237 pro
1672 2182 1729 2223 in-

103 2249 329 2306 dulgentiis
371 2252 638 2308 acquirendis
682 2253 900 2304 inimicias,
937 2254 1133 2295 satisfecit
1178 2254 1215 2295 S.
1250 2251 1398 2308 Congr.
1436 2251 1625 2307 lndulg.¹”
1661 2265 1732 2308 per

103 2320 298 2377 generale
331 2320 473 2374 Dec.¹³²,
507 2322 616 2380 quod
667 2322 869 2379 publicari
920 2324 1134 2366 mandaxit
1180 2324 1271 2365 Pius
1307 2322 1358 2365 lX
1384 2324 1412 2375 ³³,
1447 2322 1555 2379 quod
1593 2327 1730 2378 utpote

103 2403 244 2435 casum
282 2393 572 2448 particularem
608 2399 716 2437 can.⁸
737 2400 889 2450 praec⁸
921 2408 967 2437 ac
1002 2397 1154 2450 optime
1191 2396 1424 2437 restrictum
1451 2396 1639 2449 proponit
1674 2392 1732 2436 ul—

105 2464 230 2505 timus
262 2463 313 2505 de
347 2463 615 2520 indulgentiis
646 2479 736 2507 ean.
772 2466 878 2509 936.
914 2464 1024 2508 Mem
1056 2464 1218 2506 lucrari
1239 2469 1416 2521 possunt
1444 2463 1733 2521 i‘mleclqenli'as

105 2531 295 2576 adneoeas
324 2533 410 2591 piis
439 2535 647 2592 precibu&
681 2536 864 2592 alioquin
894 2552 914 2576 α
942 2535 1153 2579 vocalibus
1177 2551 1198 2576 κ)
1225 2536 1274 2578 ad
1302 2548 1487 2578 normam
1524 2547 1612 2577 can.
1635 2534 1731 2582 934,

104 2605 146 2660 a)
179 2603 217 2645 si
250 2617 333 2646 una
368 2618 458 2647 eum
491 2605 682 2662 fidelibus
715 2606 757 2648 iii
793 2606 930 2649 eodem
967 2606 1067 2651 loeo,
1109 2619 1145 2645 v.
1180 2620 1239 2662 gr.
1278 2608 1314 2647 in
1350 2605 1524 2648 ecclesia
1561 2618 1633 2661 pro
1668 2608 1734 2647 tri-

105 2674 255 2717 duanis
287 2678 510 2730 exercitiis,
531 2679 568 2719 in
596 2677 929 2734 processionibus
963 2679 1357 2732 peregrinationum,
1392 2681 1461 2719 aut
1484 2678 1734 2719 conxenien-

107 2744 216 2788 tibus
249 2748 415 2802 proprio
447 2747 619 2801 arbitro,
650 2746 869 2790 ordinibus
903 2753 1110 2799 oretenus,
1136 2748 1209 2802 ipsi
1247 2749 1346 2789 muti
1374 2752 1545 2789 'rietatem
1571 2760 1620 2788 ac
1639 2746 1733 2803 pios

224 2851 235 2872 ¹
265 2850 308 2885 18
335 2851 436 2896 Sept.
465 2853 568 2897 1862,
597 2852 689 2887 Dec.
718 2852 827 2887 auth.
855 2852 985 2886 n.393.
1015 2872 1057 2876 --
1084 2853 1096 2873 “-’
1126 2852 1168 2885 16
1195 2852 1276 2886 Ian.
1306 2852 1407 2886 1886.
1439 2873 1481 2876 —
1508 2852 1521 2872 ³
1550 2852 1592 2885 15
1618 2850 1734 2887 Mart.

109 2898 220 2941 18523
248 2897 340 2932 Dec.
369 2899 480 2933 auth.
510 2912 548 2935 n.
573 2900 656 2935 355.
1607 2912 1609 2914 ’

189 2976 287 3005 BLAT
310 2992 328 2998 -
355 2976 478 3008 Comm.
508 2979 593 3007 Text.
620 2977 696 3009 Coti.
722 2978 796 3007 Iur.
824 2977 905 3006 Gari.
1610 2978 1649 3005 22
