1971 3261
160 155 229 187 49⁶2
564 152 649 184 Llss.
678 150 752 184 111.
783 170 794 175 -
823 150 933 184 PARS
958 149 988 183 Ι.
1020 170 1030 174 -
1059 150 1115 184 De
1140 150 1404 185 Sacramentz‘s
1472 150 1565 185 Gan.
1593 150 1791 185 1013-1014

158 285 249 328 cap.
290 288 311 312 «
334 269 573 315 Gaudemns
595 285 617 309 ))
659 269 709 312 13
744 268 802 312 De
836 268 1035 312 Divortiis
1068 267 1154 323 (lv,
1189 268 1277 326 19),
1310 268 1362 312 ob
1402 269 1787 326 multiplicationem

162 341 287 385 Deum
323 341 563 393 colentium,
598 352 704 397 quae
738 344 836 383 tunc
875 338 1000 382 tiebat
1044 352 1115 395 per
1155 342 1512 396 propagationem,
1545 339 1642 383 dum
1687 339 1790 382 haec

158 425 278 456 causa
315 413 493 454 cessavit
530 416 715 466 tempore
747 422 882 453 novae
916 409 1035 464 legis,
1058 415 1181 466 atque
1207 409 1317 453 lesus
1341 409 1531 453 Christus
1565 409 1673 453 illam
1694 423 1790 453 con-

157 485 384 526 cessionem
420 495 616 538 expresse
651 483 881 525 revocavit.

275 554 352 597 Sed
380 566 525 606 canon,
550 566 673 610 quem
709 557 1054 607 commentamur,
1090 552 1340 608 peculiarem
1377 555 1675 609 proprietatum
1713 565 1794 595 ma-

158 626 338 667 trimonii
374 628 572 667 assertam
610 624 848 666 tirmitatem
883 622 1026 666 fundat
1051 625 1088 666 in
1113 623 1283 666 ratione
1304 623 1578 678 sacramenti,
1612 623 1791 667 scilicet:

158 710 205 737 eo
239 695 349 752 quod
380 711 398 735 (ι
425 699 486 737 est
517 696 680 750 signum
719 699 944 750 perpetuae
977 695 1282 737 coniunctionis
1304 693 1464 750 (nnius)
1486 693 1635 738 Christi
1659 700 1696 737 et
1721 693 1791 738 Ec-

157 766 306 809 clesiae
329 781 351 806 »
381 767 515 819 unius,
537 770 718 808 sanctae.
739 764 969 808 catholicae
1002 777 1051 808 ac
1083 764 1347 821 Apostolicae
1373 764 1400 804 ¹.
1436 764 1520 807 Has
1551 768 1659 808 enim
1695 778 1790 808 con-

157 839 345 894 sequitur
379 839 688 879 matrimonium
726 840 895 892 propter
925 834 1076 879 Christi
1113 837 1409 878 institutionem
1455 848 1659 879 revocans
1691 835 1789 879 illud

157 908 206 950 ad
244 910 500 964 primaevam
537 907 835 963 perfectionem
872 905 1058 964 illudque
1081 909 1140 950 sic
1165 907 1392 963 perfectum
1427 906 1628 962 (lignitate
1660 918 1792 950 sacra-

159 980 283 1021 menti
318 978 490 1033 donans,
526 978 635 1021 unde
669 979 983 1020 matrimonium
1037 979 1143 1020 inter
1193 976 1419 1033 baptizatos
1461 981 1718 1020 contractum
1753 982 1789 1020 et

157 1052 489 1092 consummatum
515 1052 576 1091 est
601 1047 879 1104 undequaque
915 1045 1201 1090 indissolubile
1239 1049 1319 1089 vita
1357 1050 1570 1104 utriusque
1604 1049 1791 1103 coniugis

157 1121 358 1163 durante:
393 1119 501 1176 quod
536 1119 810 1162 confirmatur
842 1131 890 1161 ex
927 1116 1052 1161 Conc.
1075 1116 1186 1160 Trid.
1210 1130 1299 1161 can.
1326 1119 1348 1160 7
1373 1122 1486 1170 (sess.
1513 1116 1678 1169 XXlV):
1708 1133 1727 1157 «
1751 1117 1790 1161 Si

157 1191 248 1247 quis
281 1189 448 1243 dixerit,
482 1189 710 1232 Ecclesiam
747 1201 902 1241 errare,
937 1201 1030 1231 cum
1067 1188 1206 1231 docuit
1241 1193 1281 1231 et
1313 1189 1447 1241 docet,
1471 1190 1583 1231 iuxta
1617 1201 1793 1244 evange·

159 1261 278 1304 licam
315 1265 352 1303 et
385 1259 654 1317 apostolicam
690 1259 922 1302 doctrinam
962 1264 1129 1315 propter
1161 1259 1411 1302 adulterium
1447 1259 1619 1302 alterins
1651 1260 1792 1301 coniu-

158 1345 254 1387 gum
283 1332 533 1384 matrimonii
563 1330 773 1374 vinculum
802 1343 880 1372 non
907 1342 1025 1386 posse
1048 1329 1244 1381 dissolvi,
1269 1334 1306 1372 et
1334 1334 1555 1386 utrumque
1582 1328 1643 1372 vel
1668 1331 1789 1372 etiam

158 1404 440 1454 innocentem,
473 1403 542 1457 qui
578 1413 745 1444 causam
782 1400 988 1443 adulterio
1023 1413 1101 1442 non
1136 1400 1264 1453 dedit,
1300 1413 1379 1443 non
1414 1414 1546 1457 posse,
1568 1399 1698 1443 altero
1731 1413 1793 1442 co-

158 1476 281 1529 niuge
320 1475 498 1526 tivente,
533 1471 645 1515 aliud
683 1474 993 1514 matrimonium
1038 1471 1308 1527 contrahere3
1354 1471 1648 1528 moecharique
1682 1483 1791 1517 eum,

104 1578 108 1582 .
156 1546 241 1601 qui,
276 1544 444 1587 dimissa
488 1542 691 1597 adultera,
727 1542 849 1586 aliam
896 1543 1077 1589 duxerit,
1111 1547 1151 1585 et
1184 1555 1289 1597 eam,
1323 1554 1430 1599 quae
1469 1542 1639 1584 dimisso
1672 1541 1788 1584 adul-

156 1620 259 1667 tero,
293 1615 360 1658 alii
397 1617 597 1671 nupserit,
632 1613 852 1657 anathema
887 1616 938 1656 sit
962 1630 998 1655 ³).
1035 1639 1089 1643 —
1125 1613 1154 1656 E
1188 1618 1329 1656 contra
1364 1626 1414 1655 ex
1449 1612 1612 1656 duobus
1649 1614 1789 1655 coniu-

157 1685 278 1741 gibus
313 1699 392 1728 nno
428 1690 584 1729 tantum
621 1685 672 1728 ad
708 1685 829 1727 iidem
875 1698 1094 1735 converso,
1128 1698 1270 1727 eorum
1318 1685 1627 1726 matrimonium
1672 1687 1790 1726 antea

157 1760 414 1800 contractum
450 1758 612 1799 etiamsi
647 1760 981 1799 consummatum
1008 1755 1179 1798 dissolvi
1206 1760 1336 1812 potest
1362 1768 1433 1810 per
1457 1754 1686 1810 legitimum
1715 1753 1792 1796 Pri-

161 1826 297 1882 vilegii
336 1826 491 1870 Paulini
538 1839 672 1879 usum,
707 1838 812 1883 quae
846 1830 907 1869 est
938 1825 1082 1868 divina
1126 1828 1339 1869 concessio
1373 1828 1410 1868 in
1448 1826 1633 1868 favorem
1680 1824 1790 1867 tidei.

156 1895 274 1949 Quod
312 1911 390 1940 non
429 1897 538 1940 valet
574 1899 685 1940 iuxta
719 1897 757 1940 S.
778 1897 896 1940 Sedis
929 1895 1234 1940 declarationes
1267 1897 1318 1939 de
1354 1897 1617 1939 matrimonio
1654 1894 1789 1937 valide

156 1973 369 2011 contracto
403 1982 498 2011 cum
536 1967 822 2024 impedimenti
857 1968 1165 2024 dispensatione
1209 1969 1315 2010 inter
1359 1966 1605 2023 baptizatum
1641 1970 1680 2009 et
1713 1978 1790 2008 non

160 2038 424 2095 baptizatum,
458 2039 567 2096 quod
605 2040 728 2082 t'uerit
759 2040 1119 2082 consummatione
1152 2038 1422 2094 completum.

277 2110 373 2152 402.
408 2113 570 2156 Favor
614 2112 749 2155 iuris.
792 2135 849 2140 ——
898 2107 997 2152 Can.
1044 2111 1169 2151 1014.
1215 2107 1535 2152 lllcitr·iniom'·2mz
1578 2112 1787 2163 sumptum

158 2183 380 2236 praecipue
416 2194 488 2237 pro
524 2181 691 2224 vinculo
730 2180 937 2235 coniugali
970 2178 1127 2237 glande!
1159 2178 1307 2237 favore
1339 2179 1448 2222 iuris
1483 2181 1520 2221 in
1555 2191 1709 2235 genere
1740 2191 1789 2220 ex

158 2256 269 2294 recta
305 2253 474 2306 ratione,
509 2252 580 2294 sed
617 2253 859 2307 praesertim
894 2263 1176 2294 ss0canonum
1211 2252 1466 2306 protectione
1499 2249 1635 2307 quoad
1670 2260 1787 2292 suam

158 2324 366 2378 propriam
393 2324 493 2365 iuris
515 2322 646 2365 divini
671 2320 962 2374 stabilitatem,
997 2334 1129 2378 quare
1152 2320 1286 2378 (addit
1309 2325 1614 2378 consequenter
1637 2318 1788 2375 canon)

158 2392 200 2435 in
233 2391 357 2435 dubio
390 2405 655 2449 quocumque
689 2393 790 2435 iuris
823 2396 893 2435 aut
933 2393 1042 2444 facti,
1075 2391 1147 2435 sed
1182 2391 1304 2435 huius
1342 2393 1562 2448 praecipue
1594 2388 1788 2433 standum

155 2469 217 2506 est
249 2465 287 2506 in
324 2468 498 2520 utroque
534 2464 620 2505 soro
655 2465 816 2506 interno
849 2475 897 2506 ac
930 2467 1102 2505 externo
1133 2475 1211 2520 pro
1244 2461 1387 2504 valore
1424 2460 1690 2504 matrimonii
1722 2472 1787 2502 ac-

155 2536 263 2590 cepti
284 2548 356 2590 pro
374 2535 677 2590 significatione
696 2537 934 2577 contractus
959 2532 1274 2576 matrimonialis
1293 2538 1417 2590 atque
1434 2533 1599 2589 sequuti
1621 2529 1788 2579 vinculi,

154 2604 283 2648 donee
315 2604 590 2657 contrarium,
623 2604 729 2647 idest
763 2603 929 2647 nullitas
965 2603 1109 2646 morali
1143 2616 1215 2646 seu
1251 2604 1424 2646 inridica
1469 2602 1679 2646 evidentia
1717 2615 1790 2657 pro

155 2677 230 2718 fori
257 2675 498 2718 diversitate
519 2674 719 2732 probetur
742 2676 999 2730 argumentis
1017 2676 1227 2730 positivis;
1250 2679 1287 2718 et
1309 2673 1408 2716 liaeo
1432 2685 1576 2716 norma
1600 2677 1661 2716 est
1678 2673 1789 2729 equi-

156 2746 250 2789 dem
290 2745 409 2788 valde
444 2745 638 2801 prudens,
673 2746 768 2801 quia
804 2744 952 2787 melius
985 2749 1045 2787 est
1076 2743 1191 2787 salva
1226 2745 1477 2787 conscientia
1512 2742 1714 2801 quosdam
1752 2744 1789 2784 in

273 2898 283 2919 ¹
313 2897 400 2931 Loc.
431 2897 495 2930 cit.
523 2908 555 2931 a.
590 2900 602 2930 1
633 2896 680 2930 ad
706 2898 767 2932 2¹³³.
