1971 3261
598 186 727 212 INDEX
752 186 946 213 CANONUM
972 187 1023 211 ET
1049 185 1331 212 COMMENTARH

150 354 383 390 Commissio
408 354 702 389 iurisdictionis
734 365 757 388 a
782 354 868 388 iure
902 353 975 388 sub
1014 354 1171 388 itineris
1210 353 1400 387 maritimi
1439 364 1525 388 con-

247 413 414 448 ditione.

152 472 448 507 Iurisdictionis
473 472 662 507 limitatio
689 472 857 507 relativa
883 483 930 506 ex
958 472 1042 506 iure
1074 497 1082 506 .

152 530 427 566 Absolutionis
452 530 632 565 formula.

152 589 411 633 Quandonam
436 594 498 624 est
523 589 721 624 absolutio
748 589 997 624 concedenda

153 648 454 684 Satisfactiones
484 648 751 694 iniungendae

152 707 335 743 Officium
360 707 537 742 ministri
564 708 605 742 in
632 707 841 742 audiendis
867 706 1182 742 confessionibus

152 767 210 802 De
236 766 373 812 sigillo
400 767 676 801 sacramentali
743 795 750 800 .

153 825 429 871 Obligationes
455 825 753 861 Ordinariorum
780 837 823 860 ac
861 826 1116 871 Superiorum
1154 825 1430 870 religiosorum
1457 823 1529 858 hac

247 885 293 920 de
320 896 437 920 causa

155 942 260 979 Usus
285 944 475 978 scientiae
501 955 549 978 ex
575 944 822 978 confessione
849 914 1009 978 babitae
1075 971 1081 976 .

153 1002 377 1038 Prohibitio
405 1003 658 1049 Superiorum
684 1002 941 1047 quorumdam
960 1003 1063 1037 circa
1079 1002 1326 1048 propriorum
1353 969 1527 1035 subdito-

247 1073 335 1096 rum
361 1062 637 1097 confessiones.

154 1120 357 1166 Obligatio
383 1121 567 1156 audiendi
597 1121 863 1156 confessiones

498 1264 636 1299 CAPUT
663 1264 714 1299 II.
744 1283 788 1290 -—
816 1265 870 1299 De
895 1263 1162 1299 reservatione
1188 1263 1452 1306 peccatorum.

155 1370 332 1406 Canones
358 1370 533 1405 893-900.

155 1429 332 1465 Schema.
362 1429 490 1474 Caput
516 1429 566 1464 II.
594 1429 651 1463 De
677 1428 945 1464 reservatione
972 1432 1222 1473 peccatorum

154 1489 367 1534 Inscriptio
394 1488 537 1533 capitis

155 1548 259 1584 Ordo
286 1559 484 1583 canonum
520 1575 527 1582 .

158 1608 329 1652 Quinam
354 1607 528 1642 habeant
553 1611 795 1652 potestatem
820 1606 1049 1642 reservandi
1068 1618 1194 1647 casus,
1215 1606 1336 1641 huius
1362 1617 1535 1641 reserva-

250 1667 377 1701 tionis
403 1667 515 1701 notio
540 1678 584 1701 ac
611 1666 757 1702 divisio

159 1726 273 1760 Aliae
298 1725 582 1760 reservationis
608 1737 773 1760 casuum
799 1725 1018 1760 divisiones
1083 1753 1089 1759 .

156 1784 368 1819 Peccatum
395 1784 432 1818 S.
460 1784 550 1818 Sedi
576 1788 823 1820 reservatum
860 1812 867 1819 .

159 1843 367 1878 Limitatio
393 1843 574 1878 exercitii
600 1844 814 1889 potestatis
839 1847 1001 1889 peccata
1026 1843 1254 1878 reservandi
1307 1870 1315 1877 .

160 1903 344 1938 Potestas
369 1902 598 1938 reservandi
624 1907 784 1948 peccata
810 1904 851 1938 in
877 1903 1072 1949 religione
1100 1902 1272 1937 clericali
1300 1908 1483 1947 exempta
1527 1928 1535 1936 .

155 1963 381 2006 Qualitates
407 1974 450 1997 ac
475 1973 664 1997 numerus
702 1962 1029 1998 reservandorum
1068 1966 1319 2007 peccatorum
1345 1965 1386 1996 et
1412 1972 1532 1996 reser-

255 2021 431 2057 vationis
456 2022 678 2067 permansio

160 2081 327 2116 Peccata
353 2091 432 2115 non
459 2080 696 2115 reservanda
752 2108 759 2114 .

160 2140 217 2175 De
243 2139 498 2175 notificandis
535 2139 876 2174 reservationibus
913 2142 954 2173 et
991 2138 1038 2173 de
1078 2138 1269 2173 facultate
1308 2137 1542 2173 absolvendi

261 2211 374 2235 casus
392 2199 438 2234 ab
467 2199 627 2233 homine
652 2202 873 2234 reservatos

162 2259 359 2294 Monitum
388 2270 456 2303 pro
482 2257 589 2293 Urbe
615 2257 729 2292 valde
756 2257 979 2292 notandum

161 2319 338 2354 Cessatio
353 2318 393 2352 in
410 2316 564 2351 casibus
579 2316 707 2362 quoad
722 2316 1031 2351 reservationem
1047 2316 1095 2351 ab
1111 2315 1333 2351 Ordinariis
1346 2319 1542 2350 statutam

403 2459 541 2494 CAPUT
567 2458 637 2493 III.
666 2478 710 2483 —-
738 2459 793 2493 De
819 2458 995 2494 subiecto
1021 2457 1257 2493 sacramenti
1283 2457 1564 2502 poenitentiae.

162 2566 340 2600 Canones
366 2564 539 2599 901-907.

161 2624 373 2669 Inscriptio
399 2623 541 2668 capitis
567 2627 607 2657 et
633 2622 729 2657 ordo
756 2633 952 2656 canonum
978 2649 985 2656 .

161 2682 393 2717 Subiectum
418 2693 467 2717 ex
492 2682 577 2716 iure
604 2681 744 2716 divino
771 2680 818 2715 ad
845 2680 1120 2726 poenitentiae
1155 2680 1393 2715 sacramenti
1420 2691 1547 2715 susce-

255 2742 433 2786 ptionem
458 2740 682 2786 obligatum

161 2800 391 2835 Subiectum
415 2804 663 2834 sacramento
697 2798 969 2843 poenitentiae
1008 2797 1195 2833 idoneum
1233 2798 1388 2832 ratione
1416 2809 1546 2842 pecca-

257 2863 402 2900 torum,
430 2857 497 2893 sed
523 2869 602 2892 non
633 2857 868 2902 obligatum.

163 2916 430 2952 Confessionis
455 2915 593 2950 modus
619 2915 747 2960 quoad
775 2916 1006 2961 interpretis
1033 2926 1150 2950 usum
1201 2942 1208 2949 .

1712 175 1781 210 747

1589 302 1668 325 CAN.
1706 303 1784 324 rAc.

1597 411 1667 446 883
1716 411 1786 446 236

1598 470 1669 505 884
1717 469 1788 505 238

1594 529 1664 563 885
1717 529 1784 562 241

1598 587 1668 622 886
1717 587 1787 621 243

1599 646 1667 681 887
1718 647 1787 680 214

1600 705 1670 740 888
1718 706 1788 739 246

1599 764 1670 799 889
1719 765 1788 800 247

1719 881 1789 915 250

1600 941 1671 975 890
1720 941 1787 975 351

1600 1060 1670 1093 891
1721 1059 1791 1093 252

1601 1120 1671 1153 892
1721 1118 1790 1153 253

1725 1368 1795 1401 254

1726 1427 1795 1460 255

1724 1546 1794 1580 256

1543 1693 1546 1697 ,
1609 1666 1679 1700 893
1754 1681 1766 1694 »

1729 1723 1799 1757 258

1610 1783 1680 1817 894
1729 1782 1799 1817 259

1611 1842 1682 1877 895
1730 1842 1800 1875 260

1610 1902 1681 1937 896
1731 1901 1796 1936 261

1611 2019 1681 2054 897
1731 2019 1801 2053 263

1610 2079 1682 2114 898
1731 2079 1801 2112 264

1612 2197 1683 2232 899
1733 2196 1803 2231 265

1733 2255 1802 2289 267

1616 2315 1686 2350 900
1761 2331 1773 2343 »

1736 2561 1805 2595 269

1614 2739 1681 2773 901

1613 2856 1683 2889 902
1734 2854 1805 2889 271

1619 2914 1688 2948 903
1739 2912 1808 2947 273
