1971 3261
189 153 258 187 448
589 153 674 186 [ΑΒ.
703 152 775 186 111.
804 172 815 177 -
843 152 953 187 PARS
978 153 1010 187 Ι.
1039 173 1051 178 -
1078 154 1135 188 De
1160 154 1424 189 Sacramentis
1628 155 1722 191 Can.
1749 157 1821 191 990

192 286 281 315 mus
317 274 353 313 in
389 284 477 315 can.
513 271 611 326 991,
706 271 746 324 2,
790 276 1094 328 consequenter
1142 273 1366 315 asserimus
1412 272 1651 329 ampliatam
1701 274 1824 317 fuisse

189 342 326 385 Conc.i
360 341 485 385 Tria}
521 344 809 398 exceptionem
845 342 896 385 de
935 355 1013 384 non
1053 342 1330 398 dispensanda
1363 342 1600 386 huiusmodi
1626 344 1824 401 irregula-

191 416 323 466 ritate,
358 411 400 468 b)
436 412 574 455 aliane
610 412 916 469 irregularitate
957 428 980 454 c<
1003 426 1051 456 ex
1086 413 1237 456 delicto
1270 412 1476 456 occulto»
1515 417 1633 457 cuius
1665 415 1826 471 dispen-

189 486 292 527 satio
342 485 417 526 tuit
463 496 587 540 supra
636 496 851 539 concessa,
886 496 1007 541 qnae,
1042 484 1091 527 ad
1127 484 1322 527 delictum
1368 485 1477 541 quod
1512 487 1670 537 attinet,
1703 486 1824 529 fuerit

188 553 369 597 (lerlecela
401 557 507 598 sicut
541 555 590 597 de
626 556 712 597 iure
747 567 883 611 praec.
909 555 984 597 fuit
1017 554 1268 608 explicatum
1304 554 1359 597 ad
1389 554 1529 612 sorum
1563 557 1652 599 sive
1685 569 1823 599 saecu-

190 625 274 668 lare
306 627 395 668 sive
429 624 771 679 ecclesiasticum,
794 629 855 668 ast
880 624 1098 679 iudiciale,
1123 638 1294 681 nempe:
1331 628 1368 668 in
1403 639 1484 683 quo
1518 626 1670 670 iudicia
1705 628 1822 679 fiunt,

189 709 295 752 quae
331 700 469 752 utpote
502 696 694 738 distincta
741 709 813 752 per
852 708 941 739 can.
980 696 1107 750 1552,
1140 694 1167 753 ἓ
1201 696 1224 738 ⁶2
1261 698 1298 738 in
1333 696 1636 739 eontentiosmn
1669 702 1708 740 et
1742 698 1822 740 cri-

188 766 358 817 minale,
398 780 472 810 nec
511 782 531 807 ((
554 767 630 810 sub
664 767 870 810 criminali
907 767 1059 810 iudicio
1082 783 1104 807 »
1132 767 1241 823 (can.
1270 767 1396 821 1933,
1420 769 1445 820 ἓ
1469 768 1512 824 1)
1536 768 1686 811 cadant
1714 784 1732 809 z(
1757 769 1822 811 de-

190 838 283 881 licta
320 837 535 894 plectenda
559 837 844 881 sanctionibus
871 837 1113 894 poenalibus
1136 838 1186 881 tle
1210 839 1361 895 quibus
1386 841 1422 880 in
1448 851 1537 881 can.
1558 840 1822 895 atos-2194,

187 911 376 966 sequitur
423 909 717 952 deductionem
766 909 905 952 delicti
945 922 1017 965 pro
1051 908 1287 952 huiusmodi
1337 909 1619 952 sanctionibus
1654 912 1823 954 minime

188 980 352 1023 obstare
386 979 566 1023 tacultati
602 979 867 1036 dispensandi
893 979 945 1023 ab
970 979 1348 1036 irregularitatibus
1373 993 1444 1036 per
1477 980 1587 1024 hunc
1621 993 1821 1024 canonem

186 1048 423 1095 Ordinariis
457 1063 695 1094 concessae.

307 1145 396 1180 Ante
424 1143 560 1179 Codicis
588 1145 740 1189 vigorem
767 1145 971 1180 confessarii
999 1145 1176 1190 regulares
1203 1150 1362 1192 poterant
1384 1145 1588 1192 dispensare
1608 1146 1824 1192 poenitentes

188 1203 225 1238 in
253 1203 418 1238 omnibus
446 1203 825 1248 i1·regularitatibus‚in
854 1204 982 1250 quibus
1009 1204 1167 1250 Episcopi
1195 1215 1275 1240 suos
1301 1204 1468 1246 subditos
1488 1216 1528 1240 ex
1556 1205 1735 1251 privilegio
1763 1205 1824 1240 Mi-

188 1263 296 1297 nimis
330 1262 457 1298 directe
491 1273 655 1298 concesso
681 1274 701 1298 a
728 1261 823 1298 Sixto
850 1262 906 1304 lv,
936 1268 1042 1309 atque
1066 1275 1086 1298 a
1113 1263 1199 1299 lulio
1226 1263 1251 1298 ll
1278 1263 1497 1305 confirmato,
1527 1275 1591 1299 nec
1625 1264 1660 1298 in
1699 1263 1824 1300 Codice

188 1326 357 1362 revocato,
376 1322 434 1357 sed
458 1332 516 1368 per
534 1322 890 1358 communicationem
920 1322 1181 1368 privilegiorum
1208 1323 1251 1358 ad
1278 1323 1364 1358 alios
1390 1322 1567 1368 regulares
1594 1323 1824 1358 confessarios

190 1381 286 1426 prius
312 1385 465 1416 extenso.
483 1401 524 1406 -—
543 1380 604 1415 Pro
622 1381 741 1417 eodem
762 1381 906 1427 insuper
934 1382 1178 1417 sacramentali
1208 1382 1279 1417 toro
1306 1381 1487 1417 Decretum
1515 1382 1623 1417 edidit
1642 1381 1676 1417 S.
1693 1381 1820 1425 Congr.

186 1439 221 1475 S.
251 1437 363 1475 Officii
381 1441 406 1483 1,
437 1439 471 1474 in
499 1451 567 1485 quo
594 1440 705 1486 primo
741 1445 953 1475 memoratur
990 1440 1084 1475 aliud
1124 1441 1277 1476 eiusdem
1307 1439 1432 1476 Sacrae
1458 1439 1650 1486 Supremae
1677 1440 1824 1485 Congr.S

189 1499 325 1534 iatum2
352 1499 442 1534 circa
469 1499 689 1544 elargiendas
716 1510 736 1534 a
763 1499 912 1546 simplici
943 1500 1154 1535 confessario
1185 1500 1422 1535 absolutiones
1456 1511 1685 1535 censurarum
1716 1511 1824 1535 reser-

188 1563 363 1599 vatarum,
391 1558 426 1592 in
454 1558 593 1593 casibus
633 1569 711 1594 vere
749 1559 1020 1604 urgentioribus
1050 1559 1177 1594 ibidem
1205 1570 1245 1594 ac
1273 1570 1332 1605 per
1360 1559 1429 1594 alia
1468 1561 1656 1605 posteriora
1685 1559 1825 1595 Decreta

184 1617 378 1662 explicatis,
405 1622 437 1652 et
462 1617 530 1652 alia
559 1618 730 1652 servanda
759 1617 1101 1663 praescribebantur.
1133 1617 1359 1653 Subinfertur
1384 1618 1505 1664 petitio
1531 1617 1657 1654 Sacrae
1683 1618 1825 1662 (longr.i

190 1680 345 1722 porrecta
365 1686 444 1711 «an
472 1676 572 1711 liceat
591 1674 812 1711 Confessario
839 1676 873 1710 in
906 1676 1029 1711 iisdem
1056 1676 1331 1712 circumstantiis
1357 1681 1462 1722 atque
1488 1677 1749 1712 conditionibus
1774 1676 1824 1711 di-

185 1746 353 1780 spensare
379 1734 423 1769 ab
450 1735 718 1780 irregularitate,
747 1746 835 1781 quae
864 1735 957 1781 ipsas
983 1746 1149 1771 censuras
1175 1736 1332 1781 sequitur
1352 1749 1385 1769 ».
1419 1757 1455 1760 -
1488 1735 1677 1781 Responsio
1707 1741 1822 1771 autem

189 1794 272 1829 t'uit:
306 1808 320 1825 «
344 1793 540 1829 Publicetur
569 1793 751 1829 Decretum
782 1794 890 1829 latum
922 1795 982 1829 fer.
1005 1793 1062 1835 lv,
1084 1794 1138 1829 die
1156 1792 1200 1829 28
1220 1794 1334 1830 Martii
1364 1793 1453 1829 1906
1476 1808 1506 1828 ».
1539 1794 1718 1830 Decretum
1747 1805 1825 1829 vero

189 1853 280 1888 istud
309 1853 355 1888 ita
381 1864 415 1888 se
442 1853 581 1888 habuit:
615 1868 629 1885 «
651 1852 929 1899 Supplicandum
952 1852 1054 1889 Ssmo
1082 1865 1141 1900 pro
1169 1854 1332 1889 facultate
1357 1854 1585 1900 dispensandi
1614 1865 1716 1900 super
1742 1854 1823 1889 irre—

184 1912 372 1957 gularitate
398 1912 533 1947 occulta
560 1913 700 1958 quando
727 1917 885 1948 occurrat
913 1914 947 1947 in
976 1912 1114 1948 casibus
1141 1913 1404 1959 comprehensis
1432 1913 1466 1947 in
1488 1912 1630 1948 Decreto
1649 1912 1685 1949 S.
1705 1911 1821 1949 Officii

186 1971 268 2006 (lato
294 1971 349 2006 die
375 1970 417 2005 -23
447 1971 522 2006 lun.
558 1970 645 2006 1886
667 1986 699 2006 υ.
730 1971 769 2006 Et
796 1971 994 2017 insequenti
1025 1971 1086 2007 fer.
1120 1971 1143 2006 V
1160 1973 1174 1994 3
1200 1971 1322 2007 Ssmus
1348 1972 1475 2007 annuit
1501 1983 1562 2018 pro
1588 1973 1699 2017 gratia
1730 1973 1822 2007 iuxta

189 2030 365 2065 Emorum.
399 2030 539 2065 Patrum
567 2031 744 2075 sutfragia.

311 2115 480 2170 Propter
513 2115 668 2157 decreti
704 2114 933 2157 clausulam
962 2116 1158 2170 petitione
1181 2113 1440 2170 ampliorem,
1467 2126 1541 2156 nec
1567 2112 1721 2156 redacti
1745 2111 1822 2155 hac

187 2187 406 2228 occasione
440 2186 509 2228 seil
545 2185 676 2228 solum
711 2185 935 2242 publicati;
968 2184 1091 2228 (lubia
1128 2186 1293 2228 fuerunt
1326 2189 1483 2238 exorta,
1517 2196 1623 2241 quae
1656 2185 1822 2226 omnino

187 2261 444 2299 evanescunt
479 2269 550 2312 per
583 2256 767 2299 eiusdem
805 2255 968 2299 Decreti
1004 2257 1364 2312 transcriptionem
1392 2260 1430 2298 et
1457 2254 1581 2298 verba
1607 2267 1712 2311 quae
1737 2255 1821 2297 sue-

190 2331 284 2370 runt
327 2327 511 2370 adhibita
558 2329 595 2369 in
630 2326 658 2384 ξ
692 2327 729 2369 ⁶2.
763 2326 924 2370 Eadem
968 2326 1155 2384 [αεῑιίίαε
1198 2326 1379 2370 scilicet:
1419 2325 1728 2382 «dispensandi
1772 2324 1823 2368 ab

190 2397 565 2453 irregularitatibus
589 2414 609 2439 »
639 2411 733 2441 cum
770 2397 1013 2440 limitatione
1045 2410 1092 2441 ac
1126 2397 1454 2453 exceptionibus,
1487 2408 1593 2454 quae
1626 2396 1721 2439 huic
1744 2393 1820 2440 Or-

186 2468 445 2511 (linariorum
493 2469 675 2511 facultati
720 2468 796 2512 sub
833 2468 875 2510 10
907 2467 953 2526 §⁰
989 2470 1117 2524 posita
1161 2473 1269 2522 sunt,
1305 2481 1383 2510 non
1420 2467 1592 2510 limitata
1636 2467 1684 2510 ad
1730 2479 1819 2510 eam

190 2544 347 2582 tantum
382 2552 487 2596 qnae
522 2542 687 2582 incursa
721 2540 843 2582 suerit
876 2539 927 2582 ob
961 2550 1161 2582 censurae
1202 2540 1396 2594 praeviae
1443 2537 1705 2581 violationem
1752 2550 1823 2594 per

187 2610 381 2653 ordinum
419 2612 745 2664 exsecutionem,
768 2612 874 2653 sicut
899 2612 936 2652 in
963 2608 1079 2652 Dec.⁰
1103 2608 1191 2652 cit.⁰
1210 2610 1350 2653 tuerat
1372 2608 1691 2665 expostulatum,
1717 2621 1821 2651 eom-

184 2680 292 2738 petit
326 2680 495 2723 cuilibet
529 2679 803 2738 confessario,
830 2693 929 2736 ergo
968 2693 1086 2736 «per
1118 2693 1161 2723 se
1184 2695 1205 2720 »
1245 2684 1403 2722 tantum
1436 2679 1663 2722 secundum
1699 2679 1821 2722 officii

188 2755 377 2794 naturam
414 2764 461 2794 ac
497 2752 534 2793 in
570 2764 642 2794 eos
675 2753 744 2808 qui
784 2749 1026 2794 «subditi»
1065 2755 1159 2793 sunt
1192 2752 1280 2793 eius
1321 2749 1612 2793 sacramentali
1657 2748 1821 2792 iurisdi-

307 2904 317 2924 ¹
345 2902 365 2935 6
394 2903 500 2947 Sept.
534 2903 634 2936 1909.
665 2922 707 2929 -
734 2903 747 2924 ²
775 2902 820 2935 23
849 2902 938 2936 Iun.
972 2901 1073 2936 1886.
1104 2921 1146 2927 —
1173 2902 1186 2923 3
1212 2902 1258 2935 29
1284 2901 1431 2935 Martii.
