1971 3261
483 189 694 223 Formulae
721 188 963 230 facultatum
990 190 1028 223 S.
1063 188 1102 223 C.
1131 189 1176 223 <Ie
1205 189 1246 222 P.
1278 189 1322 222 F.
1649 189 1718 224 725

91 306 294 343 caeremonia
321 305 431 341 civilis
458 306 616 353 nullaque
646 304 846 341 Maleumetis
873 306 1036 341 invocatio
1062 313 1119 341 aut
1146 306 1242 341 aliud
1267 307 1514 353 superstitionis
1539 319 1642 353 qeuus
1670 309 1720 343 in-

92 366 263 402 terveniat.
294 363 512 410 (Communis
540 365 779 401 Formularum
807 366 982 411 quatuor).

211 450 272 493 Ad
308 462 347 492 n.
382 449 449 492 21.
484 475 540 480 —
577 447 709 492 Verba
744 448 833 491 illa:
859 465 879 489 (s
903 452 1081 493 servatis
1113 449 1420 494 conditionibus
1452 450 1503 494 ab
1538 450 1721 494 Ecclesia

93 522 398 578 praescriptis...
424 524 547 563 etc....
575 533 704 576 usque
727 519 775 561 ad
802 519 924 564 alia...
949 533 1195 564 consensum
1234 523 1526 576 praestandum
1569 521 1631 564 rel
1660 536 1720 564 re-

94 591 332 635 novandum
357 606 377 631 »
405 593 645 646 exprimunt
680 593 946 633 monitionem
982 591 1033 634 de
1066 591 1331 635 observantia
1355 605 1445 635 can.
1474 592 1721 635 teet-1063

91 667 131 706 et
155 677 174 703 c<
198 675 303 719 quae
326 662 377 705 de
403 663 542 705 mixtis
561 664 713 718 nuptiis
733 664 983 719 praescripta
1010 663 1207 719 applicari
1232 676 1397 721 quoque
1416 663 1569 706 dehent
1588 666 1724 706 matri-

92 735 241 776 moniis
259 732 409 790 quibus
431 731 566 776 obstat
589 733 933 789 impedimentum
953 734 1208 789 disparitatis
1230 734 1366 777 cultus
1390 750 1408 775 »
1437 734 1546 790 (can.
1577 733 1720 791 1071).

93 804 248 848 Horum
284 816 489 847 canonum
524 803 705 860 amplam
742 806 1121 861 interpretationem
1149 804 1202 847 ibi
1231 807 1416 862 requiras
1449 817 1616 862 quaeso,
1640 807 1723 848 ani-

93 876 394 920 madvertendo
426 878 640 920 cautiones
684 875 735 920 ibi
783 878 1058 933 praescriptas
1090 876 1139 919 ad
1175 877 1494 932 dispensationis
1535 876 1721 919 validita-

92 952 172 990 tem
206 960 331 1004 super
364 947 662 1002 impedimento
711 947 964 1003 disparitatis
1011 946 1146 990 cultus
1193 960 1282 990 esse
1317 949 1587 1000 necessarias,
1617 950 1725 990 sicut

90 1018 319 1062 declaravit
343 1018 379 1061 S.
406 1016 557 1074 Congr.
577 1018 614 1061 S.
634 1015 787 1071 Officii,
813 1023 853 1061 ut
881 1018 1011 1061 videri
1048 1023 1178 1074 potest
1213 1020 1250 1060 in
1286 1031 1378 1075 pag.
1404 1018 1501 1061 588.
1526 1017 1556 1061 E
1580 1023 1722 1061 contra

92 1102 170 1132 non
206 1089 383 1145 idipsum
420 1093 552 1145 potest
576 1091 702 1132 asseri
727 1089 779 1132 de
802 1088 985 1132 clausula
1019 1094 1218 1146 sequente
1241 1089 1289 1132 ad
1318 1088 1534 1132 Formulae
1571 1088 1720 1132 verba:

95 1172 271 1216 «eaque
314 1159 406 1216 lege
441 1164 483 1203 ut
506 1176 590 1216 »‚...
622 1162 717 1217 quia
764 1160 827 1203 lex
874 1162 947 1203 ista
992 1173 1071 1203 non
1116 1164 1177 1203 est
1221 1173 1293 1216 pro
1336 1159 1616 1216 dispensante,
1651 1160 1721 1203 scd

93 1233 131 1273 vi
166 1232 336 1274 canonis
373 1231 497 1285 ¹063,
532 1233 556 1284 ἐ
594 1232 607 1273 l
649 1231 774 1275 afficit
813 1246 832 1271 (t
856 1233 1056 1287 coniuges
1079 1246 1119 1284 »,
1153 1235 1277 1288 atque
1316 1230 1567 1287 «parochus
1591 1247 1611 1271 ))
1661 1230 1722 1274 vel

92 1301 239 1345 melius
277 1317 298 1342 ι(
323 1303 608 1345 missionarius
631 1317 650 1343 ))
689 1307 829 1345 servet
866 1304 891 1356 g
930 1302 967 1356 2,
1012 1303 1243 1345 «consulto
1293 1304 1406 1357 prius
1451 1298 1676 1345 Ordinario
1701 1317 1720 1343 J)

89 1374 122 1416 si
157 1373 244 1416 fieri
281 1374 421 1429 possit.

213 1444 309 1488 Pars
341 1449 546 1500 postrema
589 1446 773 1488 continet
818 1446 1077 1499 monitiones,
1114 1449 1157 1487 ut.
1187 1445 1416 1488 secundum
1459 1443 1722 1501 prudentiam

89 1518 178 1559 sine
211 1517 312 1559 iuris
344 1515 475 1559 divini
511 1515 691 1558 laesione
726 1520 864 1558 utatur
886 1512 1137 1559 Ordinarius
1169 1519 1240 1558 aut
1272 1515 1568 1572 subdelegatus
1602 1515 1725 1558 facul-

89 1589 171 1630 tate
205 1585 470 1643 dispensandi
504 1599 630 1642 super
663 1586 962 1642 impedimento
996 1586 1251 1642 disparitatis
1284 1585 1433 1639 cultus,
1468 1601 1488 1626 «
1510 1588 1541 1627 si
1578 1591 1726 1642 agatur

88 1657 140 1701 de
173 1659 449 1700 matrimoniis
482 1660 519 1709 (a
559 1656 775 1700 catholicis
820 1659 1005 1714 personis
1047 1656 1361 1714 contrahendis)
1395 1670 1490 1700 cum
1535 1655 1727 1700 hebraeis

93 1728 155 1772 vel
203 1727 570 1781 mahumetanis»,
602 1732 666 1782 <ac
709 1729 832 1772 dicit:
877 1733 990 1782 tunc)
1024 1728 1223 1785 peculiari
1275 1730 1433 1771 ratione
1482 1732 1643 1784 oportet
1682 1732 1727 1770 ut

90 1801 130 1852 (ι)
163 1803 322 1842 constet
355 1798 406 1841 de
438 1802 569 1842 status
603 1798 794 1842 libertate
826 1798 865 1855 (a
904 1798 1070 1842 vinculo
1104 1797 1332 1855 coniugali)
1369 1800 1495 1854 partis
1534 1797 1725 1852 intidelis,

88 1869 312 1927 (praecise)
345 1869 396 1912 ad
430 1870 734 1913 removendum
769 1869 1000 1926 periculum
1037 1869 1301 1926 polygamiae
1324 1868 1619 1921 (incurrendae
1655 1882 1727 1925 per

89 1953 330 1984 concessum
368 1942 695 1991 matrimonium,
719 1952 740 1983 a
764 1953 844 1998 qua
880 1941 1080 1997 praedicti
1117 1954 1194 1982 non
1229 1939 1470 1995 abhorrent,
1495 1939 1726 1996 eademque

90 2011 141 2054 de
163 2023 287 2054 causa
321 2013 503 2067 ipsorum
531 2010 762 2067 religionis)
786 2011 825 2067 b)
850 2010 955 2054 absit
981 2010 1213 2066 periculum
1239 2011 1571 2054 circumcisionis
1601 2009 1727 2065 prolis

89 2081 375 2139 (sequuturae,
408 2081 533 2138 idque
566 2081 965 2137 deprehendendum
1012 2081 1240 2137 prudenter
1271 2095 1320 2123 ex
1356 2079 1724 2136 circumstantiis);

89 2152 124 2208 c)
155 2156 195 2195 et
225 2154 256 2195 si
291 2151 430 2195 civilis
461 2156 578 2196 actus
609 2154 660 2195 sit
695 2152 900 2195 ineundus
933 2153 1120 2208 (propter
1143 2153 1296 2208 patrias
1320 2151 1462 2208 leges),
1481 2152 1532 2194 sit
1567 2155 1726 2193 tantum

89 2224 350 2266 caeremonia
385 2222 523 2266 civilis
556 2222 751 2280 nullaque
776 2222 1024 2266 Mahumetis
1059 2224 1267 2265 invocatio
1290 2227 1359 2265 aut
1384 2221 1495 2265 aliud
1527 2222 1724 2277 supersti-

89 2295 212 2337 tionis
244 2306 375 2350 genus
407 2293 466 2351 (in
501 2293 701 2337 alterutro
743 2299 959 2337 contractu
996 2293 1058 2336 vel
1095 2295 1224 2349 ipsius
1271 2291 1509 2341 occasione)
1545 2295 1724 2335 interre-

89 2366 237 2419 niat»,
272 2369 392 2421 prout
427 2365 662 2421 praevideri
699 2369 843 2421 potest.
877 2364 1005 2408 Secus
1036 2363 1181 2407 saltem
1218 2366 1405 2420 graviter
1445 2363 1585 2406 illicita
1621 2368 1727 2406 esset

89 2435 356 2491 dispensatio,
390 2448 437 2479 ac
470 2441 584 2479 certo
617 2441 677 2479 est
711 2435 955 2492 deneganda
993 2440 1160 2492 propter
1193 2448 1347 2492 urgens
1382 2437 1443 2478 ius
1475 2435 1681 2478 divinum.

209 2538 228 2556 '³‘
246 2540 302 2575 22.
320 2539 471 2576 Sanandi
498 2541 529 2576 ivn
558 2541 679 2582 radice,
697 2541 793 2576 iuxta
811 2541 949 2586 regulas
971 2541 1005 2575 in
1027 2540 1153 2577 Codice
1179 2551 1200 2575 a
1221 2538 1309 2576 Can.
1342 2539 1430 2575 1133
1458 2540 1501 2575 3(1
1529 2539 1617 2575 Can.
1641 2539 1724 2574 1141

88 2604 249 2641 statutas,
279 2600 504 2636 matrimonia
528 2601 572 2636 ob
598 2600 741 2646 aliquod
778 2600 1086 2646 impedimentum,
1113 2600 1155 2635 de
1188 2611 1257 2645 quo
1291 2611 1398 2645 supra
1434 2598 1471 2634 N.
1499 2599 1557 2641 21,
1588 2599 1730 2634 nulliter

88 2662 278 2694 contracta.
306 2659 406 2703 Quod
442 2670 522 2695 vero
554 2660 681 2695 attinet
710 2660 752 2695 ad
782 2660 888 2706 prolis
922 2659 1227 2704 legitimationem,
1255 2658 1470 2695 Ordinarius
1507 2669 1586 2704 prae
1620 2658 1730 2693 oculis

90 2716 216 2752 habeat
234 2715 318 2752 Can.
342 2716 442 2753 1051.
466 2718 689 2761 (Communis
715 2719 872 2764 quinque
892 2718 1147 2758 Formularum,
1168 2723 1301 2753 mutato
1319 2718 1431 2763 quoad
1454 2717 1602 2763 primam
1624 2715 1662 2751 N.
1683 2716 1725 2750 21

90 2777 127 2810 in
147 2775 185 2811 N.
203 2775 224 2810 8
242 2777 360 2812 statim
387 2777 695 2813 transcribendum
714 2789 753 2813 ex
775 2777 885 2813 Form.
908 2778 1033 2823 prima.
1054 2777 1138 2813 Vide
1163 2777 1435 2813 declarationem
1465 2778 1497 2811 in
1529 2788 1604 2822 pag.
1628 2775 1725 2817 702).

210 2860 317 2903 Ante
348 2873 385 2903 n.
422 2860 489 2904 22.
525 2886 579 2893 -
615 2862 655 2903 in
690 2860 883 2904 Formula
930 2863 1063 2917 prima
1104 2861 1192 2904 loco
1229 2860 1356 2903 num.i
1391 2860 1436 2903 21
1481 2862 1635 2916 positus
1668 2864 1729 2903 est

90 2943 269 2989 sequens
293 2944 404 2975 num.
435 2946 455 2971 «
480 2931 518 2974 8.
555 2931 842 2988 Dispensandi,
868 2933 1080 2975 canonicis
1103 2930 1378 2974 existentibus
1401 2933 1536 2974 causis
1560 2930 1604 2987 (<‹
1628 2930 1728 2973 alias
