1971 3261
139 165 234 201 Can.
260 163 331 199 903
665 162 749 196 Trr.
779 163 844 196 IV.
875 183 888 188 -
913 163 969 198 De
996 165 1237 199 Poemtentia
1696 165 1765 199 273

1655 222 1765 231 4——

261 282 358 325 ⁶232.
394 282 733 328 Confessionis
766 285 941 327 modus
990 286 1153 339 quoad
1198 286 1479 340 interpretis
1522 298 1672 330 usum.
1709 311 1764 315 —

137 354 176 398 S.
211 351 361 409 Congr.
396 352 447 396 de
473 353 589 408 Prop.
615 351 713 395 Fide
738 352 750 374 ²
776 352 1022 408 approbavit
1047 358 1084 396 et
1121 356 1382 397 contirmaxit
1417 355 1628 398 decretum
1656 355 1764 398 theo·

141 424 328 481 togorum
362 422 414 467 ab
439 425 522 480 ipsa
547 423 837 479 deputatorum
864 424 913 465 ad
940 425 1262 468 examimlndum
1303 425 1473 468 dubium
1510 438 1530 468 a
1574 424 1655 468 Vic.
1694 427 1763 469 l'a·

140 494 349 538 triarcbali
382 493 834 549 Constautinopolitano
870 497 1122 550 propositum
1158 495 1208 538 dc
1242 497 1503 539 (jont'essionc
1539 510 1609 552 por
1640 499 1762 540 inter-

140 571 314 623 pretem,
349 578 518 621 nempe:
559 562 806 617 «Quamvis
840 564 1122 607 docentcsac.
1159 565 1269 608 Trid.
1304 567 1470 622 ⁸*inodo
1497 567 1605 609 millo
1629 570 1678 610 sit
1703 569 1762 610 ‹li-

143 641 237 681 vino
273 640 492 694 praecepto
528 635 784 690 mandatum,
819 649 893 678 nec
928 638 1026 679 satis
1063 637 1248 679 consulto
1296 637 1383 693 lege
1412 638 1548 694 aliqua
1586 638 1761 681 bumana

141 710 322 766 praecipi
373 709 499 763 possit
533 711 573 750 ut
607 706 772 754 delicta,
808 709 1050 762 praesertim
1101 713 1273 759 secreta,
1314 708 1475 763 publica
1511 711 1764 753 confossione

137 782 394 836 aperiantur,
427 783 562 821 tamen
602 780 732 820 visum
767 782 825 820 est
863 777 1050 821 Patribus
1084 778 1303 834 deputatis,
1328 780 1460 821 cidem
1497 782 1562 822 55.
1599 782 1764 836 §inodo

140 849 464 900 inhaerentibus,
499 862 568 891 eos
601 851 668 906 qui
709 848 844 891 volent
869 856 1013 904 sponte
1049 862 1119 903 per
1155 851 1420 905 interpretem
1447 852 1649 903 contiteri,
1690 865 1764 895 nec

138 921 259 965 aliter
293 924 474 976 possunt,
509 932 587 962 uon
621 918 775 962 debere
811 932 882 974 per
919 917 1126 961 Vicarium
1165 919 1482 963 l'atriarclialem
1531 921 1763 976 prohiberi,

138 994 204 1035 cui
239 991 415 1034 sufficiet
449 1002 701 1046 praecavere
734 989 888 1033 abusus
912 995 950 1032 et
974 990 1184 1039 scandala,
1210 995 1245 1032 et
1273 1004 1419 1033 curare
1446 996 1484 1033 ut
1522 994 1766 1047 interpretes

138 1063 443 1106 admoneantur
476 1061 527 1104 de
561 1061 813 1116 obligatione
846 1061 895 1104 ad
931 1060 1241 1103 observantiam
1276 1064 1485 1104 secreti».

261 1132 347 1176 Hoc
371 1132 584 1175 decretum
611 1134 649 1174 in
675 1130 868 1175 omnibus
891 1134 979 1174 eius
1003 1131 1419 1175 determinationibus
1437 1136 1671 1176 continetur
1694 1134 1767 1176 sal-

140 1209 221 1248 tem
258 1203 456 1260 implicite
481 1207 523 1246 ut
545 1202 752 1259 generalis
777 1202 839 1245 lex
867 1205 903 1245 in
944 1216 1035 1247 can.
1060 1204 1168 1245 903.
1198 1202 1280 1255 Qui
1304 1202 1431 1245 aliter
1465 1204 1653 1259 confiteri
1687 1219 1764 1247 mm

138 1280 330 1334 possunt,
355 1274 535 1317 scilicet:
559 1278 727 1317 servato
754 1274 874 1317 modo
900 1288 972 1330 per
995 1288 1080 1330 seq.
1106 1274 1388 1316 delinitiouem
1415 1275 1536 1318 (jonc.
1563 1275 1672 1319 Trid.
1697 1290 1767 1331 ap-

144 1345 313 1403 probato
337 1347 365 1390 2;
390 1361 410 1386 <c
429 1346 468 1388 Si
492 1347 626 1403 quis...
650 1345 803 1388 dixerit
827 1345 996 1388 modum
1020 1350 1176 1388 secrete
1201 1345 1421 1387 contitendi
1447 1346 1519 1387 soti
1550 1347 1769 1401 sacerdoti,

140 1430 266 1476 quem
306 1416 489 1460 Ecclesia
527 1415 730 1460 catholica
769 1416 821 1460 ab
855 1418 970 1459 initio
1003 1429 1167 1472 semper
1200 1415 1454 1470 observarit,
1490 1422 1525 1459 ct
1561 1417 1769 1471 observat,

141 1488 323 1532 alienum
357 1500 446 1530 esse
480 1487 531 1530 ab
565 1489 833 1536 institutione,
859 1492 897 1530 et
933 1487 1126 1530 mandato
1159 1486 1323 1539 Christi,
1359 1492 1394 1529 et
1433 1489 1644 1530 inventum
1681 1502 1768 1531 esse

142 1558 383 1613 humanum,
417 1557 635 1601 anathema
669 1560 781 1600 sit».
817 1557 896 1612 Qui
949 1559 1120 1614 proinde
1165 1558 1311 1600 modus
1352 1571 1472 1600 manu
1524 1563 1686 1602 tenetur
1730 1561 1766 1601 in

139 1642 311 1677 canone,
348 1631 421 1672 nisi
456 1629 589 1672 obstet
624 1628 931 1685 impossibilitas
966 1629 1135 1685 physica
1164 1628 1226 1671 vet
1253 1629 1420 1671 moratis
1457 1643 1492 1671 v.
1529 1644 1589 1685 gr.
1615 1629 1666 1673 ob
1701 1643 1768 1672 ne-

138 1702 354 1743 scientiam
390 1701 428 1742 in
453 1701 705 1743 confessario
729 1700 780 1743 de
815 1700 1009 1743 idiomate
1035 1703 1280 1756 poenitentis
1303 1705 1426 1757 atque
1464 1703 1659 1745 vicissim.
1695 1715 1768 1743 uec

141 1773 308 1814 tertium
345 1771 497 1814 idioma
523 1774 708 1828 utrisque
732 1776 873 1813 notum
898 1773 961 1825 sit,
987 1771 1156 1815 absente
1180 1771 1308 1813 altero
1332 1773 1583 1814 confessario
1607 1776 1675 1814 aut
1699 1774 1767 1828 qui

140 1843 247 1885 adiri
272 1847 447 1899 nequeat
470 1844 543 1885 nisi
563 1855 658 1885 cum
684 1842 947 1885 incommodo
975 1856 1071 1885 vere
1089 1845 1222 1897 gravi,
1247 1842 1307 1885 rel
1331 1847 1467 1885 mutus
1486 1844 1535 1884 sit
1557 1845 1769 1898 poenitens

142 1915 213 1970 qui
247 1918 404 1956 tantum
438 1915 567 1969 signis
599 1926 621 1956 a
645 1914 900 1956 confessario
929 1915 1079 1969 ignotis
1101 1926 1216 1955 suam
1257 1915 1552 1955 conscientiam
1591 1913 1770 1969 pandere

144 1987 283 2040 possit,
318 1984 516 2040 praedicti
552 1997 652 2040 ergo
684 1983 761 2027 sub
792 1984 975 2028 clausula
1011 1983 1193 2039 generali
1238 1998 1314 2026 ηοη
1348 1982 1641 2041 prohibentur,
1675 1996 1767 2026 nam

145 2060 188 2099 ut
210 2057 267 2099 ait
288 2053 411 2099 Conc.
436 2054 546 2098 Trid.
583 2056 620 2098 3:
661 2071 682 2096 «
706 2055 840 2113 quoad
869 2056 1035 2098 modum
1061 2055 1283 2097 contitendi
1307 2060 1466 2097 secreto
1489 2055 1597 2110 apud
1637 2055 1768 2097 sotum

142 2126 418 2179 sacerdotem,
453 2128 527 2169 etsi
560 2125 748 2169 Christus
788 2139 867 2169 non
910 2129 1101 2171 reluerit.
1137 2127 1234 2182 quin
1271 2124 1421 2182 aliquis
1455 2127 1492 2167 in
1547 2125 1770 2168 vindictam

142 2210 312 2240 suorum
346 2196 567 2250 scelerum,
601 2201 639 2240 et
667 2199 728 2240 sui
755 2196 1098 2249 humiliationem,
1123 2209 1216 2239 cum
1242 2195 1293 2239 ob
1317 2196 1491 2239 aliorum
1516 2195 1769 2252 exemplum,

144 2272 230 2311 tum
265 2267 317 2312 ob
350 2267 559 2312 Ecclesiae
592 2269 772 2311 otl'ensae
805 2269 1152 2318 aedificationem,
1187 2267 1335 2310 delicta
1369 2279 1441 2309 sua
1478 2266 1639 2323 publice
1672 2281 1768 2310 con-

146 2340 249 2393 titeri
287 2341 436 2395 possit:
471 2353 549 2383 non
584 2344 643 2382 est
679 2344 815 2383 tamen
860 2339 935 2382 hoc
969 2339 1111 2381 divino
1145 2342 1365 2394 praecepto
1406 2338 1660 2394 mandatum,
1695 2351 1768 2381 nec

143 2412 242 2454 satis
274 2410 462 2454 consulte
496 2410 675 2454 humana
710 2410 845 2468 aliqua
897 2410 985 2466 lege
1020 2412 1342 2465 praeciperetur,
1379 2414 1418 2452 ut
1454 2409 1618 2463 delicta,
1654 2422 1769 2465 prae-

141 2483 284 2525 sertim
317 2486 491 2535 secreta,
526 2481 689 2538 publica
723 2487 857 2524 essent
893 2482 1148 2524 confessione
1182 2480 1468 2536 aperienda»,
1515 2481 1623 2523 unde
1659 2485 1769 2523 recte

143 2547 409 2611 subiungitur
441 2554 479 2595 in
514 2565 694 2596 canone:
729 2553 767 2595 si
802 2551 941 2605 velint,
977 2559 1061 2594 tum
1096 2551 1146 2594 ad
1181 2552 1482 2595 confessionem
1515 2551 1566 2594 ob
1606 2563 1770 2607 praece·

146 2627 259 2680 ptum
295 2623 591 2680 peragendam,
625 2628 711 2666 tum
760 2625 846 2666 sine
882 2627 1123 2678 praecepto;
1158 2627 1195 2665 et
1230 2625 1424 2679 quamvis
1458 2621 1556 2665 illud
1609 2634 1771 2678 praece-

145 2699 261 2750 ptum
294 2694 482 2738 divinum
517 2696 581 2746 sit,
615 2708 709 2738 cum
750 2694 826 2737 hoc
857 2696 894 2736 in
919 2707 1015 2737 casu
1040 2692 1091 2737 ob
1115 2692 1226 2736 illam
1251 2695 1535 2749 impotentiam
1561 2693 1767 2736 sufficeret

143 2764 195 2808 ad
250 2765 530 2822 recipiendam
580 2765 880 2809 absolutionem
930 2766 1144 2820 integritas
1190 2763 1386 2812 formalis,
1435 2763 1645 2807 declarato
1699 2776 1770 2819 per

263 2871 274 2893 ¹
303 2869 344 2905 G.
387 2870 432 2906 Gr.
467 2872 488 2905 6
520 2871 628 2915 Sept.
666 2870 769 2911 1630,
812 2881 943 2905 coram
982 2869 1106 2903 Ssmo.
1147 2889 1193 2894 —
1226 2869 1238 2890 ²
1274 2869 1375 2903 Sess.
1405 2868 1512 2906 XIV.
1542 2879 1624 2902 can.
1652 2868 1685 2901 6.
1729 2888 1769 2893 ——

143 2918 159 2940 3
185 2917 286 2953 Sess.
315 2918 420 2959 XIV,
448 2929 530 2962 cap.
559 2919 592 2952 5.

228 2996 326 3024 BLAT
348 3011 367 3018 -
392 2996 514 3025 Comm.
543 2996 627 3025 Text.
653 2995 728 3025 Cod.
753 2995 825 3024 Iur.
852 2995 932 3024 Can.
1651 2993 1687 3021 18
