1971 3261
216 179 284 212 552
616 177 701 211 Liss.
726 176 798 211 ΠΙ.
825 197 837 202 -
864 176 975 211 PARS
999 177 1030 211 1.
1057 196 1069 202 -
1095 177 1153 212 De
1178 177 1444 213 Sacramentis
1517 177 1610 214 Can.
1637 179 1845 215 1055-1056

220 302 401 354 tempore
432 295 692 338 exsecutioni
728 295 871 338 danda
891 301 952 338 est
969 294 1308 352 dispensatio,a)
1325 295 1473 339 relicto
1492 295 1612 340 illius
1630 297 1846 352 dioecesis,

217 379 385 422 nempe:
424 381 445 407 <c
468 363 679 410 Ordinarii
703 381 725 406 ))
762 365 813 409 de
846 378 927 422 quo
959 378 1097 422 supra,
1130 365 1344 410 domicilio
1376 372 1453 415 aut
1473 361 1846 425 quasi-domicilio,

217 437 326 494 quod
346 436 591 480 alterutrum
618 436 816 492 implicite
834 438 1033 480 asseritur
1049 450 1294 493 sponsorum
1314 436 1459 480 saltem
1487 451 1615 481 unum
1641 437 1849 494 habuisse,

218 510 307 550 sive
331 506 569 564 parochiale
592 509 681 550 sive
704 507 1013 560 dioecesanum,
1038 506 1080 563 b)
1105 506 1148 549 in
1172 506 1302 550 ati'am
1327 506 1552 552 dioecesim
1577 507 1850 552 discesserint

220 591 302 636 non·
334 577 517 635 auzptiics
550 577 763 620 reversuri
795 577 846 621 ad
882 579 1076 634 priorem,
1109 580 1215 621 sicut
1239 580 1466 635 requiritur
1498 579 1547 622 ad
1573 580 1849 623 amittendum

221 650 310 691 iure
344 648 457 691 illud.

338 718 565 776 Hucusque
599 718 650 761 de
684 720 872 775 rescripti
907 720 1229 774 exsequutione3
1254 724 1521 775 praeceptum
1547 724 1685 763 autem
1710 720 1852 763 adiun-

220 793 343 847 gitur,
378 791 410 832 si
444 802 565 833 casus
599 790 714 843 ferat,
757 788 1082 843 observandum,
1126 802 1205 832 non
1246 791 1328 832 iam
1376 806 1398 830 c<
1420 791 1453 833 si
1488 789 1526 832 id
1561 790 1762 846 expedire
1796 792 1852 833 iu-

220 861 424 904 dicaverit
446 875 468 900 »
505 857 754 904 Ordinarius
788 861 1033 916 rescriptum
1079 872 1325 916 exsequens,
1369 865 1412 903 ut
1445 859 1661 915 legebatur
1695 862 1732 903 in
1767 863 1852 905 cit.s

221 931 325 986 litt.⁸,
374 930 531 973 monito
580 935 719 972 tamen
766 928 1000 973 Ordinario
1049 929 1130 973 loci
1177 929 1221 973 in
1269 943 1347 987 quo
1398 930 1714 973 matrimonium
1757 944 1850 974 coiz-

222 1000 392 1044 trahere
439 1000 612 1058 eupiunt
659 999 711 1043 ab
763 1000 1060 1057 impedimento
1110 1014 1182 1057 per
1215 1000 1295 1044 tale
1330 1003 1576 1057 rescriptum
1611 1002 1853 1058 dispensati,

220 1072 571 1129 quandocumque
605 1071 673 1113 ille
708 1071 822 1114 locus
855 1070 906 1114 ab
938 1073 1204 1128 exsequentis
1237 1071 1326 1115 loco
1359 1071 1553 1115 diversus
1575 1074 1641 1115 sit.
1666 1098 1719 1102 —
1743 1071 1854 1116 Finis

221 1142 452 1186 litterarum
486 1143 524 1186 S.
558 1140 725 1198 Congu·
756 1147 865 1185 erat:
906 1157 926 1182 ((
949 1141 997 1185 Et
1045 1142 1228 1197 demum,
1276 1139 1500 1186 Ordinario
1551 1142 1762 1198 praedicto
1795 1144 1854 1186 sas

222 1218 295 1268 est,
330 1214 361 1256 si
397 1215 450 1256 ita
484 1225 649 1270 quoque
682 1213 880 1269 expedire
915 1214 1176 1267 iudicaverit,
1211 1213 1260 1256 ad
1295 1213 1614 1270 dispensationis
1647 1216 1855 1257 executio-

222 1297 314 1327 nem
349 1283 544 1340 delegare
576 1283 701 1327 alium
738 1281 1023 1337 Ordinarium,
1058 1296 1152 1327 eum
1183 1286 1442 1341 praesertim,
1477 1286 1514 1326 in
1534 1286 1652 1328 cuius
1675 1284 1852 1328 dioecesi

222 1357 360 1412 sponsi
394 1361 487 1398 actu
522 1354 742 1410 degunt».
776 1354 890 1398 Haec
932 1360 1027 1398 sunt
1069 1357 1234 1401 omissa.
1278 1368 1326 1398 eo
1360 1355 1468 1412 quod
1503 1355 1679 1411 amplior
1715 1360 1775 1398 est
1807 1355 1852 1398 li-

223 1425 362 1469 bertas
384 1425 519 1483 quoad
546 1424 652 1468 hanc
675 1425 978 1482 delegationem
1004 1425 1200 1469 attributa
1219 1439 1268 1469 cx
1289 1439 1431 1469 norma
1452 1426 1635 1482 generali
1659 1431 1767 1470 can·
1785 1426 1852 1482 57,

223 1499 247 1550 ἓ
282 1497 316 1541 1.’
356 1512 378 1536 «
401 1495 711 1552 Rescriptorum
748 1496 1145 1553 (quorumcumque)
1191 1501 1411 1540 exsecutor
1457 1501 1587 1553 potest
1619 1496 1745 1540 alium
1781 1509 1853 1553 pro

223 1580 297 1610 suo
323 1567 512 1623 prudenti
538 1565 709 1610 arbitrio
732 1566 808 1610 sibi
833 1566 1099 1619 substituere,
1123 1569 1198 1610 nisi
1223 1566 1460 1611 substitutio
1485 1566 1689 1624 prohibita
1717 1569 1853 1623 fuerit,

223 1643 293 1681 aut
325 1637 535 1681 substituti
569 1650 743 1693 persona
780 1639 998 1693 praefinita
1025 1654 1064 1680 ³).

344 1708 441 1750 450.
465 1709 540 1754 De
562 1711 1020 1765 dispensationibus
1038 1711 1482 1756 matrimonialibus
1504 1712 1663 1766 gratis
1683 1724 1854 1756 conce-

224 1781 413 1826 dendis.
434 1805 485 1808 —
505 1777 628 1822 Conc.
653 1778 762 1824 Trid.
791 1780 801 1801 1
829 1779 1039 1823 decrevit:
1066 1796 1085 1820 «
1103 1779 1145 1822 ln
1166 1779 1460 1823 contrahendis
1480 1783 1769 1834 matrimoniis,
1789 1779 1853 1823 vel

225 1849 335 1893 nulla
370 1851 536 1892 omniuo
570 1849 692 1892 detur
724 1850 990 1906 dispensatio,
1027 1850 1089 1893 vel
1126 1863 1232 1905 raro,
1272 1851 1396 1907 idque
1428 1864 1476 1894 ex
1503 1863 1640 1905 causa,
1666 1856 1705 1894 et
1727 1853 1855 1908 gratis

225 1919 541 1963 concedatur».
581 1918 630 1962 Et
670 1919 746 1963 hoc
791 1919 981 1963 ultimum
1026 1933 1193 1964 necesse
1236 1926 1296 1964 est
1337 1925 1504 1977 propter
1536 1921 1855 1977 dispensationis

225 1996 431 2044 naturam,
465 1993 559 2047 quia
594 1995 655 2033 est
687 1995 803 2034 actus
835 1990 1062 2047 spiritualis
1093 1991 1404 2045 iurisdictionis,
1439 2004 1486 2035 ac
1525 1992 1751 2035 «studiosa
1787 2005 1856 2035 vo-

227 2060 361 2104 luntas
394 2061 558 2104 emendi
588 2060 651 2103 vel
678 2061 883 2104 vendendi
919 2074 992 2118 pro
1018 2063 1150 2117 pretio
1174 2061 1391 2118 temporali
1415 2075 1502 2105 rem
1528 2064 1750 2105 intrinsece
1772 2063 1855 2117 spi-

227 2131 416 2174 ritualem
453 2136 513 2175 est
545 2133 720 2174 simonia
754 2134 855 2174 iuris
887 2132 1062 2175 divini»
1102 2132 1211 2190 (can.
1246 2133 1343 2187 727,
1369 2135 1393 2187 ἓ
1418 2133 1473 2190 1).
1511 2131 1698 2176 Vidimus
1731 2135 1854 2176 etiam

227 2202 335 2259 quod
375 2218 396 2242 «
420 2215 498 2245 non
534 2201 710 2245 liabetur
742 2204 932 2259 simonia,
965 2216 1059 2246 cum
1094 2203 1321 2260 temporale
1354 2203 1477 2247 datur
1509 2217 1587 2247 non
1615 2217 1687 2260 pro
1714 2217 1757 2247 re
1779 2206 1857 2260 spi·

227 2272 378 2327 rituali,
412 2272 481 2316 sed
518 2275 606 2316 eius
638 2275 854 2316 occasione
887 2286 938 2316 ex
972 2275 1078 2317 iusto
1112 2273 1230 2317 titulo
1263 2287 1284 2317 a
1318 2276 1447 2317 sacris
1479 2274 1708 2318 canonibus
1746 2274 1808 2317 vel
1831 2286 1854 2317 a

229 2344 409 2399 legitima
443 2343 743 2387 consuetudine
777 2347 1034 2400 recognito»
1073 2344 1181 2402 (can.
1216 2344 1333 2401 730).
1367 2343 1480 2388 Haec
1505 2347 1630 2401 igitur
1652 2350 1852 2402 quantum

229 2414 379 2467 valeat,
413 2419 451 2456 et
487 2416 616 2457 iustus
639 2426 797 2457 canone
823 2415 964 2458 titulus
988 2420 1176 2471 respectu
1199 2415 1554 2471 dispensationum
1577 2418 1858 2458 matrimonia-

229 2484 327 2528 lium
363 2485 413 2528 de
446 2484 596 2541 quibus
630 2487 668 2527 in
703 2484 781 2528 hoc
813 2484 971 2542 Capite,
1014 2486 1244 2529 ostenditur
1279 2489 1315 2528 in
1351 2500 1440 2528 ean.
1486 2488 1618 2529 1056.
1652 2485 1856 2544 Emeepta,

229 2560 270 2598 ut
307 2555 414 2598 licita
449 2558 630 2611 omnino,
663 2560 705 2606 a>
739 2555 915 2609 modica,
954 2561 994 2599 ut
1029 2569 1109 2613 quo
1145 2558 1275 2613 magis
1298 2559 1487 2600 restricta
1513 2558 1649 2609 suerit,
1680 2557 1769 2613 plus
1791 2569 1857 2600 ac·

229 2626 347 2670 cedat
383 2625 628 2681 legislatoris
663 2626 879 2681 voluntati,
913 2626 1060 2684 aliqua
1086 2627 1396 2684 praestatione,
1435 2627 1561 2670 veluti
1595 2626 1771 2670 libenter
1803 2626 1856 2671 ob

232 2698 478 2753 parvitatem
512 2696 726 2752 solvenda,
762 2696 801 2750 h)
833 2711 883 2739 (ατ
918 2697 1040 2740 titulo
1074 2697 1139 2741 liic
1175 2700 1402 2754 recognito,
1426 2711 1497 2741 seu
1523 2700 1681 2741 ratione
1704 2711 1856 2756 emperi-

230 2780 370 2810 sarnm
405 2765 701 2821 cancellariae,
737 2780 885 2823 nempe
921 2772 962 2810 ut
993 2767 1244 2823 suffragetur
1276 2770 1347 2823 eis,
1382 2780 1462 2811 non
1489 2768 1538 2811 ad
1564 2767 1854 2825 aequalitatem

350 2920 360 2941 1
389 2919 478 2963 Cap.
505 2920 525 2953 5
552 2930 645 2953 sess.
675 2919 818 2953 XXIV.
848 2919 904 2953 De
930 2919 1209 2954 reformatione
1238 2920 1496 2954 matrimonii.
