1971 3261
216 164 261 197 28
607 161 691 194 Lm.
719 159 791 193 III.
820 179 832 183 -
860 157 970 192 PARS
996 157 1026 190 I.
1058 177 1068 181 -
1096 156 1152 190 De
1178 156 1448 190 Sacrcmzentis
1563 155 1657 190 Can.
1686 155 1839 190 740-741

334 280 400 322 ⁶23.
434 281 657 325 Minister
707 278 939 334 baptismi
992 276 1243 320 sollemnis
1295 276 1378 320 ubi
1431 276 1694 331 paroeciae
1742 287 1866 320 non‘

217 355 341 396 sunt.
364 374 387 381 -
415 350 453 392 ln
488 348 649 392 duobus
681 346 909 391 canonibus
942 357 1078 401 praec.
1110 346 1356 400 supponitur
1391 346 1603 400 paroecias
1625 345 1769 388 adesse
1799 347 1836 387 in

217 423 422 464 territorio
456 419 531 463 sub
575 431 748 475 quarum
790 432 809 457 «
833 418 998 459 nomine
1032 417 1070 456 in
1106 417 1194 457 iure
1230 416 1443 457 veniunt»
1481 417 1840 472 quasi-paroeciae

218 492 325 548 (can.
361 491 458 537 451.
492 490 519 547 g
553 490 590 542 2,
618 488 694 545 10),
718 488 788 530 sed
826 489 864 528 vi
899 498 987 529 can.
1014 485 1111 535 ²216,
1135 483 1192 542 §g
1226 485 1264 539 1,
1290 485 1328 538 (2,
1353 485 1376 527 4
1412 486 1462 528 de
1495 485 1688 529 secundis
1721 497 1838 542 prae-

216 563 354 603 sertim
391 564 519 616 potest
554 560 807 601 contrarium
841 557 1025 599 evenire.
1061 558 1216 598 Horum
1253 568 1412 598 memor
1429 554 1566 599 Codex
1601 558 1737 599 statim
1772 555 1840 598 ad-

216 632 319 674 didit
363 645 452 673 ean.
489 630 595 671 740.
637 627 711 672 Ubi
740 626 964 684 paroeciae
995 631 1069 668 aut
1103 625 1465 683 quasi-paroeciae
1510 625 1693 669 nondam
1741 631 1839 668 sant

216 701 466 743 constitutae
513 711 775 756 quacumque
818 710 866 740 ex
912 708 1050 751 causa,
1087 697 1270 739 fortassis
1319 696 1474 751 illicite,
1507 696 1548 753 a)
1583 701 1837 739 statutorum

211 771 488 829 peculiarimn
527 783 561 811 v.
598 783 657 824 gr.
692 767 743 811 ab
776 765 1001 811 Ordinario
1044 766 1320 820 conditorum,
1358 767 1421 810 vel
1468 768 1633 810 forsitan
1679 779 1700 810 a
1734 767 1839 810 Sede

214 842 353 897 Aplca.
391 854 462 897 pro
495 839 659 883 casibus
681 841 706 893 ἓ
730 839 768 892 4,
792 851 881 881 can.
909 838 1005 891 216,
1031 836 1074 894 h)
1108 843 1147 880 el
1179 843 1443 895 receptarum
1477 837 1839 886 consuetudimcm,

213 915 333 955 etiam
367 924 473 968 quae
506 910 688 953 noudum
715 922 788 965 per
810 909 1053 951 diuturnum
1080 912 1242 963 tempus
1265 909 1417 951 fuerint
1440 908 1699 963 observatae,
1724 909 1838 952 111111)

215 981 403 1025 habenda
436 986 512 1031 est,
532 980 710 1024 scilicet:
745 992 791 1022 ea
825 984 920 1022 sunt
952 977 1204 1021 consulenda
1241 984 1283 1020 111
1317 984 1474 1022 constet
1507 979 1673 1022 cainam
1706 993 1841 1022 saeer-

213 1053 301 1095 {loli
335 1053 422 1096 loco
458 1051 639 1108 parochi,
658 1055 833 1108 praeter
870 1048 1163 1104 Ordinariam,
1199 1049 1268 1106 (de
1302 1057 1465 1107 quo'ex
1502 1049 1718 1106 hypothesi
1755 1050 1841 1093 nul-

216 1124 295 1167 lum
332 1125 497 1178 exurgit
545 1120 751 1178 dubium),
786 1122 1024 1178 ceteroquin
1075 1125 1376 1176 competentem
1417 1134 1466 1166 ex
1501 1133 1590 1164 can.
1625 1120 1709 1163 738
1742 1123 1767 1174 g
1804 1123 1840 1175 1,

215 1196 325 1236 iuxta
362 1193 547 1248 regulam
576 1192 626 1234 67
654 1194 691 1234 in
718 1190 760 1233 6⁰
800 1206 819 1231 ε(
845 1191 979 1234 Potest
1011 1192 1104 1247 quis
1139 1204 1210 1246 per
1242 1190 1367 1233 alium
1403 1191 1510 1247 quod
1548 1195 1676 1247 potest
1706 1192 1841 1234 tacere

217 1278 287 1320 per
310 1266 487 1319 seipsum
515 1279 534 1303 »
563 1262 677 1305 0179
703 1264 824 1304 etiam
852 1263 890 1304 in
916 1262 959 1304 60
990 1280 1004 1300 «
1032 1260 1161 1304 Nemo
1197 1265 1328 1312 potest
1363 1261 1453 1317 plus
1487 1264 1586 1304 iuris
1619 1263 1842 1304 transferre

216 1338 252 1377 in
289 1334 428 1389 alium,
461 1346 584 1390 quam
619 1332 695 1376 sibi
729 1336 964 1388 competere
997 1332 1267 1388 dignoscatur
1292 1332 1396 1388 )>,⁷”a)
1430 1332 1473 1374 in
1507 1332 1701 1375 1111116130
1721 1332 1841 1374 [erri-

217 1405 323 1447 torio
367 1405 567 1447 dioecesis
612 1403 672 1446 vel
717 1405 832 1460 quasi
878 1403 1081 1446 dioecesis
1115 1401 1155 1458 b)
1189 1402 1252 1445 vel
1284 1402 1327 1445 in
1361 1403 1450 1445 eius
1480 1408 1605 1460 parte
1640 1403 1705 1445 ¹ius
1738 1402 1839 1445 insit

216 1488 312 1531 prae
346 1475 435 1517 aliis
468 1473 752 1517 sacerdotibus
783 1472 1027 1531 baptizandi
1060 1473 1133 1516 hos
1170 1473 1231 1516 vel
1268 1473 1358 1516 illos
1392 1476 1578 1516 infantes.

333 1546 399 1588 24.
436 1547 734 1591 Ministratio
787 1546 1020 1601 baptismi
1073 1546 1325 1590 sollemnis
1373 1559 1462 1600 per
1509 1546 1784 1591 diaconum.
1816 1569 1842 1575 —

219 1617 317 1659 Can.
354 1619 453 1659 741.
488 1615 890 1669 Efflraordinarias,
929 1615 1054 1659 veluti
1101 1629 1172 1671 per
1215 1618 1501 1671 exceptionem
1547 1615 1596 1658 ad
1640 1615 1839 1671 regulain7

215 1686 411 1744 baptismi
444 1686 658 1730 sollemnis
692 1687 884 1744 equidem
920 1690 1087 1742 propter
1119 1686 1436 1729 sollemnitatem
1472 1686 1667 1728 mim'sleo·
1697 1699 1746 1728 ex
1782 1699 1843 1727 or-

215 1758 308 1800 dine
341 1770 458 1801 sacro
491 1758 730 1814 designatus
762 1757 824 1800 ad'
848 1757 956 1800 illius
1000 1756 1221 1800 liceitatem
1256 1762 1316 1799 est
1349 1755 1577 1805 diaeonus,-
1621 1755 1839 1799 videlicet:

217 1828 404 1884 Episcopi
444 1827 567 1872 rerba
603 1831 641 1870 in
676 1828 934 1871 ordinatione
968 1827 1129 1871 diaconi
1165 1831 1280 1870 sunt:
1320 1826 1549 1886 «Cogitate
1590 1839 1841 1883 magnopere

214 1900 263 1942 ad
298 1904 494 1955 quantum
530 1899 704 1955 gradum
739 1898 949 1942 Ecclesiae
981 1898 1224 1942 ascenditIs:
1261 1890 1481 1942 diaconum
1527 1900 1635 1941 enim
1681 1901 1842 1953 oportet

216 1973 447 2013 ministrare
481 1971 530 2013 ad
567 1970 720 2023 Altare,
748 1969 955 2026 baptizare
989 1974 1028 2012 et
1062 1969 1303 2025 praedicare
1328 1984 1365 2010 >›.
1391 1968 1436 2013 D.
1460 1968 1638 2012 Thomas
1673 1967 1839 2024 probat:

220 2056 239 2081 ‹<
263 2041 309 2083 Et
342 2043 399 2083 sic
433 2041 481 2084 ad
516 2041 735 2084 diaconum
771 2054 849 2083 non
885 2043 1074 2097 pertinet,
1109 2040 1392 2096 principaliter
1426 2045 1464 2083 et
1498 2042 1613 2096 quasi
1658 2053 1704 2082 ex
1750 2052 1840 2094 pro-

217 2114 302 2167 prio
346 2113 494 2160 ollicio,
529 2112 692 2154 tradere
739 2116 1044 2154 sacramentum
1097 2110 1302 2167 baptismi,
1337 2111 1406 2153 sed
1454 2109 1679 2154 maioribus
1725 2111 1840 2152 [nini-

214 2182 423 2225 3113111111»
452 2183 477 2229 ¹,
515 2182 769 2238 proindeque
811 2181 1059 2224 subsidiarie
1093 2193 1140 2224 ac
1175 2181 1298 2224 modo
1343 2181 1695 2227 extraordinario:
1731 2179 1839 2236 quod

215 2253 459 2295 admittitac
483 2255 651 2308 exponit
686 2265 878 2306 praesens
911 2265 1041 2295 canon
1076 2251 1354 2308 subiungens:
1390 2251 1461 2309 qai
1494 2257 1629 2293 tamen
1665 2264 1742 2293 saa
1772 2263 1842 2307 po-

216 2328 363 2364 les-lale
406 2337 454 2364 ae
494 2328 639 2364 111111111·
668 2321 708 2378 3)
743 2322 832 2364 sine
876 2321 956 2365 loci
1002 2320 1228 2365 Ordinarii
1273 2321 1333 2364 vel
1372 2320 1551 2379 parochi
1594 2320 1767 2363 lieentia
1801 2322 1839 2362 in

217 2392 558 2448 praecedentibus
591 2392 910 2447 declaratorum,
935 2393 1003 2436 sed
1030 2405 1222 2449 expressa
1248 2395 1286 2434 in
1312 2392 1489 2446 casibus,
1513 2397 1573 2435 est
1595 2394 1703 2435 enim
1728 2391 1842 2432 iusta

214 2462 264 2505 (le
295 2475 423 2505 causa
457 2462 730 2513 concedenda,
768 2477 803 2507 v.
838 2477 898 2519 gr.
937 2463 988 2507 oh
1024 2463 1190 2519 parochi
1236 2465 1407 2505 nimium
1455 2462 1637 2506 laborem
1674 2461 1735 2504 vel
1771 2459 1840 2503 ab·

213 2536 399 2577 sentiam.
436 2559 487 2564 —-
522 2534 598 2576 Sed
633 2533 882 2591 quandoque
917 2536 1148 2577 necessaria
1183 2547 1261 2576 non
1296 2538 1368 2587 651,
1404 2533 1512 2590 quod
1537 2531 1725 2576 Gelasius
1748 2531 1760 2574 l
1787 2531 1836 2574 ad

217 2603 437 2660 Episcopos
471 2618 541 2660 per
582 2604 838 2648 Lucaniam2
889 2607 966 2647 iam
1019 2605 1080 2648 liis
1131 2604 1269 2648 verbis
1316 2608 1538 2647 statuerat:
1594 2603 1842 2646 «Diaconos

217 2677 422 2730 propriam
466 2677 753 2718 constituimus
785 2675 1011 2718 observare
1047 2687 1327 2718 mensuram»
1369 2679 1409 2717 61
1443 2676 1571 2717 intra:
1601 2689 1620 2714 «
1671 2672 1839 2729 Absque

215 2744 413 2800 Episcopo
440 2745 500 2787 vel
528 2744 767 2801 presbytero
792 2745 998 2801 baptizare
1023 2758 1100 2788 non
1136 2745 1327 2800 audeant,
1364 2747 1437 2787 nisi
1475 2744 1696 2800 praedictis
1729 2742 1837 2785 ordi-

333 2898 342 2918 1
370 2898 404 2930 3.
436 2897 490 2939 P.7
520 2909 553 2941 q.
582 2897 741 2940 LXVII,
771 2903 843 2931 art.
875 2899 907 2931 1.
937 2918 979 2922 ——
1007 2898 1020 2919 2
1047 2897 1137 2942 Cap.
1174 2898 1227 2939 13,
1263 2897 1355 2931 dist.
1387 2897 1529 2931 XCIII.
