1971 3261
214 144 283 179 702
615 143 699 178 Lm.
728 143 799 177 111.
826 163 840 168 -
865 143 976 178 PARS
1001 143 1030 178 I.
1057 164 1070 170 -
1095 145 1153 179 De
1177 145 1442 182 Sacramentis
1513 147 1606 183 Can.
1634 149 1831 185 1140-1141

213 263 379 319 deficiat
413 266 450 305 in
487 263 690 318 praesenti
719 275 956 316 consensus,
978 265 1073 320 quia
1097 266 1266 308 omnino
1298 264 1427 319 abest,
1463 265 1526 309 vel
1561 267 1695 324 quoad
1729 267 1854 311 obie--
1885 323 1888 326 ,
1914 278 1919 284 '

211 340 321 378 ctum
366 346 445 376 non
489 335 540 376 sit
588 333 992 376 «matrimonialis»
1042 333 1152 390 (can.
1197 335 1323 390 1081,
1356 333 1385 393 ἓ
1417 336 1475 393 2),
1519 337 1836 381 matrimonium

210 417 289 462 qua
327 403 537 446 vinculum
581 403 799 459 coniugale
841 403 985 461 nequit
1017 403 1069 447 ob
1093 406 1150 447 rei
1195 410 1385 449 naturam
1409 407 1568 450 sanari
1600 407 1644 450 in
1670 407 1835 463 radice,

209 488 316 533 quae
348 474 502 528 exulat,
542 473 583 531 a)
616 474 702 517 sive
738 488 962 517 consensus
1001 474 1051 518 ab
1093 475 1233 530 initio,
1268 477 1435 534 quando
1467 477 1722 522 celebratum
1762 480 1836 523 fuit

210 548 533 600 matrimonium,
576 544 762 603 defuerit
802 546 1002 589 alterutro
1044 560 1094 590 ex
1141 548 1364 603 praedictis
1408 549 1554 603 modis,
1599 549 1637 604 b)
1668 549 1755 593 sive
1786 550 1836 594 ab

210 617 334 661 initio
366 622 409 660 ut
441 621 561 660 antea
592 617 841 674 praestitus,
872 617 942 660 sed
983 619 1199 661 «iuridice
1232 618 1465 662 inefficax»
1503 633 1767 678 quocumque
1785 635 1833 665 ex

213 690 368 731 motivo
400 686 476 730 sibi
510 689 759 741 extrinseco,
800 692 947 744 postea
989 689 1059 731 sed
1097 691 1176 731 iam
1216 701 1326 732 nunc
1357 688 1491 746 suerit
1522 696 1754 744 revocatus,
1787 705 1836 735 eo

211 758 319 816 quod
356 758 422 801 illa
456 760 614 801 sanatio
653 773 672 798 ((
694 759 916 801 secumt'ert
950 759 1298 815 dispensationem
1334 772 1355 802 a
1390 759 1480 816 lege
1513 761 1563 804 de
1596 762 1836 805 renovando

210 843 411 873 consensu
435 844 476 883 n,
510 831 578 886 qui
605 831 644 871 in
668 841 763 872 casu
789 829 942 881 deficit,
961 842 1009 873 ac
1032 833 1120 873 sine
1144 830 1212 873 illo
1249 846 1272 871 «
1296 833 1604 875 matrimonium
1630 846 1708 875 non
1733 834 1835 888 tit»,

209 914 280 944 seu
315 901 423 958 quod
460 901 567 943 idem
603 905 690 944 est:
724 913 803 942 non
838 900 1141 946 convalidatur.

331 972 500 1028 Propter
539 971 727 1013 eamdem
774 973 973 1014 rationem
1019 974 1165 1015 asserit
1197 985 1219 1015 e
1252 985 1455 1016 converso
1495 973 1524 1031 ξ
1567 974 1604 1017 ⁶2.
1648 972 1769 1027 Quod
1799 975 1837 1017 si

209 1056 446 1093 consensus,
478 1041 623 1098 supple
658 1042 973 1085 matrimonialis
1005 1042 1247 1086 alterutrius
1284 1043 1347 1086 rel
1381 1046 1753 1101 utriusquepartis,
1787 1044 1837 1088 ab

209 1113 333 1156 initio
367 1112 545 1170 quidem,
581 1117 623 1155 ut
655 1115 693 1155 in
726 1112 772 1170 §⁰
807 1113 849 1155 1⁰
882 1113 1138 1156 declaratum
1166 1118 1239 1168 est,
1262 1113 1449 1172 defuerit
1481 1114 1680 1158 alterutro
1715 1116 1836 1159 modo

208 1185 460 1240 supradicto,
495 1183 567 1226 sed
607 1189 754 1241 postea
787 1189 826 1227 et
859 1189 953 1227 ante
998 1198 1195 1240 praesens
1228 1190 1389 1241 tempus
1422 1198 1442 1228 a
1479 1190 1592 1242 parte
1626 1186 1734 1229 illius
1766 1200 1836 1230 ex·

211 1260 324 1312 perte
368 1254 483 1312 (dum
527 1254 655 1297 altera
700 1259 940 1310 perseverat
986 1257 1022 1297 in
1067 1269 1141 1298 suo
1184 1255 1406 1313 consensu)
1437 1256 1671 1314 praestitus
1703 1256 1837 1315 fuerit

209 1326 342 1383 qualis
376 1328 413 1367 in
437 1338 527 1369 can.
550 1325 675 1376 1081,
695 1327 720 1379 g
740 1325 762 1367 Ξ).
782 1324 1045 1379 describitur,
1074 1325 1256 1375 sanatio,
1281 1339 1374 1369 cum
1397 1327 1511 1369 radix
1532 1327 1651 1380 adsit,
1670 1326 1838 1370 concedi

204 1402 354 1455 polest,
402 1401 580 1439 attamen
630 1395 891 1439 solummodo
923 1410 948 1438 α
981 1401 1185 1439 momento
1230 1396 1432 1454 praestiti
1479 1411 1718 1452 consensus,
1765 1399 1834 1455 qui

209 1470 468 1511 necessarius
500 1471 588 1510 erat
620 1472 664 1510 ut
698 1476 866 1510 mutuus
899 1469 1163 1510 coexisteret.

329 1540 424 1582 556.
461 1540 727 1584 Concessio
760 1540 1035 1584 sanationis
1070 1541 1117 1583 in
1161 1541 1329 1585 radice
1363 1544 1530 1595 propter
1564 1539 1835 1596 multiplicem

209 1612 394 1654 canonici
428 1611 529 1652 iuris
563 1609 873 1654 relaxationem,
908 1622 1030 1666 quam
1067 1609 1253 1662 includit,
1286 1612 1468 1666 supremi
1510 1609 1755 1666 legislatoris
1777 1614 1837 1653 est

211 1684 389 1738 propria,
423 1694 494 1723 seu
530 1685 571 1723 ut
604 1683 659 1723 ait
693 1694 783 1722 can.
819 1681 946 1723 1141.
981 1680 1158 1723 Sci-natio
1191 1680 1233 1722 in
1268 1679 1414 1723 radice
1445 1680 1653 1738 quaelibet
1674 1683 1836 1737 exposi-

208 1758 342 1795 tarum
387 1750 554 1794 concedi
598 1751 717 1793 unice
754 1756 891 1808 potest
926 1753 1014 1794 iure
1047 1750 1257 1794 ordinario
1291 1749 1340 1793 ab
1372 1750 1615 1808 Apostoliea
1649 1750 1753 1795 Sede
1784 1751 1833 1795 ad

131 1877 139 1883 ,
209 1836 393 1866 normam
428 1835 516 1865 can.
553 1823 576 1864 7
612 1825 733 1865 etiam
770 1835 842 1878 per
874 1822 1021 1865 Sacras
1053 1820 1220 1878 Εοιιὲν.ε
1252 1821 1303 1864 de
1336 1821 1553 1878 disciplina
1591 1822 1834 1866 Sacramen-

208 1899 342 1937 torum
378 1907 425 1936 ae
461 1907 531 1949 pro
554 1893 739 1936 Ecclesia
772 1890 989 1945 Orientali,
1025 1905 1046 1935 a
1070 1892 1222 1950 quibus
1254 1897 1293 1935 et
1326 1904 1347 1935 a
1380 1892 1419 1935 S.
1457 1892 1607 1949 Congr.
1642 1894 1692 1936 de
1717 1892 1834 1949 Prop.

211 1965 306 2008 Fide
331 1966 342 1987 ¹
380 1963 594 2008 facultates
627 1964 886 2020 delegantur.

326 2064 362 2098 ln
392 2075 454 2098 usu
481 2074 560 2108 ergo
596 2063 754 2109 propriae
788 2063 1041 2108 competentiae
1077 2061 1112 2098 S.
1151 2061 1280 2108 Congr.
1315 2063 1357 2099 de
1386 2062 1483 2109 Prop.
1515 2062 1593 2098 Fide
1618 2063 1776 2098 concedit
1800 2062 1837 2097 in

207 2123 372 2158 omnibus
398 2123 554 2168 quinque
583 2122 751 2157 Formulis
783 2127 853 2158 tam
891 2121 1038 2157 vicariis
1072 2133 1177 2167 quam
1212 2121 1395 2158 Praefectis
1422 2115 1628 2168 Apostolicis
1659 2135 1673 2154 «
1695 2121 1837 2157 faculta-

208 2187 276 2218 tem
302 2181 449 2217 sanandi
474 2181 507 2216 in
533 2182 657 2222 radice,
688 2182 783 2217 iuxta
809 2181 945 2226 regulas
973 2182 1006 2216 in
1036 2180 1162 2217 Codice
1186 2194 1206 2217 a
1233 2182 1320 2217 Can.
1350 2181 1437 2216 1133
1463 2182 1507 2216 ad
1534 2179 1621 2217 Can.
1645 2179 1727 2216 1141
1761 2181 1836 2226 (sci-

209 2241 310 2277 licet:
339 2252 397 2287 per
422 2246 532 2275 totum
561 2241 651 2276 istud
684 2255 697 2273 «
720 2239 831 2286 Caput
851 2239 908 2276 xl.
933 2240 978 2276 De
997 2240 1213 2276 matrimonii
1233 2241 1513 2276 convalidatione
1532 2242 1566 2285 υ)
1593 2244 1750 2281 statutas,
1769 2251 1839 2275 ma-

207 2299 373 2335 trimonia
400 2299 443 2334 ob
469 2299 609 2344 aliquod
645 2300 949 2345 impedimentum.
979 2299 1020 2335 de
1047 2310 1114 2345 quo
1140 2311 1244 2345 supra
1270 2299 1333 2335 N.⁰
1353 2299 1571 2343 (immediate
1605 2299 1835 2345 praecedenti,

208 2359 266 2405 qui
294 2359 493 2394 communis
519 2363 569 2393 est
596 2364 744 2404 quatuor
773 2359 940 2399 formulis¹
968 2369 1008 2394 ac
1034 2359 1224 2403 singularis
1250 2358 1315 2394 sub
1342 2358 1501 2394 Formula
1529 2358 1652 2404 prima,
1679 2361 1780 2404 prout
1797 2357 1837 2392 li-

207 2423 288 2464 quet
313 2418 523 2464 explicatum
553 2419 585 2451 in
617 2430 693 2464 pag.
724 2416 819 2461 542),
848 2418 992 2453 nulliter
1018 2423 1206 2453 contracta.
1237 2417 1545 2464 (lmpedimentum
1574 2417 1658 2452 illud
1684 2427 1765 2461 ergo
1783 2421 1837 2452 est

208 2478 404 2518 dirimens).
432 2498 472 2501 —
501 2475 599 2520 Quod
630 2488 707 2512 vero
732 2477 857 2512 attinet
875 2478 916 2513 ad
947 2477 1052 2522 prolis
1079 2477 1211 2521 (forsan
1238 2479 1433 2522 susceptae)
1453 2476 1753 2521 legitimationem‚
1774 2473 1837 2511 Or-

205 2536 364 2571 dinarius
393 2546 472 2581 prae
498 2536 606 2570 oculis
630 2536 757 2571 habeat
784 2536 871 2571 Can.
898 2535 979 2570 11151
1005 2550 1040 2569 ».
1071 2535 1264 2571 Videlicet:
1298 2549 1312 2568 «
1335 2535 1397 2571 Per
1415 2534 1713 2581 dispensationem
1732 2544 1836 2580 super

206 2595 456 2641 impedimento
482 2595 669 2630 dirimente
686 2606 884 2630 concessam
909 2596 993 2639 (tum
1011 2595 1053 2630 ad
1074 2594 1351 2630 contrahendum
1373 2593 1638 2629 matrimonium
1656 2603 1696 2628 ex
1715 2592 1836 2627 num.⁰

207 2653 387 2689 Formulae
413 2653 644 2699 praecedenti,
671 2658 743 2688 tum
771 2658 970 2689 contentam
999 2653 1063 2688 sub
1090 2654 1156 2688 hac
1182 2652 1398 2688 matrimonii
1434 2653 1617 2687 sanatione
1643 2651 1679 2685 in
1707 2651 1838 2696 radice)

208 2723 287 2748 ...ex
317 2716 484 2758 potestate
510 2712 667 2757 delegata
692 2723 751 2758 per
777 2712 952 2748 indultum
980 2712 1143 2758 generale
1170 2709 1299 2756 (idest:
1329 2711 1361 2746 vi
1390 2711 1492 2747 huius
1520 2709 1727 2754 Formulae)‚
1753 2720 1830 2745 con-

324 2850 335 2870 1
364 2848 460 2882 Vide
486 2847 792 2882 declarationem
819 2848 857 2882 S.
887 2849 1044 2894 Oongr.⁵
1081 2847 1380 2883 Consistorialis
1415 2848 1457 2881 12
1481 2846 1583 2881 Nov.
1623 2845 1727 2890 1909,
1754 2844 1831 2880 CO.

206 2900 238 2946 Ι,
269 2896 346 2930 149.
373 2895 472 2930 Dub.
499 2895 539 2929 Π
564 2895 729 2929 relatam
756 2896 796 2929 in
822 2907 911 2940 pag.
937 2898 1017 2931 542.
