1971 3261
161 111 230 146 338
562 114 644 148 LIB.
671 114 742 148 III.
769 134 782 139 -
808 113 919 148 PARS
943 114 974 147 I.
1004 134 1016 140 -
1042 114 1100 149 De
1125 114 1389 150 Saeramentz's
1509 114 1602 150 Gan.
1628 115 1791 151 936-937

161 233 285 274 animi
320 245 466 274 seusus
498 231 633 289 quoad
671 231 923 275 voluntatem
963 231 1019 275 ad
1049 231 1181 275 Deum
1214 231 1429 288 attollant,
1465 233 1589 276 idest:
1625 238 1784 277 menta-

161 301 242 345 lem
275 304 501 345 orationem
537 302 749 345 effundant
776 316 861 345 non
897 305 1082 359 praecise
1114 308 1412 359 congruentem
1452 303 1665 348 vocalibus
1694 317 1785 348 ora—

159 371 339 415 tionibus
361 377 611 427 ceterorum,
634 372 797 416 dicente
822 372 937 417 Dec.⁰
966 389 988 414 «
1006 386 1180 430 corpore
1202 374 1372 432 quidem
1396 376 1603 417 coniuncti
1638 378 1788 418 ceteris

161 442 351 486 tidelibus
383 445 436 485 in
457 443 603 486 eodem
638 442 727 486 loco
760 443 986 499 orantibus,
1010 445 1081 487 sed
1117 446 1271 500 pariter
1292 443 1358 502 (ac
1383 447 1422 487 in
1447 445 1505 489 n.⁰
1532 444 1575 487 1⁰
1599 446 1783 488 eiusdem

160 510 341 570 Decr’eti)
376 519 512 557 mente
545 519 702 557 tantum
739 517 776 557 in
812 514 942 558 Deum
977 515 1154 570 elevata,
1178 520 1217 558 et
1242 517 1318 571 piis
1340 516 1478 559 cordis
1510 515 1783 570 affectibus›>;

159 589 196 626 et
229 583 266 626 si
299 590 458 639 offatm·
490 583 540 627 de
569 585 751 642 privatis
784 584 1061 636 orationibus,
1094 586 1275 630 scilicet:
1314 587 1364 629 ad
1409 599 1511 644 quas
1555 586 1785 630 fundendas

160 657 198 696 vi
234 657 510 698 concessionis
542 658 775 699 necessaria
824 670 903 699 non
943 661 1004 700 est
1046 657 1295 700 coadunatio
1328 657 1532 711 fidelium,
1565 657 1614 701 ad
1650 657 1782 700 indul-

157 728 316 782 gentias
350 725 429 769 illis
460 726 644 770 adnexas
678 727 898 770 lucrandas
932 728 1285 783 praetermodum
1317 740 1441 784 supra
1467 730 1727 783 permissum,
1750 730 1782 771 si

159 796 363 853 possibilis
396 800 460 852 sii,
493 798 599 840 satis
631 803 692 841 est
727 804 770 841 ut
804 798 836 841 1Ο
870 812 941 841 eas
982 804 1117 842 mente
1147 798 1337 842 recolant
1370 799 1600 855 peculiares
1635 799 1698 842 vel
1733 813 1782 842 ex

156 868 326 912 arbitrio
360 869 541 913 delectas
573 869 623 913 ad
658 883 846 913 normam
881 883 970 913 can.
1006 870 1104 924 934,
1138 870 1321 927 siqnisve
1353 869 1406 913 ll0
1443 884 1479 913 v.
1505 884 1564 926 gr.
1600 884 1781 927 genuum

157 939 346 991 flexione,
382 939 599 997 effrmo'om
633 943 792 983 interne
826 940 888 983 vel
923 940 1208 984 tantummodo
1236 943 1449 997 signorum
1475 943 1671 984 orationis
1694 940 1782 984 loco

156 1008 288 1052 oculis
319 1010 471 1054 devoto
504 1013 642 1054 animo
671 1017 929 1068 pereurrant
963 1014 1000 1054 in
1037 1011 1132 1054 folio
1167 1010 1234 1055 ubi
1269 1013 1448 1068 scriptae
1476 1010 1568 1054 illae
1601 1013 1693 1054 sint.

810 1202 1042 1239 TITULUS
1072 1202 1118 1239 V.

677 1295 741 1338 De
773 1297 990 1338 extrema
1028 1296 1259 1339 unctione.
1316 1281 1319 1284 ’

202 1434 287 1471 CAN.
317 1434 398 1470 937.
427 1456 450 1461 -
477 1435 657 1471 Extremae
684 1436 860 1471 unctionis
878 1447 931 1470 sa·
1005 1436 1202 1477 benedicto,
1230 1441 1263 1471 et
1299 1447 1357 1481 per
1383 1436 1488 1471 verba
1521 1437 1557 1471 in
1593 1436 1781 1471 ritualibus

153 1487 372 1518 crementum
399 1483 547 1518 conferri
579 1483 681 1518 debet
719 1494 779 1529 per
816 1494 931 1518 sacras
1005 1483 1104 1518 libris
1129 1483 1172 1518 ab
1199 1483 1351 1519 Ecclesia
1378 1483 1530 1529 probatis
1558 1484 1781 1530 praescripta.

154 1531 349 1569 unctiones.
377 1530 534 1566 adhibito
560 1530 633 1566 oleo
662 1530 832 1565 olivarum
868 1530 931 1565 rite
982 1536 993 1542 ⁸

274 1650 369 1692 “277-
406 1651 664 1706 Inscriptio
697 1651 860 1695 Tituli.
885 1675 937 1679 —
965 1649 1044 1692 lain
1079 1643 1307 1692 secundum
1343 1648 1453 1692 Libri
1488 1649 1610 1692 huius
1635 1662 1781 1706 propu-

153 1724 319 1776 gnatam
364 1719 695 1763 distributionem
741 1720 1069 1763 considerandus
1107 1724 1168 1763 est
1206 1719 1369 1763 Titulus
1404 1719 1437 1763 V
1464 1722 1686 1776 inscriptus
1723 1719 1780 1763 De

153 1796 339 1833 eaeo-ema
376 1791 583 1843 moratione,
607 1803 655 1834 ac
677 1793 735 1834 sic
761 1793 925 1847 proprie
962 1796 1152 1834 vocatum
1189 1796 1249 1834 est
1282 1790 1359 1834 hoc
1390 1795 1713 1845 sacramentum,
1736 1796 1779 1833 nt

153 1862 432 1918 distinguatur
455 1861 505 1905 ab
527 1861 656 1904 altero
680 1863 1020 1917 confirmationis,
1039 1862 1148 1919 quod
1172 1866 1213 1905 ut
1240 1861 1419 1905 vidimus
1442 1864 1564 1905 etiam
1585 1863 1783 1905 unctione

153 1933 387 1989 perficitur;
433 1933 600 1976 additur
643 1938 778 1976 tamen
818 1938 1092 1976 «extrema»
1134 1937 1217 1976 tuin
1253 1935 1348 1990 quia
1388 1948 1407 1973 «
1432 1932 1509 1976 hoc
1541 1945 1776 1976 sacramen·

151 2008 238 2046 tum
272 2008 332 2046 est
366 2003 555 2046 ultimum
590 2004 837 2057 remedium,
872 2004 979 2060 quod
1020 2003 1207 2047 Ecclesia
1251 2008 1382 2060 potest
1424 2004 1625 2057 conferre,
1659 2005 1791 2060 quasi„

152 2074 391 2118 immediate
424 2075 645 2131 disponens
677 2075 726 2118 ad
762 2074 1001 2131 gloriam»,
1033 2079 1119 2117 tum
1160 2090 1179 2115 ι(
1203 2077 1298 2132 quia
1335 2087 1412 2116 non
1437 2073 1560 2117 debet
1582 2074 1670 2117 dari
1699 2076 1775 2117 nisi

153 2144 232 2187 illis
266 2144 476 2201 (infirmis)
509 2158 685 2202 quorum
724 2158 833 2188 mors
875 2149 936 2187 est
980 2147 1208 2202 propinqua
1243 2145 1471 2188 secundum
1507 2146 1776 2187 existimatio-

153 2228 245 2258 nem
280 2214 494 2258 hominum
522 2216 533 2237 ¹
560 2233 597 2259 ».
1412 2254 1423 2266 ..

273 2286 370 2330 ⁶278.
394 2289 538 2333 Notio
561 2289 856 2334 sacramenti
880 2291 1135 2333 extremae
1157 2289 1415 2333 unctionis.
1434 2313 1487 2317 ——
1513 2286 1629 2330 Hanc
1652 2287 1778 2330 tradit

153 2356 456 2413 praeliminaris
491 2372 563 2414 pro
598 2371 712 2401 more
745 2358 866 2401 huius
902 2358 1030 2400 l'artis
1063 2371 1196 2401 canon
1219 2359 1325 2401 937.
1360 2357 1589 2400 Eoetre'mae
1621 2358 1777 2400 unctio-

153 2427 219 2470 nis
251 2433 558 2470 soc-ramentum
594 2431 705 2472 iuxta
740 2429 1018 2485 dogmaticam
1044 2428 1327 2472 definitionem
1352 2427 1475 2472 Cone.
1499 2427 1609 2471 Trid.
1630 2425 1667 2470 ²:
1697 2442 1717 2467 (c
1735 2429 1774 2470 Si

152 2500 244 2555 quis
277 2498 442 2553 dixerit,
476 2504 705 2542 extremam
741 2502 976 2542 unctionem
1012 2512 1091 2542 non
1126 2512 1214 2543 esse
1250 2512 1347 2542 vere
1380 2504 1420 2542 et
1454 2501 1618 2555 proprie
1644 2510 1777 2541 sacra-

155 2573 336 2612 mentum
372 2582 393 2612 a
426 2569 587 2613 Cin-isto
619 2569 795 2613 Domino
828 2574 967 2613 nostro
990 2571 1235 2625 institutum,
1260 2575 1300 2613 et
1321 2583 1342 2613 a
1368 2569 1491 2613 Beato
1515 2567 1661 2612 lacobo
1684 2581 1778 2624 apo-

151 2639 255 2682 stolo
289 2639 641 2696 promulgatum...
676 2640 894 2684 anathema
928 2643 979 2683 sit
1001 2655 1040 2684 >).
1066 2666 1117 2671 ——
1152 2640 1240 2684 Hoc
1275 2643 1400 2696 igitur
1432 2639 1619 2698 conferri
1645 2638 1774 2692 debet,

151 2716 363 2767 tamquam
400 2724 470 2767 per
504 2711 734 2754 essentialia
770 2713 857 2754 eius
889 2713 1168 2766 constitutiva,
1203 2712 1342 2769 a)per
1372 2724 1519 2754 sacras
1546 2710 1774 2764 unctiones,

214 2835 215 2839 =
271 2817 281 2837 1
305 2816 352 2849 D.
382 2815 453 2850 Th.
484 2816 614 2862 Suppl.
643 2829 676 2862 q.
703 2816 863 2850 XXXII
889 2827 924 2851 a.
951 2817 983 2850 2.
1011 2827 1043 2850 c.
1072 2821 1112 2850 et
1138 2829 1172 2861 q.
1201 2817 1381 2851 XXXIII
1415 2829 1447 2852 a.
1484 2819 1500 2851 1
1541 2816 1589 2851 ad
1625 2817 1689 2849 2¹¹¹.
1730 2836 1775 2840 —

152 2864 166 2886 2
194 2862 291 2897 Sess.
319 2863 412 2896 XIV
439 2863 496 2897 De
520 2875 678 2898 sacram.
706 2872 903 2898 extremae
929 2863 1148 2907 unctionis,
1177 2875 1260 2899 can.
1289 2866 1321 2898 1.
1768 2865 1774 2869 “
