1971 3261
102 78 171 112 348
506 76 590 110 LIB.
620 76 693 109 ΙΙΙ·
724 101 731 108 .

761 75 870 109 PARS
894 75 927 109 Ι.

955 95 967 100 -
994 74 1050 109 De
1075 74 1339 109 sacramentis
1534 74 1625 110 Can.
1653 74 1726 113 945

805 285 950 323 CAPUT
979 286 1028 322 ΙΙΙ.

402 374 455 408 De
480 374 625 408 ritibus
650 374 691 408 et
716 372 970 408 caeremoniis
995 374 1192 407 extremae
1218 372 1429 407 unctionis.

150 504 234 539 CAN.
264 501 381 537 1145.-
401 501 527 538 Oleum
553 502 738 542 olivarum,
763 501 799 536 in
826 511 876 535 sa-

102 555 281 588 cramento
307 555 480 585 extremae
507 549 685 584 unctionis
713 548 882 584 adhiben-

102 601 196 639 dum,
223 598 323 633 debet
348 608 422 632 esse
447 597 489 632 ad
512 597 574 632 hoc
594 596 815 631 benedictum
835 595 878 630 ab

105 647 280 692 Episcopo,
308 645 358 680 vel
385 656 403 680 a
434 644 633 691 presbytero
659 643 716 689 qui
739 643 879 678 faculta-

101 700 169 730 tem
199 692 283 727 illud
311 691 538 728 benedicendi
565 702 586 726 a
612 690 700 727 Sede
734 692 877 736 Aposto-

102 741 163 777 lica
192 740 392 775 obtinuerit.

149 787 234 823 CAN
264 785 343 821 946.

101 836 226 871 rochus
252 835 325 870 loco
352 833 461 868 nitido
486 837 520 868 et
557 833 719 868 decenter
755 836 877 867 ornato

102 883 136 917 in
165 893 242 917 vase
267 886 431 926 argenteo
446 881 496 915 vel
516 885 674 915 stamneo
691 879 877 923 diligenter

100 930 282 969 custodiat,
320 940 383 964 nec
422 928 512 962 domi
548 927 697 962 retineat
734 926 801 960 nisi
832 926 875 961 ad

101 988 261 1012 normam
289 987 368 1011 can.
398 974 478 1009 735.

148 1024 231 1059 CAN.
267 1022 347 1058 947.
377 1043 398 1049 -
424 1025 442 1066 ,ξ
471 1022 501 1057 1.
528 1021 718 1057 Unctiones
749 1020 874 1058 verbis.

100 1072 221 1108 ordine
239 1076 272 1107 et
291 1071 392 1106 modo
410 1070 446 1104 in
466 1069 564 1104 libris
579 1068 764 1104 ritualibus
785 1079 878 1113 prae-

373 785 542 821 -Oleum
571 767 794 819 infirmorum
823 795 880 830 pa-

948 500 1089 546 scripto,
1116 505 1277 535 accurate
1303 505 1538 546 peragantur:
1567 500 1604 534 in
1642 510 1724 535 casu

945 551 1062 583 autem
1091 547 1307 582 necessitatis
1332 547 1458 583 sufficit
1484 547 1589 583 unica
1606 549 1726 582 unctio

947 595 984 629 in
1005 605 1074 630 uno
1092 605 1197 629 sensu
1224 605 1282 629 seu
1301 594 1429 629 rectius
1455 595 1489 629 in
1513 595 1625 630 fronte
1642 605 1722 629 cum

949 642 1163 688 praescripta
1189 641 1299 676 forma
1325 641 1489 681 breviore,
1516 642 1612 677 salva
1637 641 1723 676 obli-

946 689 1086 733 gatione
1111 688 1268 733 singulas
1300 691 1481 724 unctiones
1517 688 1723 749 supplendi,

947 740 1105 772 cessante
1132 736 1297 780 periculo.

995 786 1014 830 g
1051 783 1084 817 '.
1126 782 1251 819 Unctio
1287 794 1412 818 renum
1451 793 1587 829 semper
1623 783 1725 818 omit-

948 835 1055 866 tatur.

996 882 1015 920 g
1042 877 1075 911 3.
1104 876 1228 913 Unctio
1255 877 1380 923 pedum
1405 888 1444 912 ex
1481 876 1636 923 qualibet
1673 887 1724 911 ra—

947 924 1107 960 tionabili
1136 935 1240 960 causa
1267 924 1379 959 omitti
1410 928 1532 970 potest.

996 976 1015 1015 ξ
1036 971 1068 1007 4.
1091 971 1194 1007 Extra
1219 982 1337 1006 casum
1357 971 1472 1016 gravis
1490 970 1723 1012 necessitatis,

949 1019 1130 1055 unctiones
1157 1019 1231 1065 ipsa
1258 1018 1410 1053 ministri
1433 1029 1540 1054 manu
1558 1018 1725 1064 nulloque

949 1067 1107 1102 adhibito
1134 1067 1370 1101 instrumento
1397 1065 1495 1101 fiant.

220 1189 315 1232 289.
351 1189 606 1244 Inscriptio
630 1188 807 1243 capitis
824 1188 1028 1242 eiusque
1046 1199 1277 1231 canones.
1296 1210 1349 1215 ——
1368 1184 1564 1242 Sequitur
1592 1184 1727 1242 Caput

101 1260 175 1313 III,
199 1262 305 1303 sicut
327 1258 501 1316 aequale
523 1258 575 1301 de
598 1261 858 1300 sacramento
883 1255 1073 1312 baptismi
1101 1257 1368 1311 inscriptum:
1398 1254 1454 1298 De
1476 1254 1628 1298 ritibus
1651 1258 1726 1299 sci·

100 1332 215 1375 licet:
254 1329 475 1374 verborum
527 1328 714 1371 formulis
763 1327 996 1381 recitandis,
1036 1332 1075 1369 et
1123 1326 1398 1369 caeremoniis
1445 1339 1517 1369 seu
1565 1326 1726 1370 actibus

99 1402 298 1460 ponendis
332 1403 369 1443 in
407 1402 595 1456 proxima
631 1398 830 1442 relatione
863 1398 913 1441 ad
949 1403 1161 1440 extremae
1194 1396 1404 1440 unctionis
1436 1396 1723 1452 collationem3

99 1474 150 1516 de
186 1472 263 1515 illis
295 1484 444 1527 nempe
477 1482 583 1528 quae
617 1468 1022 1512 iure·ecclesiastico
1068 1470 1346 1523 praescriptae
1394 1472 1488 1510 511111
1536 1469 1574 1509 111
1625 1469 1727 1510 111115

99 1543 229 1586 divini
263 1542 666 1584 determinationem.
702 1538 789 1582 Hae
824 1541 1170 1595 praescriptiones
1202 1551 1246 1580 se
1280 1538 1464 1581 referunt
1495 1538 1545 1581 ad
1590 1551 1723 1581 remo-

98 1619 179 1656 tam
216 1613 430 1655 materiam
465 1610 542 1653 sub
575 1622 664 1653 can.
691 1609 775 1652 945
808 1613 848 1651 et
881 1608 981 1659 946,
1005 1619 1110 1664 quae
1143 1607 1192 1650 ad
1231 1609 1444 1650 materiam
1469 1620 1566 1650 vero
1586 1610 1723 1663 proxi-

102 1696 207 1726 mam
242 1688 282 1726 et
315 1684 487 1725 formam
522 1680 645 1723 huius
676 1681 924 1723 sacramenti
958 1678 1034 1721 sub
1066 1691 1154 1721 can.
1181 1678 1263 1720 947
1299 1679 1546 1720 continetur.

217 1754 314 1797 ⁶290.
335 1755 407 1798 De
425 1754 519 1798 olei
537 1753 894 1798 benedictione.
918 1775 968 1780 —-
992 1747 1092 1791 Can.
1111 1750 1218 1792 945.
1237 1746 1383 1791 Oleum
1402 1747 1626 1803 olivarum,
1642 1762 1720 1791 non

98 1826 273 1869 aliorum
307 1829 441 1867 terrae
477 1824 700 1876 fructuum,
737 1821 778 1863 in
812 1825 1075 1863 sacramento
1108 1824 1321 1862 eoelremae
1355 1818 1566 1862 [metionis
1602 1818 1725 1862 adhi-

98 1895 272 1938 bendum
305 1894 355 1938 ad
391 1896 479 1937 61115
516 1893 785 1947 validitatem,
821 1897 863 1935 111
897 1891 1113 1947 probatum
1151 1895 1286 1932 manet
1313 1892 1351 1932 in
1376 1902 1466 1933 can.
1492 1889 1724 1944 937,debec

98 1981 186 2009 esse
218 1965 273 2009 ad
307 1964 393 2019 hor,
427 1964 618 2008 substitui
653 1977 752 2019 ergo
787 1965 930 2019 nequit
969 1975 1039 2018 per
1086 1973 1249 2004 sacrum
1301 1960 1483 2003 chrisma
1531 1960 1724 2004 oleumve

98 2037 506 2089 cathecumenorum,
541 2033 799 2077 benedietmn
832 2032 959 2090 (quod
1012 2041 1227 2088 propterea
1277 2031 1412 2073 oleum
1464 2031 1724 2074 infirmorum

99 2105 368 2163 nominatur),
401 2118 507 2163 quae
543 2105 774 2148 benedictio
807 2109 869 2147 est
901 2105 1133 2146 necessaria
1170 2104 1366 2145 materiae
1399 2101 1545 2144 53116111
1579 2114 1628 2144 ex
1663 2101 1723 2144 di-

102 2180 196 2220 vino
244 2182 477 2234 praecepto,
524 2189 620 2219 nam
668 2174 791 2219 Conc.
838 2173 948 2217 Trid.
989 2176 1066 2216 ait:
1108 2187 1194 2216 «ex
1231 2172 1455 2228 apostolica
1489 2172 1722 2226 traditione,

98 2248 281 2292 Ecclesia
305 2248 449 2290 didicit
474 2249 687 2289 materiam
711 2259 799 2289 esse
823 2245 959 2288 oleum
983 2243 1034 2287 ab
1056 2243 1258 2300 Episcopo
1284 2242 1548 2286 benedictum
1568 2258 1587 2283 ))
1626 2242 1724 2298 (loc.

98 2321 166 2363 cit.
199 2331 288 2374 cap.
326 2317 382 2374 1),
416 2317 486 2360 sed
520 2317 671 2360 sufficit
703 2316 812 2373 quod
848 2316 1028 2359 data-sit.
1062 2315 1314 2357 disiunctive
1347 2313 1389 2369 a)
1416 2311 1465 2354 ab
1497 2310 1723 2370 Episcopo,

99 2402 191 2432 nam
231 2391 314 2431 «in
349 2388 540 2431 omnibus
573 2388 858 2440 sacramentis,
892 2398 998 2443 quae
1033 2385 1219 2441 indigent
1253 2385 1423 2426 materia
1452 2383 1725 2438 sanctificata,

100 2462 230 2516 prima
263 2460 534 2502 sanctificatio
568 2460 765 2501 materiae
797 2458 841 2500 111
876 2470 947 2513 per
981 2450 1238 2512 episcopum,
1272 2459 1311 2497 et
1345 2467 1441 2497 usus
1473 2453 1724 2510 quandoque

100 2544 170 2587 per
217 2530 491 2579 sacerdotem,
543 2534 584 2571 ut
631 2528 871 2571 ostendatur
903 2525 1172 2570 sacerdotalis
1206 2529 1384 2581 potestas
1415 2523 1467 2567 ab
1500 2522 1723 2579 episcopali

98 2601 300 2655 derivata,
333 2602 455 2655 (sicut
487 2603 608 2642 etiam
644 2599 746 2642 haec
780 2611 800 2641 a
851 2596 1028 2650 Christo,
1062 2598 1191 2649 cuius
1212 2608 1355 2638 omnes
1403 2599 1498 2637 sunt
1548 2595 1722 2636 ministri

99 2684 146 2715 ac
178 2671 481 2727 dispensatores
513 2663 888 2720 sacramentorum)
920 2667 1150 2710 secundum
1186 2665 1284 2708 illud
1307 2666 1339 2707 ¹:
1375 2664 1493 2708 Sicut
1542 2677 1724 2720 unquen-

217 2825 229 2845 1
256 2823 400 2857 Psalm.
430 2822 633 2865 CXXXII,
662 2822 684 2854 ·2
