1971 3261
215 150 286 181 400
618 147 701 182 Lus.
728 148 798 182 III.
825 169 837 174 -
864 149 975 184 PARS
1000 150 1030 183 I.
1060 170 1071 175 -
1099 150 1154 185 De
1179 151 1443 187 Sacramentz's
1640 152 1738 206 LCan.
1765 153 1835 188 978

175 303 178 306 .
210 267 325 318 dant,
361 272 401 309 ut
436 269 473 309 in
501 268 547 308 iis
580 278 673 309 cum
707 270 840 309 aetate
876 268 986 310 vitae
1019 270 1228 323 meritum,
1263 274 1301 311 et
1325 269 1511 312 doctrina
1538 272 1669 313 maior
1700 283 1837 314 accre-

211 342 360 382 scat».
393 363 450 368 —
480 335 618 381 Canon
657 350 767 389 ver0‚
803 337 968 391 relictis,
1005 343 1123 394 prout
1156 338 1207 382 de
1242 352 1367 393 more,
1394 342 1494 383 iuris
1518 340 1760 394 rationibus,
1783 354 1833 384 ex

209 407 334 452 Conc.
369 407 479 451 'ft-id.
517 410 743 450 mutuavit:
779 406 926 464 quibus
961 408 1282 463 perdurantibus
1314 411 1544 453 interstitiis
1574 410 1759 468 promoti
1790 411 1834 453 in

210 478 387 535 receptis
422 491 551 534 usque
585 482 694 532 tunc,
729 478 800 521 sed
847 481 1088 534 praesertim
1133 479 1290 534 ultimo,
1334 479 1566 535 ordinibus,
1610 480 1834 524 secundum

209 548 409 607 Episcopi
440 548 751 606 praescriptum
784 549 919 606 quoad
944 549 1233 606 frequentiam,
1259 551 1425 593 modum
1451 556 1488 594 et
1510 552 1643 594 locum
1668 564 1832 594 sacrum
1867 549 1868 552 ’

210 623 248 663 in
284 633 365 677 quo
398 633 486 662 sese
517 624 752 673 coeerceunt,
790 619 1047 676 verbumque
1095 623 1305 664 continent
1349 623 1501 665 iussum
1536 621 1586 666 ab
1631 622 1833 678 Episcopo

208 691 294 733 solo
331 690 628 733 moderandum
664 691 799 747 quoad
834 693 922 734 eius
957 690 1190 734 utriuslibet
1233 691 1332 734 cleri
1376 692 1574 747 subditos,
1622 692 1833 748 religiosos

209 764 332 804 etiam
369 774 446 804 non
482 765 709 816 exemptos.

323 832 351 889 ξ
385 831 421 874 2.
460 831 696 874 lnterstitia
729 833 862 888 quoad
889 846 1031 875 eorum
1056 833 1315 876 durationem
1346 839 1387 885 a)
1407 833 1591 890 primam
1615 840 1831 878 tonsuram

204 903 318 945 inter
350 908 388 945 et
421 903 706 957 ostimiatum,
730 905 797 959 qui
823 911 883 946 est
917 904 1082 946 intimus
1104 904 1206 946 ordo
1231 906 1376 959 minor,
1412 903 1454 960 b)
1488 903 1551 947 vet
1592 904 1704 947 inter
1745 906 1829 948 sin-

199 973 326 1030 gulos
357 973 526 1016 ordines
558 973 741 1016 minores
776 987 904 1032 usque
937 975 986 1017 ad
1030 975 1327 1032 acolytliatum,
1367 977 1437 1032 qui
1481 980 1541 1018 est
1581 989 1723 1018 eorum
1763 990 1829 1019 su-

210 1057 390 1100 premus,
420 1044 624 1102 prudenti
647 1044 831 1102 episcopi
863 1044 1033 1095 iudicio,
1058 1046 1167 1103 quod
1192 1048 1385 1102 supponit
1420 1048 1617 1089 rationem
1643 1060 1714 1089 seu
1738 1060 1830 1090 cau-

205 1128 308 1171 sam,
344 1129 421 1158 non
459 1130 531 1172 pro
565 1119 653 1159 eius
687 1115 814 1171 libito,
848 1117 1177 1171 remmittuntur,
1215 1116 1352 1161 verbis
1384 1116 1554 1160 Concilii
1587 1116 1725 1162 Trid¹.
1761 1130 1829 1174 pa-

207 1199 298 1229 rum
331 1187 403 1229 sed
438 1192 557 1230 caute
602 1189 786 1239 mutatis;
826 1190 864 1242 a)
898 1186 1119 1246 acolythus
1152 1201 1246 1230 vero
1280 1187 1335 1230 ad
1366 1186 1725 1243 subdiaconatum,
1759 1190 1829 1243 qui

205 1262 266 1300 est
315 1258 415 1300 ordo
466 1257 520 1299 illi
569 1257 826 1315 subsequens
868 1260 1010 1312 maior,
1057 1258 1095 1314 b)
1129 1257 1409 1302 subdiaconus
1451 1258 1507 1301 acl
1545 1258 1828 1313 diaconatum,

201 1328 245 1384 ⁴c)
279 1327 482 1371 diaconus
516 1327 571 1371 ad
600 1328 936 1386 presbyteratum
972 1343 1022 1371 ne
1055 1335 1180 1372 antea
1211 1335 1551 1386 promoveantur,
1574 1332 1648 1372 etsi
1683 1342 1826 1385 parum

208 1400 405 1453 temporis
440 1398 621 1451 deficiat,
656 1412 779 1455 quam
811 1399 852 1456 a)
885 1398 1106 1457 acolythus
1140 1414 1266 1442 tinum
1299 1399 1448 1443 saltem
1486 1413 1655 1449 annum,
1702 1405 1743 1443 ut
1776 1413 1827 1442 ex

200 1468 299 1513 Con.
335 1468 446 1512 Trid.
482 1471 519 1512 in
555 1482 644 1525 cap.
680 1470 729 1512 11
767 1472 849 1524 cit,
873 1476 912 1514 et
935 1472 1260 1527 computandum
1289 1487 1311 1512 «
1335 1476 1453 1527 prout
1479 1473 1516 1513 in
1541 1470 1778 1514 calendario
1801 1485 1822 1510 n

203 1553 283 1583 non
315 1540 450 1597 quoad
496 1541 604 1583 idem
648 1546 809 1597 tempus
850 1542 1156 1585 ordinationum
1198 1542 1450 1598 liturgicum,
1496 1544 1577 1585 imo
1625 1544 1827 1599 «primus

203 1611 291 1654 dies
325 1611 415 1668 (seu
450 1612 739 1669 ordinationis)
775 1625 825 1655 ne
858 1617 1121 1669 computetur
1154 1621 1193 1655 et
1227 1617 1388 1669 tempus
1411 1614 1552 1656 tinitur
1585 1613 1748 1669 expleto
1772 1612 1826 1656 ul·

204 1684 301 1724 timo
326 1682 392 1725 die
416 1682 600 1725 eiusdem
629 1685 788 1725 muneri
813 1698 832 1723 1)
873 1685 1024 1726 mensis
1055 1695 1178 1738 quam
1214 1685 1252 1725 in
1287 1695 1394 1726 anno
1429 1683 1578 1739 praeci.
1612 1691 1721 1736 (can.
1758 1683 1826 1736 32,

197 1754 226 1805 g
260 1751 298 1807 3,
326 1751 382 1806 1⁰,
408 1752 483 1807 30).
516 1752 547 1795 E
581 1756 722 1796 contra
747 1752 884 1797 Conci.
908 1752 1032 1798 Tridi.
1060 1753 1124 1796 lex
1149 1753 1266 1796 alteri
1292 1766 1415 1810 supra
1439 1756 1542 1796 cit³⁹.
1567 1766 1615 1796 ex
1652 1766 1741 1808 cap.
1773 1753 1821 1795 11

207 1822 325 1865 valde
359 1823 504 1865 similis
539 1824 643 1866 tacta
678 1829 738 1866 est
772 1825 910 1867 mitior
944 1826 981 1866 in
1007 1823 1084 1866 hoc
1107 1836 1265 1866 canone
1289 1824 1560 1880 adiungente:
1587 1823 1630 1881 b)
1664 1822 1828 1866 subdia-

202 1907 327 1936 conus
360 1899 399 1936 et
431 1900 469 1948 c)
502 1894 706 1937 (li'aconus
741 1900 824 1937 tres
856 1894 1006 1937 saltem
1039 1908 1210 1950 ilienses,
1256 1894 1400 1938 eodem
1448 1895 1568 1937 modo
1601 1907 1649 1938 ac
1682 1906 1824 1951 supra-

201 1965 336 2008 dictus
369 1977 501 2008 annus
534 1966 848 2021 computandos,
873 1966 915 2008 in
950 1980 1025 2008 suo
1059 1965 1233 2023 quisque
1257 1978 1397 2008 corum
1423 1965 1586 2020 ordine,
1612 1965 1824 2008 videlicet:

200 2034 536 2091 subdiaconatus,
571 2037 869 2080 diaconatusve
900 2035 1064 2094 fuerint
1097 2036 1268 2089 versati,
1297 2040 1336 2079 et
1363 2036 1547 2080 clausula
1570 2035 1825 2080 subinfertur

201 2108 240 2148 in
265 2118 422 2149 canone
452 2122 471 2147 ((
495 2120 589 2150 cum
619 2109 747 2150 veteri
774 2109 861 2150 iure
883 2106 1024 2165 (Conc.
1049 2107 1158 2150 Trid.
1183 2119 1270 2163 cap.
1302 2107 1368 2161 ll)
1399 2120 1634 2163 congruens
1656 2122 1704 2149 »ι
1739 2106 1825 2149 nisi

200 2177 438 2225 necessitas,
474 2183 547 2220 [tut
581 2177 749 2220 utilitas
780 2177 1012 2232 Ecclesiae,
1044 2177 1201 2221 iudicio
1229 2177 1443 2236 Episcopi,
1469 2177 1590 2221 aliud
1612 2183 1821 2235 eoeposcat.

318 2248 471 2291 Eadem
508 2251 633 2305 igitur
666 2251 950 2305 interpretatio
984 2254 1045 2293 est
1073 2249 1291 2292 tribuenda
1317 2251 1430 2292 iuxta
1454 2262 1544 2292 can.
1570 2251 1607 2304 6,
1634 2249 1677 2292 2⁰
1701 2253 1740 2292 et
1764 2247 1822 2303 3⁰,

200 2324 238 2362 et
272 2322 465 2376 quamvis
500 2319 624 2363 verba
662 2320 903 2363 viderentur
937 2322 1102 2376 proprie
1137 2322 1349 2378 requirere
1384 2319 1572 2376 Episcopi
1609 2320 1822 2373 iudicium,

203 2390 463 2446 perpendens
497 2393 750 2434 necessitatis
782 2396 852 2434 aut
886 2391 1071 2434 utilitatis
1094 2391 1382 2434 sufficientiam
1410 2393 1447 2434 in
1474 2396 1661 2447 respectu
1686 2390 1736 2433 ad
1760 2403 1824 2434 ca-

199 2462 318 2503 nonis
352 2460 720 2515 inobservantiam,
761 2475 848 2504 «ex
885 2464 973 2505 iure
1006 2464 1212 2519 antiquo»
1253 2464 1519 2518 interpretata
1553 2466 1647 2504 sunt
1675 2461 1821 2518 «apud

205 2531 398 2587 probatos
430 2536 665 2575 auctores»
703 2533 754 2575 de
799 2545 898 2576 vera
942 2533 1246 2589 dispensatione
1292 2536 1458 2589 propter
1496 2531 1601 2575 hanc
1643 2533 1823 2574 taxative

203 2615 372 2645 causam
408 2603 688 2651 concedenda,
723 2616 798 2646 nec
831 2602 1020 2659 Episcopi
1052 2603 1294 2660 prudentiae
1319 2605 1489 2646 remissa
1515 2607 1634 2659 prout
1656 2615 1676 2645 a
1700 2601 1823 2646 Cone.

198 2671 315 2716 ‘'ln-td.
350 2673 504 2716 sactum
542 2674 672 2716 tuerat
705 2674 840 2731 quoad
877 2676 1092 2717 interstitia
1128 2675 1233 2716 inter
1263 2673 1604 2717 subdiaconatum
1627 2677 1667 2715 et
1689 2672 1823 2716 diaco-

196 2747 357 2786 uatum.

316 2897 327 2918 1
355 2895 446 2940 cap.
477 2897 531 2938 13,
557 2897 618 2930 14.
