1971 3261
101 159 196 195 Can.
223 158 294 193 876
631 157 713 191 Trr.
741 157 805 191 IV.
834 177 845 182 -
873 158 928 192 De
956 159 1201 193 Poenitentia
1665 162 1737 194 223

103 277 348 334 religione»
392 280 499 332 (can.
536 275 632 329 488,
654 274 733 331 7⁰),
767 277 855 317 sive
888 276 1089 332 simplicia
1124 280 1213 320 sive
1245 278 1458 324 solemnia.
1495 281 1615 321 etiam
1654 293 1736 322 mo—

102 346 270 390 nialium
307 344 569 402 regularibus
616 344 915 400 subiectarum,
949 361 997 387 m·
1031 347 1304 389 noviliarium
1349 350 1443 390 item
1484 366 1503 386 «
1538 362 1732 405 quarum-

99 429 278 474 cumque
302 431 342 467 )),
366 428 444 458 non
472 428 570 458 vero
597 414 889 471 postulantium
921 416 979 459 vel
1006 418 1179 460 aliarum
1223 418 1442 461 mulierum
1470 422 1506 460 in
1538 419 1732 463 domibus

101 489 303 544 religiosis
335 486 576 542 degentium
615 485 676 528 vel
703 485 779 528 sub
805 488 1091 542 religiosarum
1118 502 1230 542 eura,
1258 502 1331 531 nec
1356 491 1476 531 etiam
1512 490 1731 532 mulierum

101 562 137 602 in
171 559 382 602 communi
416 556 655 613 degentium
706 558 793 599 sine
832 559 949 612 rotis,
984 561 1177 614 ‹piamris
1212 558 1283 601 lias
1331 562 1602 616 aequiparare
1639 562 1727 603 reli-

96 631 222 687 giosis
256 632 420 685 possent
453 624 665 672 Ordinarii
701 629 738 669 in
774 628 1039 670 concedenda
1066 630 1114 671 ad
1150 631 1429 673 confessiones
1462 633 1733 687 excipiendas

96 700 356 757 delegatione
380 698 430 742 ad
451 709 638 741 normam
665 710 754 740 can.
783 698 880 747 878,
904 700 928 751 ξ
957 699 990 749 l,
1020 698 1156 741 valide
1179 705 1217 741 el
1241 699 1357 742 lit-ile
1390 701 1666 758 1·(›1·1'piemla.s·,
1691 708 1727 746 οι

98 772 172 816 bac
206 769 390 815 clausula
424 770 603 813 edicitur
637 772 723 811 tum
760 769 1088 812 iurisdictionem
1123 771 1195 812 sori
1221 772 1533 815 sacramentalis
1571 775 1657 816 sine
1685 773 1727 815 li-

96 841 379 886 mitationibus
412 852 652 896 expressam
690 841 728 881 vi
764 839 886 882 liuius
919 842 1089 883 canonis
1122 841 1171 883 ad
1198 843 1402 896 praefatas
1438 843 1651 898 religiosas
1689 850 1725 887 et

95 914 273 956 novitias
306 925 386 955 nou
421 910 604 962 extendi,
638 913 723 952 tum
760 909 968 966 prohiberi
1006 913 1227 967 quominus
1260 915 1513 955 contrarium
1551 915 1629 959 liat,
1657 914 1727 956 ad-

95 985 220 1028 dente
254 996 440 1027 canone:
473 980 686 1040 peculiari
719 980 1016 1023 iurisdietione
1065 981 1269 1038 τήιΙιῃθηΙ,
1303 982 1482 1026 scilicet:
1519 998 1622 1040 quae
1656 985 1729 1027 ali·

93 1059 298 1113 quatenus
342 1055 602 1110 exprimatur
651 1066 724 1108 pro
774 1051 853 1094 illis
903 1054 1089 1108 personis
1137 1054 1411 1096 determinate
1459 1055 1560 1099 ‹lai-i.
1615 1055 1732 1097 ,wilm

90 1124 359 1184 praescripto
393 1138 485 1167 caiz.
519 1124 627 1174 239,
659 1122 687 1180 ξ
721 1125 755 1171 1,
791 1137 830 1164 η.
866 1125 902 1173 1,
936 1122 1012 1165 lioc
1048 1128 1108 1165 est
1146 1139 1164 1162 ((
1189 1122 1306 1166 salvo
1334 1141 1348 1160 »
1378 1126 1415 1167 s.
1442 1123 1487 1168 R.
1527 1124 1570 1168 E.
1595 1126 1732 1168 (lardi-

92 1196 248 1240 nalium
283 1194 518 1252 privilegio,
555 1193 664 1251 quod
702 1192 778 1236 sub
812 1192 973 1236 verbis:
1015 1208 1036 1233 α
1064 1196 1187 1236 etiam
1223 1193 1370 1250 (veluti
1405 1206 1425 1237 a
1460 1195 1633 1251 fortiori)
1671 1210 1727 1238 re-

93 1267 335 1324 ligiosorum
360 1268 576 1322 utriusque
598 1277 763 1308 sexus»
806 1265 986 1307 novitias
1009 1277 1176 1321 (pioque
1201 1277 1344 1307 omnes
1378 1265 1731 1321 comprehendere

91 1352 170 1382 non
204 1343 264 1382 est
297 1337 487 1391 dubium,
522 1348 615 1380 nam
652 1338 688 1379 in
726 1335 803 1379 hac
838 1349 881 1379 re
916 1335 1050 1379 locum
1089 1335 1211 1379 habet
1246 1349 1319 1392 reg
1368 1336 1420 1378 33
1460 1339 1558 1379 iuris
1593 1338 1629 1379 in
1657 1338 1729 1377 (ἰοὶ

97 1425 116 1450 (ι
143 1409 237 1453 Plus
269 1422 436 1465 semper
471 1410 508 1450 in
543 1421 587 1451 se
638 1409 822 1451 continet
854 1406 963 1464 quod
999 1411 1060 1450 est
1095 1409 1230 1449 minus
1252 1422 1301 1459 »ς
1339 1409 1491 1463 pariter
1524 1420 1727 1450 canonum

91 1482 201 1533 522,
233 1481 342 1535 523,
379 1493 452 1535 pro
487 1477 652 1522 casibus
686 1480 724 1521 in
759 1477 911 1535 quibus
944 1478 1096 1521 sufficit
1128 1477 1334 1532 generalis
1379 1477 1621 1532 iurisdictio,
1656 1492 1727 1521 seu

93 1556 134 1595 ut
168 1551 321 1595 ibidem
357 1551 537 1594 dicitur:
569 1550 912 1594 «confessarium
939 1548 989 1592 ab
1015 1546 1239 1593 Ordinario
1264 1549 1340 1592 loci
1378 1563 1449 1604 pro
1487 1548 1730 1592 mulieribus

90 1621 366 1680 approbatum
392 1638 431 1676 ))‚
485 1620 704 1679 «quilibet
741 1621 938 1664 sacerdos
971 1621 1020 1663 ad
1058 1619 1275 1664 mulierem
1311 1621 1589 1663 consessiones
1621 1623 1728 1663 exci-

90 1693 262 1750 piendas
293 1692 560 1750 approbatus,
586 1694 660 1735 etsi
686 1705 765 1735 non
801 1691 1031 1735 destinatus
1071 1691 1333 1747 religiosis»,
1369 1704 1416 1734 ac
1452 1690 1554 1734 bene
1588 1695 1726 1733 notan-

88 1765 188 1808 dum
222 1770 283 1808 est
331 1766 599 1808 commentati
632 1763 660 1822 ἓ
695 1763 732 1806 1¹
768 1765 1070 1820 praescriptum
1124 1762 1378 1805 validitatem
1424 1764 1629 1818 attingens
1664 1775 1727 1803 re-

88 1838 249 1893 spicere
273 1836 431 1879 directe
450 1847 647 1892 personas
671 1837 780 1891 ipsas
808 1847 879 1877 seu
907 1836 1182 1891 poenitentiae
1210 1835 1457 1876 sacramenti
1477 1832 1727 1885 subiectum,

90 1920 169 1950 non
205 1906 341 1950 locum
386 1905 454 1950 ubi
489 1918 633 1949 earum
677 1906 959 1949 confessiones
992 1904 1230 1958 audiantur,
1263 1903 1313 1947 de
1347 1917 1427 1960 quo
1461 1908 1610 1946 (tarent
1654 1916 1724 1946 ex-

85 1980 296 2034 ceptiones
327 1980 549 2021 citatorum
585 1990 808 2021 canonum.

202 2051 227 2101 ἐ
261 2049 298 2093 2.
332 2047 453 2091 Hanc
485 2047 828 2091 iurisdictionem
861 2047 911 2090 de
945 2059 1025 2103 qua
1061 2048 1098 2088 in
1131 2059 1267 2102 praec.
1301 2048 1359 2099 ἕο,
1393 2045 1572 2089 scilicet:
1613 2061 1633 2084 <‹
1670 2046 1720 2087 ad

83 2120 360 2163 confessiones
392 2131 757 2177 quarumcumque
792 2118 1082 2174 religiosarum
1117 2128 1164 2160 ac
1197 2118 1465 2159 noviti-arium
1514 2115 1648 2158 valide
1683 2119 1724 2157 et

86 2192 194 2234 licite
228 2190 488 2247 recipiendas
522 2189 825 2246 peculiarem»
856 2187 1033 2246 confert,
1066 2187 1239 2244 proinde
1279 2186 1508 2230 iurisdictio
1532 2186 1721 2242 delegata

83 2264 161 2305 erit
193 2261 243 2305 ad
280 2273 467 2304 normam
502 2274 592 2304 can.
630 2261 727 2316 197,
763 2268 787 2313 ᾗ
816 2261 852 2312 l,
886 2259 967 2302 loci
1003 2258 1278 2308 ost-(linarias,
1304 2257 1371 2301 ubi
1409 2256 1722 2314 reliyiosarum.

83 2345 258 2390 quarum
292 2344 493 2375 earumve
527 2333 782 2375 novitiarum
818 2331 1098 2374 consessiones
1141 2331 1222 2371 sint
1257 2327 1544 2384 excipiendae,
1578 2327 1725 2369 domus

82 2403 167 2446 sila
200 2408 273 2458 est,
308 2405 501 2461 equidem
535 2407 817 2458 congruenter
849 2414 940 2444 can.
975 2400 1075 2452 874,
1108 2402 1133 2453 ξ
1169 2399 1207 2453 1,
1247 2411 1339 2442 nam
1378 2412 1449 2454 pro
1500 2399 1720 2441 confessio-

84 2473 203 2517 nibus
237 2476 274 2517 in
308 2473 432 2516 domo
457 2472 524 2516 illa
550 2472 798 2529 peragendis
824 2477 865 2515 ut
886 2472 1110 2528 plurimum
1136 2474 1197 2513 est
1222 2471 1455 2513 necessaria
1493 2468 1723 2511 iurisdictio

83 2543 317 2601 peculiaris,
352 2545 464 2587 iuxta
499 2545 765 2600 exceptiones
813 2542 1060 2599 praedictas,
1111 2540 1361 2583 conserenda
1403 2553 1499 2582 vero
1544 2538 1598 2580 ad
1632 2551 1723 2579 ›mr-

82 2627 191 2656 mam
225 2628 314 2659 can.
350 2616 458 2658 525.
495 2640 548 2645 —
571 2614 757 2658 Scilicet:
798 2630 818 2654 «
841 2615 872 2656 si
910 2612 1199 2668 religiosarum
1236 2611 1385 2654 domus
1418 2611 1511 2654 Sedi
1547 2609 1718 2664 Aposto-

82 2685 187 2728 licae
220 2685 459 2729 immediate
491 2685 677 2729 subiecta
711 2687 762 2727 sit
798 2683 859 2727 vel
885 2681 1110 2727 Ordinario
1136 2681 1228 2733 loci,
1253 2681 1318 2724 hic
1343 2681 1456 2737 eligit
1482 2680 1722 2723 sacerdotes

80 2768 101 2797 a
136 2755 464 2799 confessionibus
497 2760 582 2799 tum
607 2755 840 2798 ordinarios
865 2759 948 2797 tum
985 2752 1402 2803 extraordinarios»,
1439 2750 1589 2808 quibus:
1623 2763 1717 2791 ron-

82 2827 181 2868 t'erat
217 2826 544 2870 iurisdictionem
582 2825 832 2882 peculiarem
868 2837 990 2880 supra
1026 2823 1204 2875 dictamg
1245 2824 1320 2865 «si
1356 2823 1566 2877 Superiori
1595 2833 1714 2875 regu-

80 2894 200 2938 lari»
236 2895 420 2940 subiecta
454 2899 505 2939 sit
538 2897 686 2947 domus
718 2908 789 2938 seu
827 2895 1121 2937 monasterium
1159 2892 1418 2942 monialium,
1459 2908 1479 2927 >«
1510 2891 1573 2932 lm·
1608 2902 1716 2932 v‹·on.
