1971 3261
106 140 200 176 Can.
226 139 297 174 995
681 139 766 173 Ti'r.
797 140 863 174 VI.
894 161 903 165 -
933 141 988 175 De
1018 141 1162 175 Ordine
1668 142 1735 175 461

222 257 460 314 Adimpleto
495 257 613 314 plene
648 261 918 314 interpretato
955 262 1222 316 praescripto,
1257 260 1414 303 obtinet
1449 262 1608 317 praxim
1643 265 1667 311 ᾗ
1697 260 1734 305 2.

105 327 354 386 Episcopus,
386 330 504 371 cuins
538 330 704 371 nomine
742 345 763 368 «
789 331 901 371 venit
934 343 1100 386 quoqne
1134 329 1274 373 Abbas
1311 331 1372 373 vel
1411 330 1620 373 l'raelatus
1654 331 1738 373 nul-

106 398 223 442 lius»
271 398 380 455 (can.
416 398 512 452 ⁶215,
547 400 572 452 ἓ
605 398 647 455 9.)
682 398 826 441 saltem
878 399 1010 455 quoad
1047 401 1214 443 ordines
1259 403 1437 443 minores
1471 414 1517 443 ac
1563 403 1735 457 primam

106 474 316 525 tonsuram
353 471 465 512 iuxta
499 469 637 512 datam
674 471 1056 525 interpretationem
1087 485 1178 514 can.
1204 471 1302 526 9357,
1338 474 1419 513 imo
1443 477 1480 514 et
1510 470 1739 514 «vicarius

104 552 153 584 ac
203 540 437 583 Praefectus
470 539 799 596 Apostolicus»,
841 553 1014 595 nempe:
1059 541 1256 584 ordinans
1306 541 1542 597 religiosum
1578 544 1636 585 sic
1679 541 1737 584 di-

108 613 275 654 missum
312 610 360 653 ad
401 610 582 661 ordines,
615 612 705 653 sive
749 610 954 653 dioecesis
993 626 1012 650 (1
1033 613 1069 653 111
1105 625 1183 667 qna
1228 614 1302 654 sita
1349 617 1409 654 est
1450 612 1598 655 domus
1648 611 1740 654 reli-

105 683 258 738 giosa»
296 681 507 737 praedicta
542 680 652 738 (can.
677 680 796 737 965),
820 682 909 724 sive
942 680 1113 724 alterius
1146 684 1182 723 in
1219 682 1383 725 casibus
1413 696 1502 725 can.
1529 684 1626 736 966,
1650 683 1678 739 3⁰
1703 682 1740 735 1,

105 755 144 795 61
177 753 247 809 qui
282 752 331 795 ad
367 764 555 794 normam
591 764 681 794 can.
707 751 805 801 973,
840 756 864 805 ᾗ
897 751 920 793 3
960 751 1213 795 «moraliter
1247 757 1385 795 certus
1418 755 1469 795 sit
1502 758 1660 809 oportet
1690 753 1741 796 de

106 822 379 879 promovendi
414 823 613 865 canonica
649 821 886 873 idoneitate,
920 821 1102 879 acceptis
1136 822 1190 864 iis
1223 836 1316 865 cum
1360 823 1569 879 praedicta
1606 823 1740 866 multi-

107 893 200 950 plici
234 895 495 936 attestatione
538 892 591 936 ob
640 905 774 949 praec.
811 898 864 946 ξω
908 892 1067 935 litteris
1114 892 1387 946 dianas-oriols,
1425 896 1497 937 etsi
1550 897 1670 937 unico
1703 899 1741 937 ot

104 963 250 1007 eodem
286 963 380 1006 folio
414 962 666 1015 authentico,
704 962 805 1005 aliis
856 962 1211 1006 testimonialibus
1255 962 1412 1006 litteris
1458 978 1537 1007 non
1582 964 1742 1021 imliyet

105 1034 155 1078 ad
192 1034 269 1078 hoc
304 1047 353 1077 ne
392 1036 678 1090 «gravissime
711 1038 867 1090 peccet,
899 1046 947 1077 ac
993 1034 1178 1089 periculo
1212 1048 1301 1077 sese
1335 1037 1565 1077 committat
1598 1034 1743 1078 alienis

105 1104 441 1148 communicandi
478 1106 658 1161 peccatis
676 1119 696 1145 »
725 1104 831 1160 (can.
858 1104 956 1158 973,
979 1103 1008 1162 ἓ
1032 1103 1090 1161 3),
1127 1118 1198 1160 per
1230 1104 1338 1147 hunc
1363 1118 1562 1147 canonem
1591 1108 1743 1148 reiecto

108 1174 343 1219 huiusmodi
368 1174 508 1218 debito
543 1177 580 1217 in
605 1175 872 1231 Superiorem
897 1174 1137 1230 religiosum
1165 1175 1321 1218 litteras
1346 1175 1602 1218 dimissorias
1628 1188 1742 1231 prae-

107 1248 209 1290 fatas
226 1246 538 1289 concedentem.
562 1245 647 1288 Nec
667 1245 705 1287 id
732 1250 936 1301 repugnat
960 1247 1290 1302 interpretationi
1316 1246 1436 1289 (latae
1460 1245 1508 1288 ad
1535 1259 1624 1289 can.
1645 1245 1743 1300 993,

108 1317 167 1370 50,
201 1320 297 1375 quia
333 1316 402 1371 ibi,
436 1329 515 1359 non
552 1315 629 1360 hoc
663 1318 702 1359 in
738 1316 840 1371 loco,
875 1319 1015 1373 agitur
1054 1317 1143 1360 «de
1178 1316 1384 1372 religiosis
1416 1319 1530 1374 qui...
1565 1317 1746 1360 saecula-

110 1390 215 1432 rium
252 1390 341 1431 iure
376 1391 640 1444 reguntur».

229 1504 309 1541 374.
339 1509 408 1541 lus
434 1508 702 1549 praecedens
729 1508 780 1541 de
799 1508 1026 1541 scrutiniis
1045 1509 1158 1541 circa
1185 1509 1468 1542 ordinandos.
1491 1528 1531 1531 —
1553 1506 1634 1541 Tria
1653 1518 1745 1541 scru-

109 1566 196 1602 tinia
224 1576 297 1602 esse
326 1565 486 1600 facienda
512 1565 663 1600 infertur
688 1569 762 1600 tum
789 1575 829 1600 cx
858 1573 974 1611 capps.
1002 1563 1021 1599 5
1048 1570 1080 1601 et
1108 1564 1127 1600 7
1151 1577 1236 1601 sess.
1268 1565 1374 1600 xxm
1403 1566 1445 1601 de
1472 1565 1545 1601 Ref.
1576 1566 1611 1600 in
1641 1565 1747 1600 Conr.

107 1624 202 1660 Trid.
232 1629 306 1660 tum
333 1635 372 1660 ex
401 1636 430 1659 6.
460 1636 521 1659 un.
552 1624 605 1660 tit.
637 1624 714 1660 «de
740 1624 911 1660 scrutinio
938 1625 973 1659 in
1001 1625 1122 1661 ordine
1151 1625 1340 1661 faciendo»
1374 1625 1413 1670 (Ι,
1443 1625 1514 1669 12).
1545 1625 1580 1659 ln
1601 1625 1659 1660 611.
1680 1636 1708 1660 6.
1728 1623 1748 1659 5

108 1684 157 1719 516
185 1684 352 1729 legimus:
387 1698 400 1715 «
423 1681 490 1727 Qui
518 1683 560 1718 ad
588 1683 746 1728 singulos
775 1683 923 1719 maiores
949 1683 1089 1719 ordines
1115 1689 1219 1719 erunt
1244 1683 1461 1725 assumendi,
1494 1695 1551 1729 per
1592 1694 1746 1719 mensem

107 1749 189 1780 ante
214 1743 472 1779 ordinationem
503 1741 710 1789 Episcopum
737 1743 878 1784 adeant,
907 1745 965 1789 qui
1005 1743 1163 1789 parocho,
1191 1748 1252 1779 aut
1277 1743 1390 1785 alteri,
1420 1743 1474 1778 cui
1512 1743 1622 1788 magis
1648 1753 1747 1788 expe-

108 1801 184 1837 dire
205 1801 388 1843 videbitur,
417 1801 628 1845 committat,
659 1806 695 1836 ut
726 1801 933 1837 nominibus
958 1813 998 1837 ac
1024 1801 1196 1837 desiderio
1222 1813 1354 1843 eornm,
1385 1802 1443 1848 qui
1472 1802 1588 1837 volent
1616 1812 1750 1847 promo-

109 1860 194 1905 veri,
224 1860 361 1907 publice
389 1861 425 1894 in
453 1859 606 1895 Ecclasia
634 1861 827 1906 propositis,
855 1861 897 1896 de
924 1860 1079 1906 ipsorum
1106 1861 1382 1896 ordinandorum
1412 1860 1602 1901 natalibus,
1622 1864 1747 1903 aetate,

111 1919 278 1961 moribus,
298 1924 331 1955 et
357 1919 428 1954 vita
446 1930 466 1954 a
486 1919 551 1954 fide
577 1919 695 1964 dignis
721 1919 908 1965 diligenter
934 1920 1110 1965 inquirat;
1130 1925 1162 1955 et
1190 1920 1321 1955 litteras
1348 1919 1615 1960 testimoniales,
1637 1919 1748 1965 ipsam

110 1978 378 2024 inquisitionem
408 1978 533 2013 factam
562 1978 796 2014 continentes
824 1979 868 2014 ad
897 1978 1012 2024 ipsum
1042 1978 1248 2025 Episcopum
1277 1977 1541 2024 quamprimum
1569 1977 1749 2013 transmit-

110 2042 207 2073 tat».
237 2036 414 2083 imprimis
440 2037 503 2072 hoc
523 2037 638 2083 ipsum
658 2037 870 2072 servandum
892 2042 965 2073 erat
991 2038 1104 2083 quoad
1131 2037 1274 2073 clericos
1292 2037 1487 2073 saeculares
1514 2036 1749 2072 Praelatorum

110 2096 329 2136 inferiorum,
359 2095 417 2141 qui
447 2094 656 2142 Episcopum
683 2107 704 2131 a
731 2107 799 2142 quo
825 2096 974 2142 exempti
1003 2101 1086 2131 sunt
1124 2096 1255 2131 babent
1281 2096 1514 2131 ordinationis
1555 2095 1747 2140 proprium.

109 2155 238 2191 Dicunt
266 2154 335 2190 DD.
355 2154 432 2190 illas
461 2154 752 2201 proclamationes
779 2166 850 2190 non
878 2155 913 2189 in
934 2155 1100 2190 omnibus
1125 2155 1343 2190 dioecesibus
1372 2154 1443 2190 fleri
1472 2154 1612 2189 solitum
1635 2154 1750 2195 fuisse,

109 2225 148 2250 ac
175 2214 331 2261 suppleri
359 2214 572 2249 testimoniis
601 2215 847 2260 parochorum,
878 2214 1124 2260 professorum,
1154 2213 1420 2260 Superiorisque
1458 2213 1655 2249 seminarii.
1685 2212 1750 2249 Sed

112 2275 147 2309 in
174 2274 252 2309 aliis
292 2273 387 2308 iuxta
413 2284 463 2308 cc.
493 2273 738 2317 servabantur,
766 2278 800 2308 et
839 2274 874 2308 in
902 2273 1067 2309 omnibus
1106 2273 1330 2309 laudabiliter
1368 2272 1638 2309 inducebantur.
1669 2283 1751 2307 nam

111 2333 188 2380 ipsa
213 2332 249 2368 S.
279 2330 317 2369 C.
344 2331 451 2378 tnq.1
479 2332 660 2378 respondit
695 2331 944 2378 Episcoporum
972 2332 1132 2368 Austriae
1158 2331 1406 2378 supplicationi
1434 2331 1476 2367 de
1508 2331 1632 2366 litteris
1658 2331 1751 2366 testi-

112 2391 327 2427 monialibus
354 2402 425 2427 non
451 2395 550 2427 tanto
576 2391 689 2436 rigore
714 2391 916 2436 exigendis:
949 2390 1113 2427 «Sedulo
1139 2396 1275 2435 curent,
1298 2402 1342 2426 ne
1369 2390 1508 2437 parochi
1540 2391 1753 2437 praetermit-

112 2455 200 2492 tant,
226 2461 315 2496 quae
341 2454 443 2486 cauta
469 2455 552 2485 sunt
581 2461 639 2496 per
666 2450 772 2486 Cone.
803 2450 898 2485 Trid.
928 2461 1012 2486 sess.
1046 2449 1149 2485 xxnt
1176 2450 1219 2486 de
1247 2449 1319 2485 Res.
1340 2463 1370 2484 ».
1399 2449 1435 2484 ln
1472 2454 1566 2485 textu
1603 2459 1672 2483 non
1700 2446 1752 2484 diss

112 2509 204 2546 citur
231 2520 300 2555 quo
326 2509 382 2544 die
409 2509 460 2545 vel
497 2510 634 2555 quoties
663 2509 842 2545 faciendae
871 2509 942 2544 sint
982 2509 1046 2545 bae
1086 2509 1390 2556 proclamationes,
1420 2519 1483 2544 nec
1522 2519 1590 2554 quo
1629 2508 1750 2553 modo3

116 2569 258 2604 fuerunt
283 2579 364 2613 ergo
381 2569 575 2604 servandae
599 2568 756 2604 diversae
785 2579 919 2614 praxes,
944 2568 1135 2604 dummodo
1152 2573 1256 2615 aptae
1271 2568 1314 2603 ad
1342 2567 1474 2615 Synodi
1494 2567 1589 2602 Trid.
1611 2578 1751 2613 scopum

111 2627 363 2663 obtinendum.

232 2685 433 2721 Secundum
471 2686 683 2721 scrutinium
726 2686 904 2731 praevium
932 2690 1102 2721 statutum
1130 2691 1180 2721 est
1213 2686 1258 2721 ab
1285 2686 1357 2722 eod.
1384 2686 1489 2721 Cone.
1517 2685 1632 2721 aiente
1666 2695 1704 2729 Kc.
1735 2683 1753 2718 7

113 2744 205 2787 cit.):
233 2758 247 2776 «
265 2743 299 2780 S.
319 2742 483 2790 Synodus
502 2744 732 2790 antiquorum
753 2755 931 2780 canonum
951 2745 1104 2790 vestigiis
1124 2745 1350 2786 inhaerendo,
1369 2745 1536 2783 decernit,
1562 2749 1595 2779 nt
1615 2743 1755 2790 quando

236 2886 245 2906 1
273 2885 317 2919 27
346 2886 418 2929 Ap.
449 2885 553 2921 1888.
