1971 3261
133 92 203 126 260
527 89 610 124 LIB.
639 90 713 124 III.
742 110 754 115 -
781 90 905 125 PARS.
929 90 959 125 I.
987 111 996 116 -
1023 90 1079 126 De
1103 91 1368 127 Sam-amentis
1481 89 1575 126 Can.
1601 90 1759 126 894-895

133 210 294 264 domus,
332 210 584 265 provinciae,
618 208 873 264 religionis»
911 208 960 252 ad
1006 221 1192 252 normam
1238 222 1326 253 can.
1364 208 1460 263 537,
1495 208 1601 251 hanc
1639 220 1759 252 casus

134 280 458 323 reservationem
493 277 660 322 abstulit
694 280 808 321 aiens
840 280 877 321 in
912 293 1003 321 ean.
1037 281 1143 322 894.
1185 277 1358 323 Unicum
1390 279 1441 322 ad
1475 278 1757 322 exclusionem

132 350 277 394 ultimo
311 351 408 393 dicti
441 354 657 407 peccalum
691 349 948 406 proindeque
982 351 1022 392 in
1057 350 1143 393 soro
1166 349 1657 403 saci²ainentali,ratione
1678 350 1758 405 sui,

133 435 180 465 eo
213 420 322 478 quod
357 432 574 463 censuram
608 421 714 462 sicut
747 422 861 476 prius
883 419 961 463 hoc
996 423 1033 463 in
1067 420 1157 464 loco
1181 421 1384 464 adnexam
1420 433 1497 463 non
1534 419 1670 475 habet,
1694 433 1757 462 re-

133 497 343 535 servatum
364 491 544 533 Sanctae
561 488 664 532 Secia·
681 493 800 533 cuius
828 493 1032 534 «nomine
1059 493 1171 534 venit
1189 494 1312 535 etiam
1337 494 1375 535 S.
1396 491 1713 534 poenitentialia
1731 506 1753 531 ›>

135 562 241 620 (can.
268 562 291 604 7
327 565 365 604 et
399 561 495 614 ⁶258,
523 560 551 618 ἓ
588 559 627 616 l)
662 566 722 602 es!
754 559 883 618 falsa„
906 561 1161 619 proindeque
1196 564 1306 605 iuxta
1342 564 1430 609 eius
1462 564 1756 605 conscientiam

137 646 234 676 vere
267 630 728 685 caluinniosa‚delati'o,
748 644 841 674 nam
874 631 1081 689 «quilibet
1117 632 1302 676 fidelium
1335 645 1500 689 semper
1535 637 1664 689 potest
1687 632 1757 675 de-

134 703 274 746 lictum
309 701 478 746 alterius
511 702 798 747 denuntiare...
834 704 956 745 etiam
991 703 1126 746 studio
1152 705 1329 746 iustitiae
1361 703 1410 746 ad
1445 703 1620 746 alicuius
1642 715 1760 746 scan-

135 774 215 816 dali
253 772 314 816 vel
351 773 489 815 damni
525 775 872 828 reparationem»
912 773 1292 831 (can.1933,§1),
1327 787 1408 830 qun
1441 772 1650 823 sacerdos,
1669 775 1758 816 sive
1814 808 1817 811 .

136 844 418 887 iurisdIctione
450 843 739 886 sacramentali
783 843 995 900 praeditus
1031 846 1120 887 sive
1159 857 1252 895 non,
1287 843 1357 886 sed
1394 843 1589 886 innocens
1622 843 1758 900 quoad

134 918 290 959 crimen
325 914 375 957 de
410 927 491 971 quo
525 912 751 956 aceicsaliir
783 914 1001 958 delationis
1035 915 1164 958 factae
1191 916 1272 957 via
1299 919 1534 971 promotore
1569 917 1759 970 iustitiae,

133 989 198 1030 cui
238 1002 260 1027 «
285 987 367 1039 uni,
401 987 550 1028 ceteris
583 984 775 1029 omnibus
808 985 1001 1036 exclusis,
1036 990 1275 1029 reservatur
1307 988 1414 1028 actio
1446 999 1516 1028 seu
1551 987 1760 1029 accusatio

133 1055 360 1100 criminalis
378 1071 398 1096 ›>
424 1054 529 1112 (can
556 1055 699 1112 1934),
719 1056 789 1099 sed
817 1060 1030 1112 peccatum
1058 1061 1316 1099 reservatum
1343 1061 1527 1112 patratur
1552 1070 1624 1112 per
1647 1055 1759 1099 illam

133 1127 276 1170 falsam
309 1126 556 1169 delationem
595 1128 777 1182 praecise
810 1126 861 1169 cle
898 1126 1073 1169 crimine
1115 1126 1434 1170 sollicitationis
1467 1127 1516 1170 ad
1551 1139 1640 1170 can.
1677 1126 1758 1169 904

133 1197 392 1254 explicando,
428 1201 467 1240 et
500 1197 669 1254 quidem
714 1201 880 1254 propter
922 1197 1172 1241 delationem
1205 1198 1255 1241 ad
1301 1197 1414 1241 illam
1452 1200 1760 1241 accusationem

133 1269 365 1311 ordinatam
399 1281 469 1310 seu
505 1264 619 1323 (meld
651 1266 811 1310 iudices
844 1267 1159 1319 ecclesiasticos
1181 1267 1326 1312 saltem
1373 1268 1551 1311 mediate
1596 1269 1761 1321 factam,

136 1338 349 1382 videlicet:
385 1343 470 1381 tum
507 1351 578 1394 per
620 1352 663 1381 se
706 1343 790 1381 tum
837 1352 909 1394 per
941 1338 1043 1382 alios
1082 1338 1180 1382 falso
1213 1339 1510 1392 denuntiando,
1544 1343 1629 1381 tum
1664 1340 1760 1396 quia

134 1409 245 1467 (can.
282 1408 412 1465 1936)
452 1409 763 1452 «denunciatio
807 1411 972 1465 scriptis
1019 1422 1040 1452 a
1089 1409 1357 1452 denuntiante
1401 1409 1652 1465 subsignatis
1698 1409 1761 1452 vel

133 1485 328 1523 oretenus
361 1480 450 1522 fieri
485 1479 604 1524 debet
641 1479 715 1523 loci
751 1477 975 1524 Ordinario
1009 1480 1097 1537 (qui
1130 1485 1191 1523 est
1223 1478 1384 1535 iudex),
1417 1480 1480 1524 vel
1513 1479 1762 1524 cancellario

132 1550 282 1596 Curiae
319 1550 382 1593 vel
420 1553 585 1594 vicariis
619 1552 797 1594 l'oraneis
834 1551 896 1593 vel
932 1550 1136 1607 parochis,
1169 1564 1190 1595 a
1228 1551 1378 1608 quibus
1412 1556 1563 1605 tamen,
1597 1554 1628 1594 si
1666 1553 1762 1594 viva

137 1635 240 1665 voce
273 1622 377 1665 facta
411 1622 545 1676 suerit,
580 1623 744 1677 scriptis
777 1626 836 1664 est
869 1622 1149 1678 consignanda
1175 1626 1212 1664 et
1235 1624 1372 1665 statim
1406 1622 1456 1665 ad
1491 1619 1760 1666 Ordinarium

133 1692 360 1736 deferenda
381 1708 418 1733 )).
441 1718 492 1722 -
517 1692 710 1735 Putamus
730 1706 828 1735 vero
854 1705 1025 1748 pravam
1049 1692 1301 1736 voluntatem
1326 1698 1654 1736 consummatam
1674 1705 1762 1736 esse

136 1765 314 1807 servatis
348 1763 582 1820 praedictis,
618 1768 656 1806 et
691 1768 905 1819 peccatum
943 1768 1214 1818 reservatum,
1239 1765 1313 1807 etsi
1337 1764 1497 1807 delator
1523 1763 1689 1807 deficiat
1723 1765 1761 1806 in

134 1834 403 1891 adimplendo
437 1847 527 1878 can.
562 1834 673 1877 1937
719 1836 832 1877 iuxta
878 1847 1002 1891 quem
1046 1833 1113 1877 ille
1151 1837 1265 1892 «qni
1309 1834 1505 1877 delictum
1549 1834 1763 1877 denuntiat

135 1905 260 1948 debet
296 1907 520 1961 promotori
556 1907 735 1948 iustitiae
768 1905 1006 1948 adiumenta
1030 1905 1295 1961 suppeditare
1328 1905 1380 1949 ad
1413 1905 1598 1948 eiusdem
1623 1904 1762 1948 delicti

138 1975 486 2032 probationem»,
523 1979 715 2034 quamvis
749 1975 874 2019 salsus
909 1975 975 2018 ille
1018 1975 1177 2019 delator
1212 1976 1287 2019 boc
1320 1975 1552 2032 adimplens
1585 1988 1763 2033 quoque,

137 2046 339 2090 absdubio
374 2048 636 2103 patefaceret,
671 2049 828 2090 crimen
864 2045 962 2089 illud
1003 2048 1148 2103 «apud
1186 2047 1363 2090 iudicem
1393 2046 1756 2091 ecclesiasticum»

139 2129 220 2174 qua
253 2117 375 2160 talem
411 2118 587 2171 deferre,
623 2119 661 2159 in
696 2130 777 2174 quo
811 2116 1038 2160 formaliter
1075 2120 1150 2160 sita
1199 2122 1259 2161 est
1306 2117 1514 2161 distinctio
1549 2120 1655 2161 inter
1688 2118 1764 2162 hoc

140 2193 357 2243 peccatum
392 2191 549 2232 ratione
582 2190 643 2231 sui
680 2192 938 2231 reservatum
983 2193 1022 2231 et
1065 2201 1283 2232 censuram
1323 2191 1765 2233 excommunicationis

138 2258 307 2314 speciali
342 2259 463 2302 modo
497 2253 591 2302 Sedi
626 2258 888 2315 Apostolicae
924 2265 1177 2302 reservatam
1212 2273 1260 2302 ex
1295 2272 1384 2304 can.
1411 2260 1522 2302 2363
1549 2263 1635 2316 ipso
1659 2261 1764 2304 facto

140 2329 448 2372 incurrendam.

257 2400 353 2443 222.
375 2403 617 2447 Limitatio
636 2402 856 2447 exercitii
876 2403 1140 2457 potestatis
1159 2404 1365 2457 peccata
1383 2403 1684 2447 reservandi.
1712 2427 1763 2432 —

138 2469 225 2513 Duo
257 2476 487 2528 sequuntur
519 2483 712 2523 canones,
735 2472 805 2527 qui
830 2470 1007 2514 limitant
1032 2475 1274 2527 potestatem
1311 2472 1551 2515 reservandi
1597 2476 1763 2528 peccata

136 2541 270 2598 quoad
305 2544 550 2585 exercitium
587 2544 624 2584 in
659 2539 905 2586 Ordinariis.
942 2541 990 2584 Et
1015 2544 1172 2597 primus
1195 2541 1378 2598 loquitur
1403 2542 1453 2585 de
1473 2542 1657 2586 locorum
1682 2540 1762 2587 Or-

139 2611 311 2654 dinariis
340 2604 639 2655 ‘determinatis
672 2613 710 2654 in
745 2624 834 2655 can.
872 2612 966 2666 198,
1000 2611 1028 2670 ξ
1059 2614 1101 2666 ⁶3,
1143 2617 1327 2655 statuens
1372 2626 1462 2655 can.
1498 2615 1606 2656 895.
1641 2612 1765 2656 Loco·

138 2694 232 2723 rum
256 2680 494 2735 ominari-ii,
532 2687 749 2738 «excepto
776 2681 938 2725 Vicari0
963 2680 1205 2739 Capitulari,
1228 2688 1267 2726 et
1291 2682 1454 2727 Vicario
1478 2684 1660 2740 generali
1679 2686 1767 2728 sine

144 2752 337 2795 mandato
379 2752 592 2808 speciali»
630 2766 678 2795 ex
714 2752 944 2807 can„893‚
977 2751 1005 2809 g
1040 2752 1076 2807 1,
1118 2758 1292 2810 peecata
1336 2767 1387 2796 nie
1417 2758 1645 2807 reservent,
1677 2753 1767 2807 (ab-

144 2822 276 2865 soluta
320 2822 541 2879 prohibitio
583 2822 842 2866 exercendae
886 2825 1097 2879 potestatis
1139 2825 1197 2867 eis
1242 2826 1478 2881 recognitae
1512 2827 1551 2868 in
1595 2837 1684 2868 can.
1730 2829 1770 2869 et
