1971 3261
110 153 203 190 Can.
229 154 297 189 867
491 155 576 190 TIT.
603 156 676 191 111.
706 157 801 193 -De
826 163 1077 195 scitzctiesima
1104 164 1359 198 Ezcclltziistia
1670 168 1737 200 2025

113 281 203 324 test,
237 288 285 319 eo
318 276 428 333 quod
466 278 710 320 ministratio
746 277 933 333 pluribus
968 281 1154 324 iacienda
1195 285 1415 338 praecipue
1439 284 1736 328 consideratur.

112 345 159 389 Et
183 358 273 389 can.
308 346 391 389 867
427 347 667 390 moderatur
701 350 899 404 temporis
922 352 1293 399 circumstantiam,
1335 353 1385 396 de
1421 353 1508 397 loco
1541 369 1629 398 can.
1656 357 1738 398 868

113 418 255 460 statuit
287 416 514 474 quidquam
549 418 731 472 speciale
766 432 838 474 pro
871 420 1086 463 sacerdote
1120 421 1374 477 celebrante,
1408 423 1516 467 illius
1543 438 1638 468 vero
1662 428 1740 469 cir-

111 488 402 530 cumstantiam
438 498 527 530 033.
562 487 644 529 869
679 487 867 544 designat
901 490 1161 545 generaliter.

233 556 330 600 187.
366 557 441 603 De
472 559 552 603 die
574 571 634 603 ac
657 561 783 604 hora
805 562 1115 606 ministrandi
1135 577 1330 608 sacram
1356 568 1739 612 communionem

115 640 175 673 ac
197 628 244 674 S.
268 629 524 674 Viaticum.
558 654 611 658 ——
646 628 845 685 Regulam
871 632 1106 686 generalem
1138 635 1272 687 primo
1298 638 1483 690 proponit
1520 651 1610 679 can.
1634 640 1740 679 «5757.

110 695 140 755 ἓ
173 698 210 740 1.
249 696 448 741 Omnibus
480 697 624 741 diebus
658 697 753 741 lice!
787 701 1096 744 saucti'ssinmiii
1123 702 1440 747 Eur-liarisli'mii
1475 706 1740 750 distribuere.

113 767 216 812 Nam
271 768 386 812 «hoc
434 774 741 813 sacramentum
792 775 849 813 est
884 771 1000 815 cibus
1049 774 1303 829 spiritualis;
1340 776 1446 818 unde
1489 780 1593 820 sicut
1627 778 1744 821 cibus

101 839 342 896 'corporalis
374 840 558 897 quotidie
591 843 782 891 sumitur,
818 844 869 885 ita
904 848 938 885 et
978 843 1053 887 lioc
1086 851 1395 889 sacramentum
1446 848 1628 904 quotidie
1676 863 1741 891 su-

117 923 229 954 mere
264 910 471 954 laudabile
503 916 576 954 est.
611 911 729 956 Unde
764 914 964 956 Dominus
997 914 1117 957 docet
1152 920 1294 971 petere
1322 919 1330 938 ¹
1373 916 1522 959 Panem
1556 924 1742 961 nostrum

115 980 407 1038 quotidianum
433 981 486 1024 da
510 980 628 1025 nobis
652 981 795 1033 limite,-
828 985 865 1026 in
891 987 1011 1027 cuius
1039 988 1296 1041 expositione
1319 988 1575 1043 Augustinus
1598 989 1695 1032 dicit
1716 989 1743 1034 ².

112 1050 190 1095 Iste
240 1054 355 1109 panis
401 1053 669 1110 quotidianus·
701 1059 773 1109 est,
808 1057 951 1111 accipe
1000 1056 1197 1111 quotidie,
1234 1062 1275 1099 ut
1324 1059 1506 1114 quotidie
1542 1059 1611 1102 tibi
1649 1074 1738 1116 pro—

117 1126 167 1167 sit
187 1139 207 1165 »
232 1123 259 1165 ³.
297 1123 401 1168 Hinc
437 1127 501 1180 pia
525 1123 654 1168 Mater
677 1125 858 1169 Ecclesia
894 1127 1181 1183 quotidianum
1207 1129 1324 1171 offert
1352 1141 1495 1184 panem
1521 1131 1742 1185 supersub-

114 1194 364 1238 stantialem.

231 1264 351 1309 Teste
387 1266 535 1310 Bened.
571 1265 660 1309 XlV
685 1267 719 1310 ⁴:
759 1266 974 1311 «Celebre
1007 1273 1065 1311 est
1101 1267 1196 1312 Dec.
1231 1269 1269 1312 S.
1296 1268 1338 1312 C.
1363 1268 1403 1312 C.
1430 1268 1479 1311 de
1504 1270 1742 1326 quotidiana

115 1340 410 1381 communione
434 1337 448 1359 ⁵
482 1351 564 1396 quo
599 1338 820 1381 mandatur
850 1336 1099 1391 (s)rdinariis‚
1136 1345 1178 1382 ut
1212 1345 1371 1390 emens,
1404 1345 1447 1382 iil
1481 1340 1592 1382 eirea
1631 1339 1744 1383 Γουν-

115 1408 354 1451 mum'onem
390 1408 430 1451 in
463 1408 542 1466 fer.
590 1407 646 1452 VI
661 1409 705 1452 in
734 1407 962 1452 paraseeve
995 1410 1189 1452 Jlissalis
1227 1409 1446 1459 Rubrime,
1473 1416 1510 1452 et
1534 1410 1749 1454 Ecclesiae

117 1477 233 1522 Rom.
270 1493 369 1522 usus
402 1485 653 1522 servetur».
689 1479 731 1523 ln
771 1480 950 1524 Rubrica
986 1484 1052 1524 cit.
1106 1481 1306 1537 legimus:
1345 1482 1422 1537 (t'er
1460 1480 1503 1536 V,
1543 1483 1580 1524 in
1614 1482 1747 1525 Coena

118 1549 302 1608 Domini)
340 1549 518 1594 «Hodie
541 1550 785 1595 Sacerdos...
822 1557 1010 1596 reservat
1044 1555 1168 1595 etiam
1203 1552 1364 1610 aliquas
1400 1552 1621 1608 particulas
1653 1566 1746 1596 con-

116 1626 312 1677 secratas,
347 1624 379 1665 si
414 1635 517 1678 opus
551 1622 672 1666 tuerit
707 1637 780 1679 pro
815 1624 993 1666 inlirmis
1016 1639 1056 1677 2),
1090 1637 1141 1666 ex
1176 1636 1257 1681 quo
1291 1623 1539 1680 intelligitur
1577 1636 1655 1666 non
1691 1636 1749 1665 as-

116 1695 277 1736 servari
315 1706 386 1749 pro
419 1695 542 1738 sanis.
577 1720 630 1725 —
669 1694 735 1738 Sic
768 1708 868 1751 ergo
901 1695 1036 1752 quoad
1088 1696 1425 1738 communionem
1460 1708 1531 1750 per
1581 1694 1748 1737 modum

119 1766 260 1808 viatici
295 1777 373 1807 uon
409 1767 617 1821 excipitur
650 1765 732 1809 ulla
764 1766 872 1819 dies3
910 1780 982 1822 pro
1016 1768 1310 1809 communione
1345 1779 1395 1808 ex
1430 1770 1648 1821 praecepto
1686 1765 1747 1808 vet

119 1834 356 1878 devotionis
388 1848 512 1879 03353
547 1836 636 1879 dari
672 1850 750 1879 uon
800 1837 923 1880 debet
956 1850 977 1880 3
1010 1839 1130 1880 missa
1167 1837 1240 1881 fer.
1279 1835 1307 1878 V
1344 1839 1382 1878 in
1417 1834 1552 1880 Coena
1589 1835 1750 1879 Domini

120 1911 159 1949 et
193 1919 266 1962 per
297 1911 424 1950 totam
459 1906 602 1950 fe1·.Vl
638 1910 675 1950 in
712 1908 965 1961 Parasceve3
1004 1913 1087 1951 tum
1114 1910 1236 1951 etiam
1262 1909 1357 1964 quia
1384 1909 1495 1950 iuxta
1520 1906 1748 1950 Romanam

119 1977 462 2021 cousuetudinem
499 1980 609 2021 inea
641 1979 742 2022 feria
780 1977 826 2021 Vl
862 1992 940 2021 non
975 1977 1171 2022 tribuitur
1204 1977 1478 2021 Eucharistia.

238 2046 355 2091 Hanc
389 2061 562 2092 servans
585 2049 847 2106 disciplinam
884 2049 1069 2093 breviter
1092 2048 1261 2092 exbibet
1292 2048 1320 2106 ξ
1354 2048 1391 2090 ⁶2.
1433 2046 1557 2090 Feria
1598 2052 1750 2097 taimen,

125 2117 296 2162 verbum
332 2119 562 2164 adv-eisans
596 2123 763 2178 regulae
786 2122 826 2179 ξ
864 2121 900 2174 1
948 2119 1001 2163 il
1028 2120 1204 2163 maioris
1238 2118 1520 2162 hebdomadae
1542 2118 1582 2175 a)
1617 2117 1747 2161 colum

124 2188 235 2241 lieet,
269 2189 312 2247 b)
345 2204 514 2234 sacrum
559 2191 599 2235 V
598 2192 762 2235 aticum
797 2192 1052 2235 declaratum
1088 2192 1137 2234 ad
1173 2203 1372 2235 canonem
1400 2190 1498 2240 864,
1521 2193 1545 2244 ξ
1569 2189 1607 2243 3
1632 2189 1671 2246 0)
1697 2188 1752 2231 ad

124 2259 313 2317 infirmos
346 2260 544 2320 deseiffle
577 2263 672 2307 hine
709 2265 944 2319 praexeniri
979 2261 1151 2306 deberet
1184 2263 1436 2311 communio,
1473 2274 1544 2316 pro
1579 2262 1626 2302 iis
1649 2273 1752 2316 quos

124 2331 396 2388 probabiliter
430 2334 700 2390 praevidetur
736 2337 774 2376 in
814 2336 922 2376 vitae
957 2333 1181 2376 discrimen
1219 2332 1430 2387 praedicto
1463 2336 1649 2387 tempore
1683 2330 1752 2374 ad-

125 2402 352 2457 ducendos,
390 2409 558 2460 propter
593 2417 789 2461 pugnam,
824 2409 900 2448 etc.

238 2473 266 2532 ἓ
301 2475 339 2518 3.
376 2473 421 2517 In
459 2475 637 2531 Sabbalo
672 2476 824 2519 Sancto
859 2489 982 2517 saera
1021 2474 1252 2517 communio
1285 2473 1428 2531 nequi!
1452 2471 1642 2529 fidelibus
1681 2471 1753 2513 mi-

124 2544 307 2588 nistrari
341 2546 425 2589 nisi
457 2547 497 2603 a)
532 2547 644 2589 inter
677 2545 904 2590 illis-sarum
941 2545 1161 2599 solenmia,
1196 2559 1295 2601 ergo
1322 2558 1399 2588 non
1427 2547 1463 2587 in
1491 2546 1611 2586 missa
1638 2542 1752 2585 lecta.

124 2628 231 2673 quae
264 2617 434 2660 forsitan
459 2631 510 2661 ex
544 2618 744 2674 singulari
771 2617 991 2674 privilegio
1028 2618 1064 2658 in
1101 2616 1277 2660 ecclesia
1314 2621 1400 2672 post
1426 2615 1652 2658 solemnem
1689 2626 1753 2656 ce-

125 2685 309 2730 lebretur
334 2690 447 2732 iuxta
480 2688 685 2745 explicata
720 2688 768 2731 ad
805 2700 895 2731 can.
931 2688 1027 2738 8¹20,
1066 2686 1107 2743 b)
1136 2686 1196 2729 rel
1229 2686 1426 2729 continuo
1459 2684 1579 2728 simul
1606 2698 1653 2725 ac
1675 2689 1754 2725 sla-

242 2817 399 2852 1Lueae
431 2817 501 2861 XI,
533 2818 567 2852 3.
598 2838 641 2842 -
676 2817 793 2851 2Lib.
829 2816 873 2851 de
903 2816 1032 2850 verbis
1062 2815 1219 2849 Domini
1251 2826 1364 2849 serm.
1397 2816 1442 2848 28
1461 2815 1561 2848 eima
1591 2812 1689 2847 med.
1713 2832 1753 2838 —

124 2863 139 2886 3
165 2863 212 2897 D.
241 2864 312 2898 Th.
343 2866 377 2899 3.
407 2865 447 2905 P
477 2877 511 2909 q
542 2864 693 2898 LXXX
721 2876 754 2898 a.
786 2867 830 2898 lt)
855 2864 903 2897 ad
932 2867 948 2897 1
977 2868 1016 2897 et
1044 2863 1117 2897 Sed
1146 2863 1293 2896 eontra.
1325 2883 1367 2887 —
1395 2863 1407 2884 4
1436 2862 1491 2895 De
1518 2862 1646 2895 sacrit.
1669 2860 1757 2893 Mis-

126 2911 554 2955 sae.111.C.Xv‚111
583 2923 622 2945 n
654 2913 709 2945 14.
746 2932 789 2936 —
816 2912 899 2944 12
927 2911 1016 2945 Feb
1052 2910 1156 2944 1679.
