1971 3261
95 148 185 184 Can.
216 147 309 183 1056
610 146 694 180 T1T.
725 147 811 181 VII.
840 167 852 172 -
879 147 936 182 De
963 148 1223 181 Matrimonio
1659 147 1726 182 591

91 279 113 310 a
147 267 327 311 diversis
360 265 582 322 stipitibus.
619 265 752 308 Prima
803 278 927 309 causa
975 265 1216 322 multiplicis
1248 269 1618 323 consanguinitatis
1651 272 1726 320 est,

93 337 259 395 quando
295 335 451 393 prolem
500 338 562 379 vir
605 335 728 379 habet
775 350 824 380 ex
863 350 1035 392 persona
1085 336 1161 380 sibi
1206 340 1539 394 consanguinea:
1576 336 1652 380 hoc
1687 340 1724 380 in

93 421 190 452 casu
226 407 510 464 multiplicitas
542 411 601 450 est
651 409 757 450 inter
791 406 938 450 liorum
988 408 1288 451 descendentes
1322 408 1505 465 aliosque
1553 420 1727 452 consan-

92 481 266 537 guineos
298 491 348 521 ex
385 479 506 520 unico
529 479 681 533 stipite.
703 503 756 507 —
778 477 916 520 Altera
941 490 1064 521 causa
1100 483 1174 530 est,
1199 479 1365 535 quando
1400 491 1599 534 personae
1632 492 1726 522 con-

92 551 344 606 sanguineae
379 547 535 604 prolem
583 554 855 604 procrearunt
902 562 950 591 ex
997 551 1182 605 personis
1225 551 1556 606 consanguineis.
1589 550 1724 606 quoad

93 619 393 663 descendentes
425 631 474 661 ex
511 622 686 675 utroque
720 621 984 662 matrimonio
1027 619 1076 661 ad
1115 621 1308 661 invicem.
1345 647 1398 653 —
1433 619 1567 663 Tertia
1603 632 1725 663 causa

95 694 167 743 est,
203 688 369 747 quando
403 691 495 745 quis
530 688 685 745 prolem
723 688 844 732 babet
878 702 926 732 ex
964 688 1151 745 pluribus
1191 692 1376 746 personis
1411 693 1517 733 inter
1550 704 1592 733 se
1631 704 1725 734 con-

93 761 347 817 sanguineis,
383 759 516 816 quoad
553 762 769 817 utriusque
820 762 1070 802 matrimonii
1106 760 1407 804 descendentes
1439 761 1488 804 ad
1532 763 1727 805 invicem.

95 857 147 862 -—
173 830 230 874 Ex
265 829 449 874 secunda
474 835 512 873 et
538 832 655 873 tertia
689 842 811 873 causa
837 833 1046 873 enascitur
1071 830 1283 887 multiplex
1316 834 1653 888 consanguinitas
1677 848 1726 878 ex

95 900 313 957 multiplici
348 902 499 956 stipite,
536 900 747 945 videlicet:
783 915 831 944 ex
866 905 979 957 parte
1015 906 1175 957 patrum
1211 914 1258 945 ac
1294 906 1485 954 matrum,
1521 907 1644 961 atque
1677 919 1725 949 cx

94 976 209 1029 parte
243 973 369 1028 patris
402 976 440 1014 et
473 973 623 1027 stipitis
667 985 843 1015 uxorum
878 974 1306 1026 consanguinearum;
1343 978 1559 1029 propterea
1595 988 1726 1019 canon

93 1044 152 1087 sic
185 1047 328 1087 cavet:
367 1042 425 1084 ila
462 1047 598 1084 (altien
635 1048 694 1095 ut„
731 1056 808 1085 non
843 1044 1192 1098 consanguinitas,
1228 1045 1322 1099 quia
1374 1043 1495 1086 huius
1531 1045 1725 1102 multipli-

94 1116 196 1158 citas
230 1115 285 1156 uti
323 1113 522 1156 naturalis
554 1117 614 1156 est
661 1125 683 1156 a
719 1112 953 1169 legislatore
988 1112 1168 1156 liumano
1203 1115 1500 1170 independens,
1535 1117 1604 1159 sed
1643 1132 1727 1159 ηια-

96 1184 290 1228 trimom'i
322 1183 662 1241 impedimemwn
701 1184 990 1226 «dirimens»
1028 1184 1134 1239 (can.
1177 1184 1299 1240 1036,
1331 1185 1359 1242 3
1389 1185 1447 1241 3),
1480 1200 1550 1228 seu
1586 1191 1727 1243 gravis

96 1254 318 1312 probibitio
352 1268 445 1297 cum
496 1254 680 1298 clausula
717 1257 903 1298 irritante
946 1254 997 1298 ob
1030 1257 1447 1311 consanguinitatem,
1485 1257 1621 1311 letica,
1655 1272 1725 1302 seu

95 1339 167 1382 pro
202 1325 282 1368 illis
331 1327 530 1382 personis,
567 1330 729 1368 (snitum
777 1325 1099 1383 multiplicetur,
1133 1325 1333 1382 abrogato
1383 1329 1507 1383 igitur
1553 1330 1725 1385 impedi·

96 1400 233 1439 mento
269 1395 483 1453 hucusque
525 1398 747 1439 constituto
782 1400 950 1453 propter
992 1401 1152 1440 ceteras
1185 1400 1556 1454 consanguinitatis
1591 1400 1725 1443 multi-

95 1466 310 1524 plicitates,
347 1466 509 1524 quoties
542 1467 772 1509 eommunis
795 1467 924 1525 stipes
959 1467 1115 1510 nubere
1152 1467 1377 1511 volentium
1404 1469 1729 1527 mulli'pli'ealm‘,

94 1551 194 1594 ergo
227 1537 394 1581 exclusa
423 1537 638 1594 multiplici
663 1540 1022 1594 consanguinitate
1047 1538 1155 1581 itlius
1178 1551 1298 1583 casus
1326 1540 1538 1596 simplicis,
1565 1542 1730 1598 quando

95 1611 202 1652 inter
235 1609 509 1652 ascendentes
557 1622 663 1652 unus
705 1612 1056 1666 consanguineam
1094 1623 1310 1666 personam
1345 1610 1422 1655 sibi
1468 1615 1730 1656 matrimonio

95 1679 323 1734 copulavit,
361 1682 442 1722 imo
476 1693 552 1723 nec
581 1695 600 1720 ((
626 1680 970 1737 impedimentum
1008 1680 1350 1737 multiplicatur»
1379 1683 1730 1742 quandocumque

95 1751 250 1807 gradus
283 1752 653 1806 consanguinitatis
687 1753 792 1794 inter
817 1764 1013 1808 personas
1036 1754 1346 1795 matrimonium
1372 1757 1658 1797 contractui-as
1680 1757 1730 1798 sit

96 1821 202 1865 ultra
238 1823 402 1864 tertium
439 1834 487 1864 ex
524 1821 688 1864 illorum
723 1821 922 1865 alterutro
954 1824 1154 1878 stipitum.

217 1892 322 1947 Quia
347 1891 533 1936 Ecclesia
567 1897 705 1936 custos
729 1898 789 1935 est
811 1892 1102 1936 observantiae
1127 1896 1227 1936 iuris
1250 1894 1396 1944 divini,
1420 1908 1440 1938 a
1466 1908 1547 1952 quo
1571 1896 1731 1953 dispen-

96 1975 188 2007 sare
223 1965 379 2020 nequit,
413 1964 463 2007 ad
498 1962 576 2006 hoc
610 1968 653 2006 ut
686 1963 785 2007 illud
822 1977 900 2006 non
937 1964 1124 2007 laedatur
1157 1978 1233 2008 nec
1274 1965 1462 2009 laedendi
1499 1966 1727 2022 periculum

97 2035 337 2077 incurratur
376 2035 463 2087 ipso
507 2034 614 2077 facto
648 2036 723 2077 etsi
765 2036 1020 2090 ignoranter,
1054 2034 1299 2090 praescribit
1340 2036 1368 2094 ξ
1404 2038 1447 2080 3.
1492 2035 1728 2094 Nzemqucmz

98 2104 415 2147 matrimom'mn
450 2104 537 2148 lieri
569 2104 847 2162 permittatur
869 2104 1035 2149 subdito
1068 2107 1120 2149 ab
1152 2107 1386 2149 animarum
1423 2107 1668 2163 pastoribus,
1693 2108 1731 2151 si

99 2175 209 2233 quod
240 2175 373 2218 subsit
421 2174 605 2230 dubium,
639 2176 832 2232 equidem
881 2177 974 2220 facti
1010 2176 1061 2220 ob
1110 2190 1154 2220 ea
1200 2190 1306 2234 quae
1353 2183 1597 2235 sequuntur,
1632 2193 1730 2221 imm

96 2252 242 2305 parles
291 2247 457 2290 ineundi
492 2251 731 2290 contractus
765 2247 1082 2291 matrimonialis
1113 2248 1198 2290 sim
1241 2249 1579 2306 consanyuineae
1611 2251 1652 2306 a)
1688 2249 1729 2292 in

98 2316 242 2375 aliquo
273 2316 415 2374 yradu
437 2316 577 2360 lineae
608 2322 759 2373 rectae,
784 2320 880 2375 quia
914 2323 1026 2362 certe
1059 2323 1129 2362 aut
1156 2318 1276 2362 valde
1300 2319 1513 2376 probabile
1537 2325 1597 2364 est
1630 2323 1731 2364 iuris

97 2388 229 2431 divini
265 2390 437 2431 vetitum
474 2390 511 2431 in
537 2387 775 2432 huiusmodi
809 2388 1021 2445 gradibus,
1055 2394 1094 2432 et
1119 2394 1287 2446 propter
1320 2389 1397 2433 hoc
1422 2392 1553 2446 ipsum
1590 2390 1633 2447 b)
1656 2396 1730 2433 auc

96 2457 235 2516 primo
275 2457 416 2515 qradu
460 2458 599 2502 lineae
640 2458 904 2502 collateralis
950 2473 986 2502 v.
1022 2473 1083 2516 gr.
1118 2460 1244 2504 frater
1286 2473 1333 2504 ac
1366 2474 1483 2504 soror
1525 2474 1574 2504 ex
1616 2466 1730 2518 parte

99 2528 242 2572 saltem
280 2531 406 2585 patris
438 2533 509 2573 aut
541 2532 700 2585 matris,
722 2532 818 2588 quia
853 2530 927 2574 hos
959 2530 1103 2574 saltem
1128 2531 1284 2588 gradus
1316 2531 1540 2575 excludere
1567 2532 1731 2576 videtur

102 2611 123 2643 a
158 2599 467 2655 dispensatione
501 2600 687 2644 definitio
721 2601 955 2658 dogmatica
989 2600 1112 2646 Cone.
1137 2601 1247 2646 Trid.
1273 2604 1390 2657 (sess
1416 2602 1562 2646 XXll,
1588 2602 1645 2646 De
1667 2617 1729 2646 sa-

99 2675 313 2714 cramento
347 2673 614 2727 matrimonii)
649 2674 686 2714 in
721 2685 814 2718 can.
847 2672 884 2715 3.
925 2673 1007 2716 «Si
1042 2676 1134 2730 quis
1167 2673 1363 2717 dixerit...
1400 2687 1473 2717 nec
1509 2688 1625 2730 posse
1659 2673 1731 2717 Ec-

101 2740 269 2784 clesiam
305 2743 343 2784 in
378 2741 587 2786 nonnullis
621 2742 784 2786 illorum
820 2742 1210 2800 (consanguinitatis
1247 2749 1285 2787 et
1319 2745 1529 2788 affinitatis
1562 2745 1730 2801 gradus,

101 2813 170 2868 qui
206 2812 243 2853 in
278 2809 464 2855 Levitico
503 2812 812 2870 exprimuntur)
850 2813 1134 2870 dispensare...
1169 2814 1388 2858 anatliema
1422 2816 1471 2857 sit
1496 2830 1534 2858 ».
1569 2811 1729 2870 Oppor-

101 2886 199 2924 tune
247 2881 314 2925 hic
349 2883 617 2927 memoranda
661 2883 888 2927 declaratio
933 2884 1097 2929 Pontae.
1132 2884 1348 2929 Commiss.
1383 2885 1432 2928 ad
1478 2885 1588 2928 (Jod⁵.
1625 2891 1727 2928 can⁸.
