1971 3261
157 118 248 155 Can.
278 118 371 154 1092
679 118 763 152 Trr.
794 119 880 153 VII.
910 139 921 144 —
942 119 999 154 De
1026 120 1286 154 Matrimonio
1729 120 1801 154 617

152 243 349 282 revocata
387 240 629 295 priusquam
665 238 732 281 liat
770 240 1096 293 matrimonium,
1130 241 1226 296 quia
1260 241 1368 283 sicut
1400 243 1513 283 extat
1547 241 1675 296 prius,
1706 252 1796 283 cen-

151 314 266 352 setur
299 321 524 352 remanere
558 307 893 352 contrahentium
931 309 1142 353 voluntas:
1188 308 1266 354 hoc
1298 312 1445 366 posito,
1480 314 1562 353 tres
1595 310 1798 353 conditio-

154 392 251 423 num
290 379 577 422 distinctiones
611 379 830 435 perpendit
864 391 1025 433 canon,
1062 393 1240 436 nempe:
1291 380 1334 437 α)
1373 380 1632 424 conditiones
1666 381 1716 424 de
1741 382 1797 424 fu-

158 455 250 493 turo
283 454 437 494 eventu
461 461 484 492 a
507 462 589 508 quo
626 450 803 506 pendeat
836 453 905 508 qui
940 452 1191 507 exprimitur
1225 464 1466 503 consensus,
1491 451 1542 495 (le
1575 453 1801 508 praeterito

153 525 307 564 eventu
344 521 529 564 fortassis
563 523 766 577 ignorato,
801 526 838 564 et
887 521 938 564 de
987 524 1193 578 praesenti
1246 535 1289 565 re
1338 526 1381 565 ut
1428 524 1674 579 supponitur
1718 535 1799 564 non

153 593 355 648 cognita3
387 591 427 648 b)
461 593 740 635 necessariam
775 592 1056 635 conditionem
1096 592 1158 635 vel
1194 595 1503 649 contingentem
1546 606 1618 649 pro
1652 597 1798 636 natura

154 664 282 718 ipsius
319 663 376 705 rei
411 666 481 705 aut
515 667 709 718 eventus,
742 661 979 718 possibilem
1019 662 1081 706 vel
1118 662 1437 719 impossibilem,
1459 668 1578 719 prout
1613 668 1673 706 est
1706 677 1798 720 pro-

154 735 389 789 portionata
426 732 587 776 viribus
619 735 830 776 causantis
864 735 997 789 ipsum
1033 738 1229 776 eventum
1265 746 1313 777 ac
1349 747 1434 777 rem
1472 734 1534 777 vel
1570 736 1659 777 eius
1684 736 1795 777 vires

153 803 361 856 excedat3
396 803 434 860 e)
470 803 623 847 licitam
662 803 725 847 vel
761 808 924 860 turpem
961 817 1033 861 pro
1067 807 1195 861 ipsius
1228 809 1345 848 actus
1379 806 1416 847 in
1452 805 1691 848 conditione
1724 816 1795 847 ex-

160 876 290 931 pressi
318 873 568 928 moralitate,
593 887 672 917 non
719 876 879 918 ratione
904 877 1032 931 ipsius
1055 880 1172 918 actus
1195 875 1457 932 exprimendi
1483 887 1596 919 eam:
1633 875 1803 918 demum

156 944 413 988 substantiae
463 947 716 988 matrimonii
760 958 854 989 cum
906 945 1027 989 huius
1076 945 1400 1002 proprietatibus
1453 958 1500 989 ac
1549 947 1799 989 sacramenti

156 1016 359 1072 dignitate
392 1015 704 1073 quodammodo
738 1016 975 1071 adversam,
1014 1015 1076 1060 vel
1123 1021 1286 1072 turpem
1336 1019 1426 1060 sine
1467 1016 1532 1059 illa
1579 1018 1798 1073 pravitate.

158 1085 302 1131 Dictae
330 1087 590 1130 conditiones
613 1086 808 1130 diversae
842 1089 881 1129 in
905 1086 1178 1144 sequentibus
1201 1090 1388 1131 numeris
1411 1089 1468 1131 sic
1493 1088 1801 1141 coadunantur,

157 1157 207 1200 ad
244 1159 414 1202 canonis
448 1159 704 1213 praescripta
738 1157 847 1214 quod
882 1159 1052 1201 attinet:

275 1229 316 1271 1⁰
350 1227 403 1271 Si
439 1228 731 1283 «conditio»,
767 1233 812 1271 ut
845 1230 883 1271 in
927 1230 1099 1272 canonis
1142 1230 1271 1283 initio,
1306 1228 1362 1271 sil
1404 1227 1455 1271 de
1495 1228 1659 1286 futuro,
1692 1240 1801 1286 quae

160 1302 281 1343 unice
313 1312 363 1343 ex
400 1299 536 1343 littera
570 1303 611 1352 a)
637 1312 709 1343 seu
735 1298 868 1342 tribus
891 1298 1102 1356 prioribus
1134 1299 1439 1354 consideratur,
1474 1299 1515 1356 a)
1540 1299 1801 1353 necessaria,

154 1383 260 1428 quae
295 1383 471 1427 nempe:
507 1375 621 1414 certo
655 1372 837 1413 extitura
871 1374 945 1424 est,
983 1384 1020 1412 v.
1056 1384 1117 1427 gr.
1151 1372 1184 1414 si
1218 1382 1311 1414 cras
1343 1370 1401 1414 sol
1438 1373 1611 1424 orietur,
1634 1371 1685 1414 de
1720 1370 1797 1413 hac

155 1442 309 1485 dicitur
340 1444 380 1484 in
415 1454 569 1498 genere
604 1441 616 1463 ¹
657 1457 676 1482 ε(
700 1443 769 1499 qui
804 1440 882 1484 sub
924 1441 1164 1484 conditione
1207 1441 1444 1498 stipulatur,
1480 1454 1587 1499 quae
1630 1444 1800 1484 omnino

155 1515 336 1556 extitura
369 1517 444 1566 est,
479 1525 581 1568 pure
614 1512 783 1555 videtur
815 1511 1071 1568 stipulari».
1105 1511 1154 1555 Et
1189 1511 1266 1556 hoc
1300 1512 1603 1556 rationabiliter
1630 1513 1796 1556 dicitur.

157 1585 224 1627 Ait
257 1585 369 1627 enim
402 1582 449 1626 D.
483 1582 664 1627 Thomas
688 1582 726 1626 ²:
766 1583 850 1627 «Si
885 1587 1023 1626 autem
1059 1585 1111 1626 sit
1146 1583 1330 1627 conditio
1364 1584 1415 1627 de
1449 1584 1602 1639 futuro,
1636 1588 1705 1627 aut
1739 1588 1799 1627 est

157 1656 406 1710 necessaria,
438 1656 545 1698 sicut
578 1653 708 1698 solem
742 1656 841 1697 oriri
874 1666 994 1706 cras;
1039 1658 1078 1697 et
1111 1659 1209 1698 tunc
1244 1659 1304 1698 est
1339 1656 1667 1710 matrimonium,
1701 1658 1799 1712 quia

157 1725 253 1770 talia
285 1726 424 1769 sutura
457 1730 553 1769 sunt
587 1727 823 1782 praesentia
858 1727 897 1768 in
933 1727 1070 1769 causis
1102 1727 1188 1768 suis
1212 1740 1252 1770 n.
1295 1724 1414 1770 Unde
1457 1739 1685 1770 consensus
1728 1726 1798 1770 tali

158 1810 381 1853 expressus
412 1796 651 1840 conditione
684 1798 723 1839 in
759 1795 997 1840 absolutum
1034 1795 1272 1840 resolvitur.
1308 1796 1485 1840 Proinde
1518 1799 1655 1841 statim
1693 1796 1802 1841 valet

160 1869 474 1911 matrimonium
506 1879 555 1911 ac
587 1869 619 1911 si
655 1866 846 1911 absolute
882 1867 1015 1911 fieret.

276 1959 374 1996 Dicet
400 1960 552 2007 aliquis:
581 1965 695 2007 posset
721 1960 934 1996 contrahens
959 1960 1110 1996 adiicere
1135 1960 1374 1996 conditionem
1401 1965 1546 1996 eventus
1585 1961 1628 1997 ad
1663 1961 1806 1997 initium

159 2021 288 2056 valoris
314 2024 528 2062 contractus,
556 2020 609 2056 vel
638 2024 767 2066 putans
793 2030 937 2055 erronee
963 2019 1201 2055 conditionem
1219 2031 1292 2055 non
1311 2030 1386 2056 esse
1411 2020 1608 2056 necessario
1635 2020 1802 2056 futuram.

162 2080 213 2115 Ad
242 2079 395 2126 primum
422 2079 643 2121 solvendum,
671 2079 874 2115 attendatur
899 2082 1047 2125 oportet,
1073 2078 1164 2124 quod
1203 2079 1266 2114 etsi
1305 2079 1410 2126 possit
1448 2079 1607 2115 contrahi
1648 2079 1683 2114 in
1711 2079 1805 2115 diem

159 2138 202 2174 ad
229 2138 470 2184 exequendam
497 2142 698 2173 contractus
724 2137 989 2183 obligationem,
1016 2138 1153 2173 videtur
1172 2138 1263 2173 banc
1288 2138 1381 2173 diem
1401 2149 1472 2174 non
1494 2149 1592 2185 posse
1610 2139 1803 2174 contractui

162 2197 413 2233 matrimoniali
439 2197 542 2232 adiici
571 2197 685 2243 quoad
713 2197 855 2232 initium
885 2196 1142 2242 obligationum
1171 2196 1265 2232 illius
1300 2208 1360 2233 seu
1387 2202 1500 2233 status
1535 2197 1809 2233 matrimonialis

160 2256 433 2302 designandum,
450 2256 533 2302 quia
558 2255 774 2292 contrarium
801 2266 873 2301 reg.
900 2255 986 2291 iuris
1014 2254 1057 2290 50
1086 2255 1121 2290 in
1141 2253 1190 2290 60.
1224 2257 1367 2291 «Actus
1394 2255 1539 2301 legitimi
1568 2256 1804 2292 conditionem

163 2326 234 2351 non
261 2315 436 2361 recipiunt
463 2325 576 2361 neque
602 2315 748 2350 diem».
791 2314 830 2349 Et
861 2314 905 2350 ad
946 2314 1142 2350 secundum
1181 2314 1382 2356 dicendum,
1417 2314 1618 2351 huiusmodi
1653 2325 1805 2351 errorem

162 2373 394 2410 subiectivum
421 2384 486 2410 nec
512 2384 586 2409 rem
613 2379 750 2409 mutare
777 2384 889 2420 posse,
918 2378 951 2409 et
977 2377 1231 2419 consequenter
1258 2384 1321 2409 nec
1348 2384 1560 2409 consensum
1586 2384 1807 2420 quocumque

164 2433 266 2469 modo
292 2433 473 2469 infirmare
497 2437 557 2468 aut
583 2433 773 2476 retardare,
803 2434 861 2478 qui
892 2432 1037 2478 proinde
1063 2443 1135 2468 non
1162 2432 1313 2468 sustinet
1338 2433 1558 2469 obstaculum
1588 2433 1622 2468 in
1650 2433 1806 2469 eiusdem

165 2493 330 2528 efficacia.

167 2624 208 2658 in
234 2623 416 2668 pluribus
443 2624 533 2658 aliis
559 2623 657 2658 locis
684 2625 884 2665 utuntur),
912 2623 945 2657 si
971 2623 1035 2657 vel
1062 2623 1271 2667 implicite,
1303 2624 1364 2658 vel
1390 2624 1578 2668 explicite
1616 2623 1807 2657 conditio-

165 2682 255 2705 nem
274 2672 507 2705 contineant
525 2671 770 2705 matrimonii
785 2670 1036 2705 substantiae
1055 2674 1395 2715 repugnantem...
1418 2671 1478 2705 Ex
1497 2670 1603 2705 hisce
1624 2671 1807 2705 omnibus

166 2719 492 2763 (circumstantiis
535 2730 633 2763 quae
672 2718 818 2752 ibidem
857 2718 1076 2752 declaratae
1115 2717 1291 2752 inveniri
1330 2720 1510 2763 queunt),
1539 2726 1579 2752 et
1613 2719 1733 2753 etiam
1760 2730 1809 2751 ex

166 2765 370 2800 adiunctis
389 2766 466 2800 loci
484 2766 816 2808 circumstantiis,
838 2765 885 2800 ab
905 2776 949 2799 eo
976 2765 1043 2810 qui
1063 2765 1105 2799 in
1124 2765 1186 2799 his
1205 2776 1394 2810 praesens
1421 2765 1475 2800 sit
1494 2765 1609 2800 facile
1629 2766 1810 2811 dignosci

166 2813 314 2858 poterit
341 2824 534 2858 quaenam
561 2813 615 2847 sit
641 2824 762 2857 prava.
787 2813 1004 2857 coniugum
1030 2813 1207 2847 intentio
1227 2828 1259 2846 ».

287 2862 297 2882 ¹
325 2860 368 2894 L.
399 2861 420 2894 9
446 2859 486 2894 ff.
517 2860 573 2894 De
600 2864 729 2894 notat.
760 2880 804 2885 —
831 2860 844 2882 ²
872 2859 1007 2904 Suppl.
1039 2872 1074 2905 q.
1103 2859 1252 2894 XLVII
1278 2864 1353 2894 art.
1383 2861 1416 2895 5.
