1971 3261
144 128 211 162 198
544 126 629 160 [ΑΒ.
657 125 729 160 ΠΙ.
760 145 772 150 -
798 125 908 159 PARS
934 124 964 158 Ι.
995 144 1007 150 -
1033 125 1090 160 De
1115 125 1382 160 Sacramentis
1491 124 1585 161 Can.
1611 125 1768 160 sel-862

143 246 223 292 quia
250 256 310 291 per
336 244 572 290 ignorantiam
600 243 699 284 iuris,
728 253 816 288 quae
842 253 914 278 non
940 247 1089 283 excusat,
1117 246 1255 288 reputat
1273 253 1346 278 non
1363 253 1437 278 esse
1456 247 1649 289 peccatum,
1677 244 1768 290 quod

142 310 192 341 est
220 309 412 351 peccatum,
443 307 525 349 puta
552 302 580 336 si
609 301 736 348 aliquis
763 301 952 337 fornicator
977 305 1152 348 reputaret
1179 301 1376 348 simplicem
1404 302 1670 338 fornicationem
1697 313 1768 338 non

142 373 215 399 esse
243 367 423 408 peccatum
452 361 615 402 mortale;
642 360 694 395 vel
722 360 805 405 quia
831 360 1013 405 negligens
1031 364 1082 396 est
1101 361 1137 394 in
1155 359 1416 396 examinatione
1434 360 1487 396 sui
1507 360 1630 407 ipsius,
1650 365 1770 396 contra

143 422 177 456 id
204 421 295 467 quod
322 420 507 466 Apostolus
534 419 616 454 dicit
632 421 662 454 1:
694 433 709 451 «
728 418 850 455 Probet
875 424 992 455 autem
1019 419 1172 465 seipsum
1200 419 1314 461 homo,
1333 424 1366 455 et
1381 420 1430 455 sic
1448 420 1490 455 de
1508 430 1598 466 pane
1616 419 1675 455 illo
1692 419 1770 455 edat

143 485 175 516 et
200 481 242 516 de
268 479 373 515 calice
400 479 495 514 bibat
512 492 542 512 ».
574 478 611 513 Et
638 479 687 514 sic
714 478 947 514 nihilominus
975 483 1093 524 peccat
1121 483 1278 524 peccator
1304 490 1449 515 sumens
1478 489 1603 525 corpus
1630 477 1771 520 Christi,

144 539 221 574 licet
248 550 317 573 non
345 538 471 573 habeat
509 537 761 572 conscientiam
802 537 945 583 peceati,
974 538 1056 583 quia
1094 537 1170 583 ipsa
1208 537 1409 583 ignorantia
1444 542 1497 573 est
1522 538 1552 573 ei
1580 541 1771 584 peccatum.

145 598 221 633 Alio
248 597 349 632 modo
377 601 487 643 potest
513 597 715 641 contingere
741 596 817 632 sine
842 596 945 642 culpa
971 597 1094 642 ipsiuS,
1124 601 1207 642 puta
1233 607 1312 632 cum
1338 596 1449 632 doluit
1474 596 1516 632 de
1542 601 1693 643 peccato,
1713 596 1771 631 sed

145 669 215 692 non
242 662 293 693 est
319 657 529 692 sufficienter
554 655 745 700 contritu53
773 660 807 691 et
833 656 868 690 in
888 655 947 691 tali
969 666 1050 691 casu
1070 667 1138 691 non
1161 660 1277 701 peccat
1297 656 1467 691 sumendo
1483 667 1608 702 corpus
1627 655 1769 691 Christi.

144 716 226 761 quia
252 716 355 751 homo
382 726 442 761 per
466 714 712 750 certitudinem
739 714 826 750 scire
852 725 923 749 non
951 719 1062 761 potest
1103 719 1218 749 utrum
1246 715 1290 749 sit
1317 725 1395 750 vere
1419 716 1607 757 contritus;
1648 714 1773 750 sufficit

144 775 239 810 enim
266 774 293 809 si
320 774 357 809 in
384 785 419 809 se
446 774 548 818 signa
573 773 796 809 contritionis
832 773 1002 815 inveniat,
1033 778 1117 820 puta
1141 773 1168 807 si
1196 773 1309 808 doleat
1339 773 1382 808 de
1409 773 1616 819 praeteritis,
1641 778 1674 809 et
1701 784 1774 819 pro-

146 838 249 880 ponat
275 844 396 868 cavere
413 833 455 868 de
475 832 611 868 futuris.
642 830 677 867 Si
698 843 777 868 vero
796 832 933 878 ignorat
948 833 1012 868 hoc
1029 832 1120 878 quod
1143 832 1221 868 fecit
1241 843 1316 868 esse
1334 836 1451 867 actum
1471 834 1614 878 peccati,
1637 836 1774 878 propter

144 892 379 938 ignorantiam
409 891 486 927 facti
514 902 603 937 quae
641 896 794 933 excusat,
826 896 908 938 puta
934 891 961 926 si
988 891 1133 927 accessit
1171 891 1214 926 ad
1240 902 1310 926 non
1346 902 1446 926 suam
1481 901 1585 936 quam
1613 891 1774 926 credebat

144 962 217 987 esse
255 962 366 992 suam,
393 962 464 986 non
491 955 541 986 est
567 961 605 986 ex
633 950 696 986 hoc
734 950 904 986 dicendus
932 954 1110 996 peccator;
1158 949 1321 985 similiter
1357 949 1463 985 etiam
1490 949 1517 984 si
1549 949 1700 985 totaliter
1724 954 1776 985 est

147 1015 324 1057 peceatum
351 1010 492 1052 oblitus⁷
520 1009 645 1045 sufficit
670 1009 713 1045 ad
741 1009 815 1045 eius
841 1009 1053 1045 deletionem
1072 1009 1246 1054 generalis
1265 1009 1439 1050 contritio,
1461 1013 1498 1044 ut
1516 1008 1609 1043 infra
1627 1008 1773 1053 dicetur3

145 1070 238 1106 unde
265 1070 334 1105 iam
361 1081 433 1105 non
459 1074 510 1105 est
537 1069 706 1105 dicendus
732 1074 938 1115 peccator».

267 1166 362 1209 1181.
390 1167 464 1212 De
487 1167 825 1212 communione
842 1179 873 1210 a
896 1166 1029 1211 clero
1048 1166 1332 1221 recipienda
1349 1165 1438 1210 fer.
1464 1166 1520 1209 V.
1542 1166 1590 1209 in
1611 1164 1777 1210 Coena

147 1238 359 1283 Domini.
394 1262 446 1266 -—
480 1235 545 1279 Sic
594 1235 780 1291 digestus
817 1240 875 1278 est
909 1249 999 1279 ean.
1034 1237 1141 1278 862.
1192 1233 1392 1293 Expedit,
1441 1234 1551 1292 quod
1600 1233 1776 1278 verbum

147 1307 454 1352 consiliativum
489 1312 562 1360 est,
589 1306 661 1350 sed
686 1319 764 1349 non
789 1308 1071 1349 correctivum
1106 1306 1243 1363 legum
1279 1305 1583 1362 liturgicarum,
1615 1308 1646 1349 si
1671 1317 1778 1363 quae

146 1380 298 1422 suntin
323 1377 400 1421 hac
425 1391 468 1420 re
492 1377 627 1421 cultus
652 1376 820 1433 publici,
847 1382 891 1419 nl
913 1376 1025 1435 seria
1064 1376 1102 1419 l'.
1127 1377 1306 1420 maioris
1330 1375 1612 1419 hebdomadae
1633 1389 1777 1419 omnes

147 1449 304 1500 cleriei,
337 1448 515 1492 scilicet:
555 1448 748 1492 «divinis
780 1450 1022 1491 ministeriis
1065 1461 1137 1504 per
1170 1450 1349 1504 primani
1381 1447 1526 1491 saltem
1567 1452 1778 1491 tonsuram

148 1522 411 1576 mancipati»
451 1519 560 1575 (can.
597 1519 692 1574 108,
718 1521 743 1573 ἓ
767 1519 824 1576 1),
849 1519 977 1562 etiam
1009 1518 1248 1562 sacerdotes
1282 1518 1353 1576 qni
1385 1532 1433 1561 ea
1464 1517 1532 1561 die
1567 1520 1678 1562 iuxta
1713 1531 1780 1561 ex-

150 1591 411 1648 plicationem
438 1593 733 1647 exceptionum
757 1603 846 1634 can.
873 1590 958 1633 8⁶20
982 1604 1006 1632 a
1031 1589 1160 1633 Sacro
1185 1589 1348 1632 litando
1375 1589 1601 1642 abstinent,
1624 1590 1661 1644 a)
1683 1603 1778 1632 san-

146 1662 331 1705 ctissimo
369 1660 530 1704 Christi
566 1659 749 1719 Corpore
783 1661 825 1718 b)
858 1661 900 1703 in
938 1660 1073 1704 Missa
1105 1660 1312 1717 sollemni,
1351 1673 1457 1718 quae
1491 1660 1695 1704 cantanda
1719 1664 1779 1703 est

148 1736 186 1776 in
220 1732 407 1776 ecelesiis
436 1745 513 1775 nou
550 1731 781 1789 collegiatis
807 1731 874 1776 ubi
899 1732 1034 1775 officia
1068 1731 1357 1775 hebdomadae
1379 1735 1546 1775 sauctae
1570 1729 1779 1774 celebran-

149 1809 226 1858 tur,
261 1817 333 1846 sea
367 1802 634 1846 conventuali
667 1805 706 1845 in
731 1802 918 1846 ecclesiis
942 1801 1172 1859 collegiatis
1194 1814 1242 1845 ac
1266 1801 1466 1845 domuum
1493 1800 1780 1857 religiosarum

148 1874 357 1919 celebrata
389 1874 651 1930 reficiantur.
687 1874 789 1917 Sunt
812 1878 949 1917 autem
974 1878 1195 1931 sequentes
1233 1889 1255 1914 α
1275 1872 1494 1929 liturgicae
1529 1871 1642 1928 leges
1675 1883 1781 1928 quae

152 1947 234 1988 vim
268 1958 384 1988 suam
421 1947 637 1988 retinent»
693 1944 800 2001 (can.
838 1943 895 2001 2).
949 1943 991 1986 1Ο
1028 1944 1069 1987 ln
1103 1942 1404 1988 Coeremoniali
1445 1942 1746 1999 Episcoporum
1768 1941 1780 1963 '²

149 2016 328 2060 dicitur:
368 2015 567 2059 «Deinde
601 2020 823 2073 autequam
859 2029 902 2059 se
939 2015 1129 2071 purificet
1162 2013 1400 2070 (celebrans
1436 2012 1641 2070 Pontifex)
1675 2026 1783 2056 com-

152 2089 334 2130 municat
369 2089 548 2142 primum
585 2085 813 2130 Diaconum
853 2091 892 2129 et
924 2085 1250 2139 Subdiaconum,
1296 2085 1447 2128 deinde
1481 2097 1625 2127 omnes
1658 2083 1784 2128 Cano-

150 2160 263 2201 nicos
296 2162 473 2213 paratos,
507 2162 546 2200 et
585 2157 687 2200 alios
718 2157 964 2201 Sacerdotes
1006 2156 1057 2200 (16
1092 2155 1291 2212 Ecclesia,
1331 2158 1400 2213 qui
1441 2155 1588 2199 stolam
1623 2168 1644 2198 e
1677 2154 1782 2198 collo

150 2228 398 2284 pendentem
447 2240 571 2284 supra
622 2233 774 2271 cottam
823 2226 978 2271 hahere
1028 2226 1193 2281 dehent,
1238 2231 1275 2269 et
1325 2227 1504 2283 denique
1553 2238 1697 2268 omues
1730 2225 1780 2268 (16

150 2298 365 2343 clero...».
400 2298 447 2341 Et
482 2301 520 2340 iu
574 2298 705 2342 Parvo
754 2298 904 2342 Rituali
957 2298 1108 2342 Bened.
1145 2296 1268 2340 thl³
1318 2294 1492 2353 legitur:
1537 2311 1557 2337 <t
1579 2295 1639 2339 Fit.
1672 2308 1782 2339 com-

153 2371 292 2412 munio
325 2368 581 2413 Clericorum
629 2369 737 2426 apud
773 2368 928 2420 Altare,
962 2368 1113 2412 deiude
1161 2367 1351 2411 Virorum
1401 2372 1439 2410 et
1474 2366 1693 2410 Mulierum
1729 2366 1779 2410 ad

152 2439 374 2494 cancellos,
409 2452 590 2496 expansa
626 2439 769 2496 Mappa
803 2444 898 2483 aute
933 2444 1076 2496 pectus
1109 2438 1414 2483 eorumdem».
1721 2436 1723 2439 ’

273 2544 317 2580 De
344 2544 374 2579 vi
405 2545 618 2590 praeceptiva
647 2551 681 2580 et
708 2545 866 2590 ipsorum
891 2543 1126 2590 amplitudine
1154 2544 1345 2589 loquuntur
1371 2550 1458 2588 seqs.
1494 2542 1642 2578 Declars.
1672 2540 1708 2577 S.
1741 2540 1784 2576 C.

153 2602 218 2637 Rit.
248 2603 286 2638 ln
314 2602 508 2648 Seguntina
523 2604 548 2644 4,
580 2615 648 2638 non
676 2603 837 2639 obstante
863 2603 1138 2639 consuetudine:
1180 2602 1229 2647 Ad
1265 2603 1290 2636 l.
1321 2601 1449 2647 Resp.:
1496 2615 1510 2632 «
1532 2600 1678 2636 omnino
1717 2610 1788 2635 ser-

153 2661 306 2697 vandum
333 2673 407 2697 esse
435 2661 694 2697 Coeremoniale
730 2661 990 2708 Episcoporum;
1019 2666 1051 2696 et
1080 2671 1139 2707 pro
1173 2661 1330 2696 eiusdem
1358 2660 1581 2695 observantia
1608 2669 1705 2705 posse
1741 2658 1784 2693 ab

159 2721 327 2767 Episcopo
352 2721 425 2765 cogi
454 2719 659 2762 canonicos,
685 2726 717 2756 et
743 2721 830 2756 alios
856 2731 1094 2766 quoscumque
1120 2720 1162 2755 de
1188 2720 1321 2765 gremio
1348 2718 1550 2754 Ecclesiae»
1592 2717 1722 2754 Deinde
1750 2716 1785 2750 in

274 2828 285 2849 1
313 2828 331 2861 Ι
357 2827 403 2861 ad
432 2827 518 2862 Cor.
547 2827 619 2866 XI,
646 2827 705 2861 28.
737 2848 778 2852 —
805 2828 818 2850 ‘2
845 2827 888 2861 L.
917 2827 969 2870 ΙΙ,
998 2838 1030 2863 c,
1047 2826 1202 2869 XXIII,
1222 2838 1260 2860 n.
1284 2827 1349 2860 VI.
1381 2847 1420 2851 —
1449 2827 1463 2849 3
1491 2826 1567 2860 Tit.
1589 2825 1634 2860 de
1654 2825 1736 2859 Fer.
1756 2824 1788 2858 V

156 2875 199 2909 in
226 2874 356 2909 Coena
374 2875 487 2908 Dom.
520 2886 550 2908 c.
574 2874 628 2915 Π,
656 2886 693 2908 n.
726 2875 780 2908 17.
811 2895 854 2899 —
880 2875 893 2896 4
923 2878 965 2908 le
992 2873 1098 2918 Sept.
1130 2874 1232 2915 1654,
1260 2885 1298 2907 n.
1328 2874 1408 2909 970.
