1971 3261
101 131 198 168 Can.
223 129 293 165 893
630 128 716 164 TIT.
740 128 804 162 IV.
832 148 844 153 -
871 128 926 162 De
955 129 1195 162 Poenitentta
1661 125 1730 160 257

104 252 364 295 stitutionum
390 263 410 289 J>
448 247 556 305 (can.
593 248 692 301 875,
723 248 751 305 ξ
788 246 844 303 1),
877 252 950 288 aul
982 247 1098 304 serre
1131 261 1330 290 censuras
1368 247 1583 289 videlicet:
1624 262 1641 285 «
1663 248 1730 302 qui

107 320 260 378 pollent
304 322 503 376 potestate
547 317 658 374 leges
702 318 861 361 ferendi
910 318 970 360 vel
1016 323 1236 374 praecepta
1282 318 1534 374 imponendi,
1566 322 1733 373 possunt

102 403 270 449 quoque
314 389 392 446 legi
444 387 509 432 vel
562 393 781 445 praecepto
822 401 973 444 poenas
1005 389 1271 432 adnectere»
1309 389 1418 445 (can.
1454 388 1580 431 2220
1613 388 1641 445 ξ
1676 387 1731 443 1),

104 466 281 521 possum
314 473 487 517 quoque,
520 461 631 502 circa
675 472 872 501 censuras
924 460 961 500 vi
1013 458 1133 502 liuius
1181 461 1351 502 cationis
1384 464 1423 502 et
1456 463 1734 515 congruenter

102 531 210 576 can.¹
244 531 326 574 ⁴199
363 532 400 573 in
436 531 551 572 initio
585 532 709 572 citato
742 529 877 585 quoad
914 534 1096 585 peccata,
1131 535 1299 586 arrepto
1333 529 1372 585 a)
1410 528 1571 571 Vis-ario
1609 527 1730 586 Capi·

105 600 240 644 lutari
273 602 441 643 omnino
474 598 518 655 b)
552 603 591 641 el
627 597 791 641 tricario
820 597 1013 654 {Jeneruli
1046 599 1136 641 sine
1180 598 1377 641 mimulalo
1409 597 1597 656 speciali,
1632 612 1729 640 uon-

106 672 244 715 nullos
276 684 398 714 casus
434 672 591 713 ratione
627 671 783 726 peccati
822 668 883 711 vel
920 672 1076 711 rationo
1110 682 1309 712 censurae
1335 669 1461 712 relate
1494 669 1542 712 ad
1578 669 1732 711 disiun-

105 745 258 787 ctivam
296 745 538 799 potestatem
574 740 827 783 ordinariam
862 752 985 795 supra
1019 740 1187 784 dictam.
1223 739 1277 781 ml
1310 754 1426 781 sittim
1462 752 1636 782 avocare
1671 739 1729 781 in-

103 814 275 863 dicium,
308 816 398 856 sive
432 814 471 854 in
507 813 594 854 l'oro
627 810 916 854 sacramentali
961 811 1095 867 quoad
1142 816 1323 866 peccata,
1357 813 1445 853 sive
1484 813 1521 852 in
1558 815 1732 866 utroque

106 886 193 927 soro
226 883 362 941 quoad
397 894 608 935 censuras,
645 880 920 938 inferioribus
966 885 1153 935 respectu
1198 882 1449 936 suiipsorum
1494 878 1733 921 absolvendi

108 956 340 1011 respective
384 957 551 1010 peccata
598 951 661 995 vel
705 963 902 993 censuras
931 955 1179 1007 potestatem
1220 949 1452 992 [imitantes
1496 952 1603 992 circa
1644 949 1732 991 illos

103 1038 239 1070 casus.
274 1024 388 1068 Haec
423 1024 611 1066 limitatio
645 1027 705 1065 est
737 1020 905 1078 sequela
952 1021 1127 1064 iuridice
1173 1023 1402 1063 neccssaria
1444 1020 1552 1063 illius
1584 1033 1731 1062 avoca-

108 1098 242 1150 tionis,
277 1109 349 1152 per
382 1108 508 1153 quam
551 1092 762 1151 sequelam
807 1092 970 1135 deliniri
1019 1097 1147 1147 potest
1191 1094 1248 1134 sic
1288 1105 1455 1133 stt-want
1493 1091 1733 1133 reservatio,

108 1183 133 1208 «
157 1166 363 1210 Limitatio
397 1165 694 1209 iurisdictionis
726 1162 860 1220 quoad
896 1161 1197 1206 absolutionem
1232 1162 1507 1219 quorumdam
1549 1165 1733 1217 poccato-

109 1251 198 1281 rum
249 1242 318 1280 aut
366 1249 637 1280 censurarum
686 1247 708 1278 a
760 1234 924 1277 Pastore
969 1238 1229 1289 competente
1265 1234 1367 1275 facta
1393 1248 1431 1276 n.
1466 1258 1521 1262 -—
1562 1232 1734 1274 Proinde

103 1310 267 1352 censuit
310 1311 589 1364 congruenter
632 1306 670 1349 S.
714 1304 862 1361 Congr.
908 1304 1030 1348 Cone.
1082 1306 1120 1346 iu
1169 1303 1425 1347 Salernitana
1469 1315 1533 1346 an.
1571 1302 1734 1346 158512

112 1396 132 1421 «
159 1379 366 1423 Praelatos
398 1378 647 1433 saeculares,
681 1376 895 1432 Episcopis
940 1377 1167 1428 inferiores,
1202 1377 1271 1432 qui
1306 1374 1457 1418 babent
1489 1373 1734 1417 iurisdictio-

108 1465 200 1495 nem
236 1453 353 1509 quasi
387 1449 677 1507 Episcopalem
712 1451 749 1491 in
786 1447 888 1503 loco,
924 1453 963 1490 et
997 1446 1096 1490 nulli
1131 1446 1383 1489 Dioecesano
1428 1459 1501 1489 nec
1536 1447 1628 1501 ipsi,
1662 1458 1736 1488 nec

109 1535 251 1566 eorum
285 1521 440 1566 subditi
474 1520 661 1575 subsunt,
696 1512 1127 1563 habere't'acultatem
1171 1517 1412 1560 reservandi
1447 1516 1522 1560 sibi
1556 1529 1674 1560 casus
1698 1532 1736 1556 )).

109 1592 225 1647 Quae
258 1593 486 1636 declaratio
519 1594 645 1635 etiam
679 1603 787 1634 nunc
824 1603 922 1633 vera
955 1594 1029 1643 est,
1064 1595 1105 1632 ut
1139 1589 1241 1631 infra
1276 1587 1442 1644 patebit.

227 1663 289 1707 Ex
312 1665 406 1708 (lata
431 1665 772 1720 interpretatione
806 1660 928 1704 liuius
961 1660 998 1715 §³
1027 1664 1151 1716 atque
1175 1673 1225 1702 ex
1251 1660 1544 1702 reservationis
1566 1670 1734 1701 casuum

106 1736 242 1794 (iuxta
281 1738 306 1790 ἓ
343 1733 606 1793 sequentem)
652 1733 893 1777 delinitione
932 1732 1140 1788 colligitur
1182 1730 1399 1774 evidenter
1439 1729 1546 1786 quod
1594 1729 1735 1772 Pontit.

106 1806 322 1851 Commiss.
357 1805 593 1850 authentice
616 1807 886 1861 interpretata
918 1808 990 1856 est,
1016 1803 1113 1845 dum
1138 1801 1186 1845 ad
1213 1801 1385 1844 dubium
1411 1801 1424 1821 ²
1464 1818 1484 1841 «
1508 1799 1651 1844 Utrum
1687 1800 1735 1843 ad

109 1890 296 1921 normam
331 1879 502 1921 canonis
525 1876 622 1924 893,
645 1875 673 1934 ξ
700 1876 712 1918 1
745 1879 784 1918 et
808 1875 845 1929 2,
883 1876 1127 1930 peregrinus
1160 1876 1348 1915 teneatur
1384 1870 1738 1914 resei·vationil)us

111 1949 204 2003 loci,
238 1950 277 1991 in
313 1961 394 2006 quo
428 1947 553 2004 degit.
591 1973 643 1977 —-
679 1946 825 2002 Resp.:
861 1944 1123 1988 Atlirmative
1146 1959 1183 1985 ».

228 2054 451 2101 Prosequitur
476 2055 583 2090 Cone.
612 2053 706 2089 Trid.
737 2053 779 2088 de
815 2052 937 2087 barum
966 2051 995 2085 vi
1025 2045 1319 2085 rosei-vationum:
1357 2063 1371 2080 α
1392 2048 1489 2083 Hanc
1516 2054 1631 2083 autem
1659 2047 1739 2082 deli-

107 2120 243 2150 ctorum
270 2114 553 2154 reservationem,
578 2123 772 2148 consonum
798 2117 849 2147 est
876 2111 1017 2146 divinae
1043 2108 1254 2149 auctoritati,
1283 2119 1354 2143 non
1382 2112 1518 2142 tantum
1542 2107 1574 2141 in
1597 2112 1739 2142 externa

113 2173 240 2220 politia,
266 2173 325 2209 sed
351 2173 457 2209 etiam
483 2183 601 2208 coram
629 2171 697 2207 Deo
724 2172 793 2206 vim
822 2171 947 2206 habere
968 2183 998 2203 ι).
1027 2168 1073 2204 De
1092 2179 1160 2213 quo
1179 2167 1283 2203 etiam
1303 2166 1538 2211 dogmaticum
1568 2176 1737 2202 canonem

106 2232 265 2268 condidit
290 2232 413 2268 eadem
441 2232 478 2266 in
504 2232 676 2267 sessione:
710 2244 724 2262 «
748 2229 803 2265 xl.
822 2230 866 2265 >Si
896 2230 974 2275 quis
1000 2227 1136 2267 dixerit.
1163 2226 1342 2272 episcopos
1369 2237 1438 2260 uon
1467 2225 1594 2261 babere
1621 2225 1674 2260 ius
1693 2235 1741 2259 rr-

109 2291 269 2327 servandi
298 2290 363 2325 sibi
391 2302 505 2334 casus,
534 2290 600 2325 nisi
629 2290 742 2336 quoad
769 2294 948 2325 externam
973 2287 1140 2333 politiam,
1167 2291 1271 2331 atque
1307 2285 1381 2320 ideo
1416 2295 1559 2319 casuum
1588 2294 1739 2319 reserva-

110 2350 242 2385 tionem
269 2360 340 2385 non
369 2349 564 2396 prohibere,
593 2359 661 2395 quo
687 2349 804 2383 minus
831 2347 988 2382 sacerdos
1007 2357 1027 2380 a
1047 2344 1229 2380 reservatis
1250 2355 1326 2379 vere
1344 2343 1524 2383 absolvat;
1552 2343 1740 2378 anathema

111 2409 155 2444 sit
175 2423 206 2443 ι).
236 2408 378 2455 Propter
403 2409 494 2454 quod
521 2407 692 2444 absdubio
727 2407 833 2443 edixit
864 2407 897 2440 in
926 2406 998 2441 rit.i
1025 2412 1115 2450 cap-³
1145 2404 1232 2439 fine:
1267 2417 1279 2435 «
1302 2408 1398 2439 extra
1424 2413 1527 2448 quem
1553 2402 1738 2437 articulum

112 2468 150 2512 (i.
179 2479 208 2504 e.
237 2468 372 2511 mortis)
399 2468 607 2508 sacerdotes,
635 2478 715 2502 cum
743 2466 830 2501 nibil
860 2465 991 2511 possint
1020 2464 1053 2498 in
1082 2463 1222 2498 casibus
1249 2462 1443 2502 reservatis,
1473 2462 1506 2497 id
1534 2472 1641 2496 unum
1664 2472 1738 2506 poe-

114 2526 306 2562 nitentibus
335 2526 540 2572 persuadere
567 2526 738 2565 nitantur,
768 2530 805 2560 ut
831 2524 873 2559 ad
901 2522 1106 2569 superiores,
1132 2526 1163 2557 et
1192 2521 1365 2565 legitimos
1393 2520 1524 2555 iudices
1552 2530 1611 2565 pro
1638 2519 1740 2554 bene-

113 2585 189 2620 ficio
214 2585 444 2621 absolutionis
470 2585 689 2621 accedant».
732 2583 821 2619 Hinc
858 2587 1001 2628 apparot
1041 2581 1162 2626 quanti
1206 2580 1364 2616 facienda
1398 2590 1516 2614 eorum
1552 2579 1737 2615 sententia.

110 2645 170 2690 qui
206 2644 475 2680 reservationem
502 2644 653 2691 pendere
691 2643 831 2679 aiebant
869 2653 888 2677 a
925 2640 1125 2685 cognitione
1151 2651 1256 2685 quam
1294 2639 1509 2685 poenitentes
1545 2638 1739 2673 babuerunt

111 2704 154 2739 de
184 2703 269 2750 ipsa.

232 2835 243 2857 ί
270 2834 416 2869 Bened.
445 2834 552 2868 XIV.
583 2834 639 2868 De
667 2833 763 2878 Syn.
792 2832 908 2866 dioec⁴
938 2831 1005 2865 lib.
1033 2830 1076 2874 V,
1099 2841 1130 2864 c.
1151 2829 1219 2871 IV,
1241 2841 1279 2864 n.
1299 2831 1332 2863 2.
1357 2850 1388 2854 —
1415 2829 1428 2850 '2
1454 2829 1498 2862 24
1518 2828 1615 2862 Nov.
1638 2831 1736 2861 19:⁴⁷³.

115 2896 133 2912 α
153 2881 210 2916 De
235 2881 574 2916 reservat-ionibus
593 2894 628 2925 »,
657 2880 734 2915 CO.
763 2880 846 2919 XII,
876 2879 958 2913 575.

197 2960 294 2988 BLAT
318 2975 335 2982 -
361 2959 484 2991 Comm.
513 2960 599 2988 Text.
625 2958 702 2989 Cod.
727 2958 800 2986 Im:
827 2956 908 2985 Can.
1621 2953 1657 2981 17
