1971 3261
129 135 222 172 Can.
248 133 406 169 984-985
693 131 778 165 Tt'r.
808 131 873 164 VI.
903 151 916 156 -
943 131 997 165 De
1028 132 1171 165 Ordine
1689 128 1758 162 423

131 254 222 298 talis
254 253 434 309 dignitas
467 257 506 295 et
538 252 680 307 regula
717 250 819 294 luris
853 251 905 293 87
944 253 979 293 iu
1018 250 1060 293 6⁰
1094 255 1177 293 cst:
1217 267 1239 291 «
1264 250 1487 293 infamibus
1512 255 1652 306 portae
1679 263 1755 292 nou

130 328 295 381 pateant
338 323 651 379 dignitatum».
697 321 1026 364 Fundamentum
1072 335 1238 379 quoque
1282 323 1572 377 cognoscimus
1615 334 1663 363 ex
1711 320 1756 364 D.

128 393 299 447 Thoma,
323 407 370 436 eo
394 393 503 450 quod
531 407 602 449 per
626 394 835 436 infamiam
866 408 887 432 «
911 391 1157 435 obscuratur
1177 392 1354 435 ltominis
1373 392 1538 435 claritas
1557 408 1594 437 »,
1622 393 1756 447 proin-

127 465 262 522 deque
298 465 459 507 infamis
493 466 696 520 promotio
729 462 971 506 scandalum
1007 468 1243 518 generaret,
1277 465 1447 519 eiusque
1484 464 1755 505 ministerium

129 549 206 579 non
244 540 349 579 esset
386 536 568 592 profecto
603 547 737 592 neque
771 533 1012 577 honorabile
1048 548 1179 590 neque
1215 533 1313 577 utile
1348 537 1385 577 iu
1422 534 1619 577 Ecclesia.

247 607 342 650 343,
379 610 450 652 Ex
484 608 678 652 defectu
713 608 942 652 lenitatis.
979 631 1030 635 —
1069 604 1239 647 Domum
1271 622 1292 645 α
1314 611 1406 648 sunt
1435 605 1683 661 irregulares
1706 618 1753 647 ex

127 678 287 721 defectu
314 694 333 719 ))
374 678 553 721 lenitatis
576 677 698 734 (adeo
725 678 914 733 propriae
939 675 1047 718 illius
1070 679 1137 733 qui
1166 676 1337 719 hostiam
1366 677 1578 730 pacificam
1608 676 1756 718 otlerre

126 747 263 803 debet,
296 762 446 805 gerens
482 751 615 793 ricem
649 748 809 792 Summi
834 747 1069 791 Sacerdotis
1091 746 1239 789 Christi
1268 747 1369 800 lesu,
1393 750 1460 804 qui
1487 748 1612 789 dixit:
1643 763 1663 787 «
1690 746 1754 789 nt-

126 821 228 863 scite
262 831 284 862 a
319 833 397 876 me,
431 822 527 877 quia
557 822 666 862 mitis
698 832 788 863 sun]
815 817 858 875 »)
893 817 969 861 sub
1001 816 1060 859 iz.⁰
1094 819 1142 859 60
1178 817 1309 860 lmleoe
1340 819 1410 875 qui
1445 818 1591 861 mortis
1624 817 1755 874 quali-

127 895 372 948 tercumque
407 892 648 934 inferendae
680 889 933 933 sententiam
952 891 1005 931 'in
1031 891 1119 931 eius
1142 889 1263 932 oflicii
1289 891 1501 932 exercitio.
1527 891 1599 931 etsi
1628 901 1754 944 prava

127 961 351 1017 voluntate,
389 961 486 1005 tulit
523 961 671 1018 valide,
706 966 750 1004 ut
784 963 1075 1017 praesumitur,
1108 962 1301 1016 quamvis
1333 964 1506 1017 sequuta
1532 973 1609 1002 non
1636 961 1753 1002 fuerit

128 1033 236 1077 illius
269 1036 474 1078 executio.
509 1058 565 1064 -—
596 1032 704 1077 Huic
737 1036 1042 1077 connectuntur
1075 1032 1119 1074 7⁰
1158 1030 1242 1084 Qui
1274 1034 1316 1083 a)
1354 1045 1504 1073 iniimus
1543 1030 1755 1087 carnificis

125 1104 305 1149 scilicet:
340 1105 390 1149 ad
428 1104 581 1161 pluries
617 1109 789 1148 mortem
816 1103 1070 1147 inferendam
1099 1105 1263 1144 nomine
1286 1105 1542 1146 auctoritatis
1567 1102 1754 1159 publicae

126 1189 199 1233 per
232 1176 378 1220 iudicis
411 1178 655 1220 sententiam
691 1177 851 1232 agentis
883 1174 1157 1232 susceperim,
1192 1174 1299 1231 quod
1324 1173 1495 1216 verbum
1523 1173 1753 1217 libertatem

126 1247 347 1303 respuendi
368 1246 637 1290 munusillud
673 1246 872 1303 implicat,
907 1247 1130 1302 statimque
1164 1245 1514 1301 irregularitatem
1537 1247 1754 1288 incurrunt

125 1317 202 1361 hoc
236 1318 357 1372 facto,
391 1323 613 1376 antequam
652 1319 836 1360 muneris
868 1316 977 1360 illius
1010 1318 1177 1360 unicum
1213 1321 1349 1359 actum
1387 1321 1559 1373 ponant:
1594 1316 1663 1359 sed
1701 1318 1754 1358 in—

125 1389 305 1432 ferentes
338 1394 513 1432 mortem
548 1391 672 1432 etiam
708 1402 779 1444 per
804 1401 929 1431 unum
955 1393 1093 1431 actum
1119 1387 1406 1444 intelliguntur
1431 1388 1680 1444 irregulares
1703 1401 1752 1430 ex

123 1460 308 1504 clausula
341 1460 547 1504 subnexa:
582 1473 806 1517 eorumque
828 1460 1072 1503 carnificum
1099 1459 1142 1516 a)
1166 1458 1411 1513 voluiilaiii,
1438 1458 1548 1502 nullo
1574 1462 1661 1502 iure
1684 1463 1754 1502 aut

123 1533 369 1575 necessitate
402 1536 589 1588 cogente,
626 1530 667 1589 b)
703 1545 753 1573 ae
786 1529 1034 1584 immediati,
1077 1544 1112 1575 v.
1147 1544 1208 1587 gr.
1243 1530 1490 1574 adiuvantes
1528 1533 1566 1573 in
1606 1530 1751 1574 eodem

123 1605 381 1647 executionis
414 1607 508 1647 actu
542 1603 797 1657 carnificem,
831 1603 872 1660 c)
905 1601 1107 1658 ministri,
1142 1615 1163 1646 a
1204 1603 1363 1645 fortiori
1396 1602 1594 1647 carnifex.
1633 1615 1753 1645 secus

122 1674 174 1717 de
207 1673 286 1718 illis
319 1676 386 1732 qui
422 1675 555 1718 ordini
592 1673 758 1731 publico
792 1679 889 1718 tunc
924 1674 1156 1730 invigilant,
1193 1674 1255 1718 vel
1292 1687 1340 1717 ue
1376 1687 1469 1717 reus
1502 1674 1684 1730 effugiat,
1708 1671 1761 1729 d).

122 1744 166 1787 iii
210 1744 476 1788 eoesecutione
521 1744 722 1803 capitalis
759 1744 994 1788 sententiae
1031 1744 1176 1788 saltem
1217 1746 1255 1787 in
1298 1744 1463 1797 iudicio,
1505 1749 1547 1787 ut
1586 1743 1752 1797 dicitur,

122 1818 452 1859 summat-issimo
488 1815 684 1873 prolatae7
718 1829 837 1860 secus
860 1818 891 1859 si
917 1815 1037 1859 aliter
1055 1829 1167 1859 mors
1187 1816 1410 1871 infligatur,
1440 1829 1474 1858 v,
1501 1829 1560 1871 gr.
1587 1817 1624 1857 in
1648 1814 1753 1858 bello

122 1889 197 1930 etsi
231 1889 399 1930 omnino
434 1889 551 1930 iuste.
586 1886 634 1930 Et
667 1886 708 1930 hi
741 1901 885 1930 omnes
911 1889 1077 1930 fuerunt
1100 1886 1353 1943 irregulares
1376 1887 1606 1944 eodemque
1631 1886 1753 1929 modo

124 1959 162 2000 in
199 1959 287 2001 iure
320 1963 414 2001 ante
447 1956 657 2002 Codicem.

243 2028 340 2073 344.
375 2018 773 2086 irregularitates
805 2044 868 2076 ex
901 2032 1096 2077 delicto.
1131 2056 1183 2061 —
1222 2029 1321 2072 Can.
1358 2031 1463 2073 985.
1501 2029 1605 2073 snm
1647 2029 1752 2073 irre-

119 2098 294 2157 quimes
327 2113 378 2142 es
395 2099 547 2144 delicto
571 2099 622 2144 ab
646 2102 744 2157 ipsis
768 2105 941 2157 patrato,
967 2101 1153 2158 illudque
1180 2100 1352 2145 verbum
1378 2105 1438 2144 est
1461 2101 1750 2157 accipiendum

123 2172 162 2213 in
194 2183 316 2214 sensu
352 2171 404 2216 ab
427 2171 680 2216 Auctoribus
702 2184 750 2216 ac
775 2174 864 2216 iure
887 2173 1151 2229 praecedenti
1178 2177 1389 2229 usurpato,
1412 2174 1604 2229 quamvis
1626 2171 1749 2216 alicui

122 2254 172 2285 ex
207 2243 473 2286 enuntiandis
509 2257 546 2286 v.
571 2257 632 2300 gr.
656 2243 734 2288 sub
756 2257 794 2288 n.
822 2244 865 2287 6⁰
884 2245 1071 2287 delinitio
1095 2243 1233 2288 delicti
1263 2260 1282 2285 ((
1309 2246 1396 2287 iure
1420 2243 1700 2287 ecclesiastico
1724 2259 1744 2284 »

121 2313 216 2357 data
251 2315 289 2356 iu
324 2327 412 2357 can.
450 2314 562 2358 2195
596 2315 647 2358 ad
683 2328 835 2372 poenas
867 2315 974 2373 quod
1011 2317 1169 2370 attinet,
1203 2329 1281 2358 non
1302 2315 1533 2372 applicetur
1556 2316 1748 2371 perfecte,

121 2389 327 2442 quatenus
360 2398 439 2428 non
475 2388 624 2429 existat
662 2386 805 2443 «legis
841 2386 1024 2443 violatio,
1056 2389 1121 2430 cui
1156 2386 1295 2430 addita
1339 2389 1389 2429 sit
1427 2389 1584 2429 sanctio
1627 2398 1748 2429 cano-

121 2457 214 2499 nica
238 2455 384 2499 saltem
421 2457 739 2501 indeterminata
763 2473 802 2502 ».
837 2457 1029 2501 Attamen
1066 2471 1144 2501 non
1180 2457 1340 2515 absque
1374 2457 1642 2500 fundamento
1676 2458 1749 2499 fuit

121 2525 353 2571 adhibitum
390 2527 489 2572 illud
526 2528 714 2581 verbum,
756 2531 853 2587 quia
893 2532 956 2572 isti
998 2530 1248 2586 irregulares
1286 2544 1334 2573 ex
1376 2529 1526 2573 delicto
1566 2528 1748 2586 quadan-

122 2601 242 2641 tenus
274 2603 318 2641 ut
351 2601 409 2642 rei
444 2600 634 2644 eamdem
671 2600 990 2656 prohibitionem
1024 2601 1217 2644 subeunt.

240 2669 336 2713 34¹5.
373 2671 557 2716 Contra
588 2672 738 2718 fidem
757 2677 806 2718 et
823 2674 1059 2719 unitatem
1085 2674 1347 2718 Ecclesiae.
1369 2697 1420 2702 —
1443 2670 1750 2714 Enumerantur

121 2740 159 2782 in
209 2751 300 2784 can.
347 2746 569 2798 sequentes
616 2742 891 2799 irregulares:
942 2742 983 2786 1⁰
1015 2744 1246 2800 Aposlalae
1278 2757 1302 2785 a
1337 2742 1428 2799 fide.
1470 2741 1510 2798 b)
1546 2740 1749 2783 haeretiei

120 2808 160 2867 c)
184 2808 455 2866 schismatici,
491 2815 625 2868 prouti
659 2813 926 2857 declarantur
960 2813 1110 2870 singuli
1146 2816 1184 2856 in
1219 2826 1309 2858 can.
1336 2813 1447 2855 t3'25
1471 2819 1494 2866 5
1520 2813 1555 2859 Ξ,
1579 2825 1654 2854 non
1680 2811 1746 2854 alii

120 2881 411 2939 quadantenus
444 2881 609 2927 illorum
643 2883 891 2928 delictorum
929 2886 1238 2940 participantes,
1272 2898 1345 2928 nec
1366 2887 1438 2927 ista
1465 2884 1748 2940 irregularitas
