1971 3261
199 159 269 193 616
603 161 688 194 Lm.
714 161 784 195 ΙΙΙ.
812 182 823 187 -
851 161 962 196 PARS
988 162 1018 197 I.
1047 181 1060 188 -
1086 163 1144 198 De
1168 163 1434 200 &loramentis
1509 165 1600 203 Gan.
1630 168 1834 205 1091-1092

196 292 267 322 seu
304 280 612 335 proportionata
647 281 907 335 permissioni
939 294 1083 332 causa,
1118 294 1167 325 ne
1200 281 1296 326 talia
1322 285 1584 329 matrimonia
1619 286 1719 330 fiant
1755 301 1828 344 pro

198 349 329 401 libitu,
364 348 406 405 h)
441 354 479 391 et
512 349 764 393 disiunctive
799 355 988 407 respectu
1021 351 1073 394 ad
1107 352 1345 405 supradicta
1370 356 1634 399 matrimonia
1669 356 1720 400 cle
1753 371 1828 401 au-

198 419 462 462 thenticitate
495 419 687 463 mandati
719 422 896 474 (etiamsi
935 422 1125 466 videatur
1158 423 1196 467 id
1236 423 1442 481 validum)
1475 427 1612 483 quoad
1648 426 1832 471 subscri-

198 494 355 547 ptiones
390 490 510 545 illius,
548 490 608 534 rel
640 490 690 534 de
724 491 982 550 interpretis,
1011 494 1120 551 quod
1159 493 1333 538 verbum
1368 497 1558 552 peritiam
1593 496 1832 554 linguarum

198 561 446 604 utendarum
478 562 699 618 significat,
734 561 814 618 fide
837 575 956 620 quae,
980 563 1032 607 ab
1065 566 1153 608 eius
1180 565 1392 609 voluntate
1429 565 1535 611 bona
1560 568 1724 624 pendet,
1749 574 1836 612 tan-

197 637 281 675 tum
317 631 506 675 clzcbz'tari
539 632 590 676 ob
626 635 804 677 rationes
840 636 1037 690 positivas
1070 635 1185 678 nullo
1220 636 1339 679 modo
1374 636 1502 680 liceat
1537 638 1765 694 moraliter,
1787 652 1835 684 ac

197 705 315 746 tertia
350 703 532 747 conditio
565 709 651 748 est:
688 708 723 757 ct
748 703 909 755 laabim,
943 705 1015 748 sed
1051 705 1171 750 haec:
1207 706 1244 749 si
1278 712 1439 764 tempus
1461 714 1665 766 suppetat
1698 723 1838 754 neces·

197 776 352 817 sarium
388 787 461 831 pro
494 774 687 818 adeundo
718 775 866 818 saltem
902 789 973 832 per
1007 777 1224 833 epistolam
1260 777 1325 821 vel
1361 781 1566 834 nuntium,
1607 778 1836 824 Ordinarz'i

198 844 370 887 lieentia
404 845 573 888 forsitan
609 859 681 902 per
717 848 895 890 vicarios
929 847 1118 890 foraneos
1151 847 1406 905 elargienda.

319 916 416 961 491.
453 917 525 963 De
556 919 920 964 conditionibus
952 920 999 963 in
1040 921 1337 965 matrimonii
1384 922 1722 969 celebratione
1754 937 1835 979 ap-

198 990 387 1045 positis.
421 1013 478 1018 —
510 987 611 1031 Cum
646 988 827 1032 conditio
863 993 999 1033 mente
1035 993 1192 1033 retenta
1233 989 1333 1033 nihil
1370 1004 1442 1047 pro
1487 997 1659 1036 externo
1694 993 1833 1037 valeat

197 1059 297 1114 soro,
332 1058 383 1102 ad
417 1071 643 1101 consensus
678 1059 994 1102 matrimonialis
1029 1060 1403 1104 manifestationem
1446 1062 1709 1106 conditiones
1743 1076 1834 1120 per-

197 1132 327 1172 tinent
361 1134 640 1185 congruenter
672 1129 778 1175 can.¹
814 1130 942 1184 1086,
973 1132 1000 1189 g
1037 1130 1091 1174 1⁰.
1129 1131 1170 1174 ln
1207 1131 1487 1176 Decretalium
1519 1133 1605 1177 Lib.
1631 1133 1684 1177 IV
1716 1134 1833 1178 adest

198 1199 356 1244 Titulus
391 1201 414 1243 ὃ
453 1200 549 1244 «de
582 1201 890 1245 conditionibus
938 1204 1135 1258 appositis
1184 1205 1222 1245 in
1272 1203 1589 1260 desponsatione
1628 1204 1693 1248 vel
1742 1204 1835 1248 aliis

199 1270 544 1325 contractibus»,
578 1284 624 1315 ac
660 1273 698 1315 in
733 1272 804 1316 ult.
838 1285 928 1328 cap.
968 1275 1079 1316 circa
1129 1275 1442 1318 matrimonium
1488 1278 1543 1318 ait
1586 1273 1714 1331 Greg.
1751 1274 1836 1319 lX:

205 1358 225 1384 ((
248 1342 287 1385 Si
313 1342 571 1386 conditiones
594 1347 736 1386 contra
769 1342 1043 1386 substantiam
1067 1346 1248 1400 coniugii
1274 1346 1522 1397 inserantur,
1548 1349 1645 1400 puta
1673 1348 1704 1389 si
1730 1345 1838 1390 alter

201 1414 311 1457 dicat
343 1413 484 1457 alteri:
534 1414 734 1457 contraho
782 1418 935 1466 tecum,
968 1417 1000 1458 si
1049 1417 1361 1471 generationem
1413 1416 1539 1473 prolis
1587 1419 1734 1472 evites,
1770 1417 1835 1461 vel

200 1485 333 1529 donec
367 1487 578 1528 inveniam
612 1485 735 1528 aliam
771 1485 924 1528 honore
962 1485 1023 1528 vel
1059 1485 1324 1530 facultatibus
1357 1487 1565 1544 ditiorem,
1590 1492 1661 1531 aut
1693 1490 1725 1532 si
1759 1501 1834 1545 pro

201 1562 375 1614 quaestu
409 1555 725 1600 adulterandam
751 1561 788 1600 te
814 1557 965 1605 tradas,
1002 1557 1317 1600 matrimonialis
1349 1563 1588 1601 contractus
1620 1563 1838 1616 quantum-

202 1640 382 1684 cumque
404 1629 456 1670 sit
480 1627 734 1681 favorabilis,
758 1633 872 1671 caret
895 1628 1058 1671 effectu.
1077 1626 1189 1671 Licet
1207 1627 1312 1671 aliae
1335 1628 1594 1672 conditiones
1626 1631 1838 1686 appositae

202 1701 241 1742 in
277 1700 556 1753 matrimonio,
590 1700 622 1741 si
657 1703 797 1754 turpes
830 1703 899 1742 aut
934 1698 1210 1755 impossibiles
1245 1700 1414 1755 fuerint,
1449 1699 1629 1743 debeant
1673 1705 1840 1756 propter

203 1772 291 1813 eius
324 1770 509 1813 favorem
545 1783 617 1826 pro
650 1783 729 1813 non
764 1770 936 1814 adiectis
970 1769 1114 1814 haberi
1139 1785 1177 1811 )).

322 1842 385 1886 Ab
419 1841 481 1885 his
513 1855 613 1898 ergo
648 1843 850 1897 incipiens
882 1841 1144 1898 disciplinam
1173 1843 1381 1898 vigentem
1416 1844 1564 1885 retinet
1596 1844 1835 1901 scriptoque

203 1913 417 1970 complens
449 1925 540 1956 eam
574 1927 665 1955 can..
700 1913 834 1969 1092.
873 1911 1066 1956 Conditio
1100 1914 1279 1969 proprie,
1311 1914 1420 1956 sicut
1447 1925 1469 1956 a
1493 1913 1616 1956 modo
1649 1913 1835 1971 quolibet

204 1985 469 2040 discernitur,
504 1997 674 2040 nempe:
714 1983 938 2027 «adiectio
981 1985 1212 2027 contractui
1256 1995 1277 2026 a
1311 1995 1391 2040 qua
1436 1983 1616 2040 pendere
1664 1984 1840 2027 intendit

205 2055 454 2100 contrahens
485 2058 547 2098 sui
581 2068 807 2099 consensus
839 2055 1066 2098 efficaciam
1102 2057 1141 2097 in
1178 2059 1296 2111 pacto
1320 2070 1359 2109 n,
1403 2055 1502 2098 dnm
1552 2054 1700 2098 modus
1747 2059 1836 2099 est:

211 2127 431 2170 «adiectio
465 2128 694 2170 contractui
729 2125 916 2169 absolute
953 2125 1077 2168 volito
1113 2128 1242 2182 posita
1280 2125 1595 2169 accidentaliter
1635 2138 1708 2182 per
1739 2138 1836 2169 con-

206 2198 455 2253 trahentem,
480 2202 522 2240 ut
546 2209 653 2240 nova
685 2197 818 2240 solum
843 2199 999 2240 oriatur
1032 2196 1231 2252 obligatio
1266 2199 1418 2239 intenta
1453 2195 1599 2239 eodem
1634 2208 1836 2240 consensu

209 2269 447 2326 principalis
479 2273 718 2312 contractus
738 2284 794 2324 »3
829 2268 896 2311 illa
929 2281 1028 2324 ergo
1061 2267 1102 2325 a)
1135 2266 1262 2310 semel
1294 2266 1491 2325 appossita
1536 2266 1732 2324 equidem
1766 2278 1838 2309 ex-

207 2345 323 2384 terne
358 2353 430 2396 pro
465 2345 540 2383 isto
575 2340 673 2393 foro,
707 2352 827 2396 quae,
859 2338 911 2382 ab
942 2339 1072 2382 altero
1106 2337 1376 2382 contrahente
1396 2341 1623 2394 acceptata,
1660 2336 1724 2381 vel
1758 2336 1836 2380 sal—

207 2417 288 2456 tem
313 2414 468 2455 sciente
492 2424 571 2454 non
598 2411 826 2467 repudiata,
852 2410 1084 2466 ingreditur
1108 2414 1304 2466 tanquam
1328 2412 1565 2452 contractus
1599 2419 1705 2464 pars,
1729 2407 1838 2451 alias

209 2487 394 2526 remanet
419 2484 457 2525 in
488 2494 589 2539 pura
613 2494 839 2525 consensus
863 2479 1179 2524 matrimonialis
1199 2480 1530 2522 manifestatione
1555 2479 1585 2532 ¹,
1618 2477 1661 2535 b)
1685 2483 1724 2520 et
1757 2491 1839 2520 non

329 2591 339 2612 ¹
366 2589 456 2623 Huc
482 2589 655 2633 pertinet:
682 2600 725 2621 ac
753 2587 997 2631 praedictum
1035 2598 1195 2620 sensnm
1221 2584 1493 2630 praeseferunt
1531 2588 1745 2629 sequentes
1780 2583 1837 2617 de·

210 2637 457 2672 curationes.
488 2636 526 2670 s.
549 2636 590 2670 c.
620 2635 655 2669 s.
680 2634 808 2669 Officii
836 2636 872 2676 (2
898 2635 989 2668 Dec.
1023 2634 1124 2667 ieso.
1155 2633 1319 2667 eonem.
1343 2631 1435 2667 so.
1465 2631 1511 2666 de
1544 2632 1582 2666 Ρ.
1604 2631 1645 2666 F.
1675 2643 1710 2665 n.
1730 2631 1836 2673 een:
1897 2616 1915 2664 .’
1953 2646 1954 2658 ÷

212 2685 311 2718 «An
337 2684 390 2718 sit
413 2684 589 2718 validum
616 2683 912 2716 matrimonium
938 2686 1185 2715 contractum
1213 2681 1318 2714 inter
1336 2679 1574 2713 catholicum
1600 2684 1637 2712 et
1655 2677 1838 2712 schisma·
1894 2698 1903 2704 -

209 2732 332 2766 ticum
350 2731 594 2766 haereticum
612 2742 700 2764 cum
727 2729 953 2763 intentione
979 2727 1161 2762 toedandi
1181 2727 1244 2761 vel
1265 2726 1443 2761 solvendi
1461 2725 1767 2760 matrimonium.
1788 2724 1834 2759 R.
1892 2743 1894 2745 ·

211 2779 252 2814 Si
279 2780 356 2813 ista
381 2780 465 2813 sint
492 2777 658 2812 deducta
685 2778 724 2810 in
752 2784 922 2821 pactum.
952 2787 1020 2809 seu
1047 2786 1135 2809 cum
1162 2774 1240 2808 ista
1265 2773 1492 2808 conditione
1519 2773 1601 2807 sint
1619 2775 1836 2813 contracta,
1895 2787 1897 2790 ·
1967 2801 1971 2814 A

211 2826 463 2861 matrimonia
489 2832 583 2858 sunt
610 2825 741 2867 Pulla3
771 2825 831 2858 sin
859 2823 988 2865 aliter,
1017 2827 1111 2856 sunt
1138 2821 1268 2856 valida
1288 2837 1320 2855 ».
1354 2842 1393 2846 —
1421 2821 1539 2854 Instr.
1570 2820 1607 2854 S.
1638 2819 1679 2853 C.
1710 2819 1747 2853 S.
1778 2817 1838 2853 Of-

1893 2982 1909 3023 }

1895 3025 1919 3058 3·ss
1960 3035 1962 3049 1*

212 2874 291 2908 ficii
319 2875 355 2917 (6
382 2874 474 2917 Apr.
498 2872 599 2906 1843.
631 2871 792 2906 Collect.
821 2871 890 2905 cit.
919 2882 957 2904 n.
978 2870 1062 2912 965)
1096 2885 1109 2898 α
1130 2869 1242 2903 Circa
1267 2868 1366 2903 a¹ias
1392 2867 1581 2902 formulas
1610 2867 1664 2901 ita
1691 2865 1841 2911 pariter
1888 2848 1911 2903 ἕ
1968 2865 1971 2870 ’

212 2920 470 2957 statuendum
499 2920 614 2959 (siout
635 2920 675 2952 in
696 2917 1021 2963 Transylvanica,
1040 2927 1138 2961 quae
1166 2916 1409 2950 calvanistae
1428 2916 1469 2949 in
1487 2913 1775 2959 Transylvania
1800 2915 1842 2946 et
1886 2909 1918 2955 Ξ
1966 2907 1969 2934 ³
