<?xml version="1.0" encoding="UTF-8"?>
<!DOCTYPE html PUBLIC "-//W3C//DTD XHTML 1.0 Transitional//EN"
    "http://www.w3.org/TR/xhtml1/DTD/xhtml1-transitional.dtd">
<html xmlns="http://www.w3.org/1999/xhtml" xml:lang="en" lang="en">
 <head>
  <title>
</title>
<meta http-equiv="Content-Type" content="text/html;charset=utf-8" />
  <meta name='ocr-system' content='tesseract 3.04.00' />
  <meta name='ocr-capabilities' content='ocr_page ocr_carea ocr_par ocr_line ocrx_word'/>
</head>
<body>
  <div class='ocr_page' id='page_1' title='image "./p1commentariumte03blatuoft_0037.png"; bbox 0 0 1971 3261; ppageno 0'>
   <div class='ocr_carea' id='block_1_1' title="bbox 128 120 1762 167">
    <p class='ocr_par' dir='ltr' id='par_1_1' title="bbox 128 120 1762 167">
     <span class='ocr_line' id='line_1_1' title="bbox 128 120 1762 167; baseline -0.007 -3"><span class='ocrx_word' id='word_1_1' title='bbox 128 129 222 165; x_wconf 80' lang='lat' dir='ltr'>Can.</span> <span class='ocrx_word' id='word_1_2' title='bbox 253 128 317 163; x_wconf 77' lang='lat'>737</span> <span class='ocrx_word' id='word_1_3' title='bbox 690 126 774 160; x_wconf 77' lang='lat' dir='ltr'>Trr.</span> <span class='ocrx_word' id='word_1_4' title='bbox 804 125 834 158; x_wconf 93' lang='lat' dir='ltr'>I.</span> <span class='ocrx_word' id='word_1_5' title='bbox 865 145 875 149; x_wconf 99' lang='lat'>-</span> <span class='ocrx_word' id='word_1_6' title='bbox 907 124 963 158; x_wconf 82' lang='lat' dir='ltr'>De</span> <span class='ocrx_word' id='word_1_7' title='bbox 991 124 1198 167; x_wconf 54' lang='lat' dir='ltr'>Raptis-mo</span> <span class='ocrx_word' id='word_1_8' title='bbox 1718 120 1762 152; x_wconf 74' lang='lat'>25</span> 
     </span>
    </p>
   </div>
   <div class='ocr_carea' id='block_1_2' title="bbox 124 241 1770 2724">
    <p class='ocr_par' dir='ltr' id='par_1_2' title="bbox 124 241 1766 861">
     <span class='ocr_line' id='line_1_2' title="bbox 130 241 1765 306; baseline -0.006 -14"><span class='ocrx_word' id='word_1_9' title='bbox 130 248 282 292; x_wconf 74' lang='lat' dir='ltr'>ritibus</span> <span class='ocrx_word' id='word_1_10' title='bbox 314 248 448 306; x_wconf 82' lang='lat' dir='ltr'>quoad</span> <span class='ocrx_word' id='word_1_11' title='bbox 486 247 683 290; x_wconf 85' lang='lat' dir='ltr'>tormulas</span> <span class='ocrx_word' id='word_1_12' title='bbox 734 251 772 289; x_wconf 86' lang='lat' dir='ltr'>et</span> <span class='ocrx_word' id='word_1_13' title='bbox 809 257 953 301; x_wconf 98' lang='lat' dir='ltr'>preces</span> <span class='ocrx_word' id='word_1_14' title='bbox 996 249 1034 285; x_wconf 83' lang='lat' dir='ltr'>et</span> <span class='ocrx_word' id='word_1_15' title='bbox 1069 241 1346 285; x_wconf 69' lang='lat' dir='ltr'>eaeremoniis</span> <span class='ocrx_word' id='word_1_16' title='bbox 1393 242 1526 298; x_wconf 79' lang='lat' dir='ltr'>‹pioad</span> <span class='ocrx_word' id='word_1_17' title='bbox 1568 243 1765 288; x_wconf 68' lang='lat' dir='ltr'>actiones,</span> 
     </span>
     <span class='ocr_line' id='line_1_3' title="bbox 128 311 1763 379; baseline -0.006 -16"><span class='ocrx_word' id='word_1_18' title='bbox 128 334 235 379; x_wconf 77' lang='lat' dir='ltr'>quae</span> <span class='ocrx_word' id='word_1_19' title='bbox 282 319 323 362; x_wconf 80' lang='lat' dir='ltr'>in</span> <span class='ocrx_word' id='word_1_20' title='bbox 358 317 588 361; x_wconf 71' lang='lat' dir='ltr'>ritualibus</span> <span class='ocrx_word' id='word_1_21' title='bbox 622 316 743 360; x_wconf 72' lang='lat' dir='ltr'>libris</span> <span class='ocrx_word' id='word_1_22' title='bbox 793 315 855 372; x_wconf 92' lang='lat' dir='ltr'>(ut</span> <span class='ocrx_word' id='word_1_23' title='bbox 889 327 1011 371; x_wconf 89' lang='lat' dir='ltr'>supra</span> <span class='ocrx_word' id='word_1_24' title='bbox 1064 316 1101 356; x_wconf 91' lang='lat' dir='ltr'>in</span> <span class='ocrx_word' id='word_1_25' title='bbox 1138 325 1225 357; x_wconf 81' lang='lat' dir='ltr'>ran.</span> <span class='ocrx_word' id='word_1_26' title='bbox 1261 312 1345 355; x_wconf 74' lang='lat'>7:323</span> <span class='ocrx_word' id='word_1_27' title='bbox 1381 314 1455 355; x_wconf 86' lang='lat' dir='ltr'>t&#39;uit</span> <span class='ocrx_word' id='word_1_28' title='bbox 1488 311 1763 355; x_wconf 71' lang='lat' dir='ltr'>declaratum</span> 
     </span>
     <span class='ocr_line' id='line_1_4' title="bbox 124 382 1762 449; baseline -0.006 -16"><span class='ocrx_word' id='word_1_29' title='bbox 124 389 465 449; x_wconf 72' lang='lat' dir='ltr'>praecipiantur,</span> <span class='ocrx_word' id='word_1_30' title='bbox 501 386 747 446; x_wconf 71' lang='lat' dir='ltr'>appellatur</span> <span class='ocrx_word' id='word_1_31' title='bbox 780 386 872 430; x_wconf 85' lang='lat' dir='ltr'>talis</span> <span class='ocrx_word' id='word_1_32' title='bbox 921 385 1150 442; x_wconf 79' lang='lat' dir='ltr'>baptismus</span> <span class='ocrx_word' id='word_1_33' title='bbox 1183 382 1398 426; x_wconf 67' lang='lat' dir='ltr'>sollemnis</span> <span class='ocrx_word' id='word_1_34' title='bbox 1444 388 1610 439; x_wconf 76' lang='lat' dir='ltr'>propter</span> <span class='ocrx_word' id='word_1_35' title='bbox 1643 396 1762 438; x_wconf 82' lang='lat' dir='ltr'>supe-</span> 
     </span>
     <span class='ocr_line' id='line_1_5' title="bbox 130 453 1761 513; baseline -0.006 -8"><span class='ocrx_word' id='word_1_36' title='bbox 130 461 289 506; x_wconf 78' lang='lat' dir='ltr'>raddita</span> <span class='ocrx_word' id='word_1_37' title='bbox 339 474 388 503; x_wconf 79' lang='lat' dir='ltr'>ex</span> <span class='ocrx_word' id='word_1_38' title='bbox 424 462 511 503; x_wconf 90' lang='lat' dir='ltr'>iure</span> <span class='ocrx_word' id='word_1_39' title='bbox 545 458 827 503; x_wconf 86' lang='lat' dir='ltr'>ecclesiastico</span> <span class='ocrx_word' id='word_1_40' title='bbox 861 456 923 499; x_wconf 85' lang='lat' dir='ltr'>his</span> <span class='ocrx_word' id='word_1_41' title='bbox 956 469 1063 513; x_wconf 86' lang='lat' dir='ltr'>quae</span> <span class='ocrx_word' id='word_1_42' title='bbox 1114 458 1201 498; x_wconf 88' lang='lat' dir='ltr'>iure</span> <span class='ocrx_word' id='word_1_43' title='bbox 1235 455 1378 498; x_wconf 66' lang='lat' dir='ltr'>(lirino</span> <span class='ocrx_word' id='word_1_44' title='bbox 1426 453 1476 496; x_wconf 88' lang='lat' dir='ltr'>a‹l</span> <span class='ocrx_word' id='word_1_45' title='bbox 1514 453 1761 509; x_wconf 65' lang='lat' dir='ltr'>baptismum</span> 
     </span>
     <span class='ocr_line' id='line_1_6' title="bbox 132 527 1765 587; baseline -0.006 -13"><span class='ocrx_word' id='word_1_46' title='bbox 132 533 314 576; x_wconf 78' lang='lat' dir='ltr'>validum</span> <span class='ocrx_word' id='word_1_47' title='bbox 366 533 606 587; x_wconf 76' lang='lat' dir='ltr'>exiguntur,</span> <span class='ocrx_word' id='word_1_48' title='bbox 650 541 773 587; x_wconf 85' lang='lat' dir='ltr'>quam</span> <span class='ocrx_word' id='word_1_49' title='bbox 824 527 1142 585; x_wconf 75' lang='lat' dir='ltr'>appellationem</span> <span class='ocrx_word' id='word_1_50' title='bbox 1191 528 1388 569; x_wconf 89' lang='lat' dir='ltr'>retineret</span> <span class='ocrx_word' id='word_1_51' title='bbox 1430 527 1624 582; x_wconf 68' lang='lat' dir='ltr'>quamtis</span> <span class='ocrx_word' id='word_1_52' title='bbox 1659 538 1765 567; x_wconf 78' lang='lat' dir='ltr'>uuus</span> 
     </span>
     <span class='ocr_line' id='line_1_7' title="bbox 130 595 1766 660; baseline -0.006 -14"><span class='ocrx_word' id='word_1_53' title='bbox 130 607 231 647; x_wconf 90' lang='lat' dir='ltr'>ritus</span> <span class='ocrx_word' id='word_1_54' title='bbox 264 603 477 660; x_wconf 82' lang='lat' dir='ltr'>alteraque</span> <span class='ocrx_word' id='word_1_55' title='bbox 520 601 782 644; x_wconf 77' lang='lat' dir='ltr'>caeremonia</span> <span class='ocrx_word' id='word_1_56' title='bbox 828 601 1110 642; x_wconf 88' lang='lat' dir='ltr'>omitteretur:</span> <span class='ocrx_word' id='word_1_57' title='bbox 1145 611 1276 645; x_wconf 69' lang='lat' dir='ltr'>secas,</span> <span class='ocrx_word' id='word_1_58' title='bbox 1311 609 1482 653; x_wconf 86' lang='lat' dir='ltr'>nempe:</span> <span class='ocrx_word' id='word_1_59' title='bbox 1515 595 1766 652; x_wconf 76' lang='lat' dir='ltr'>supradictis</span> 
     </span>
     <span class='ocr_line' id='line_1_8' title="bbox 129 667 1763 728; baseline -0.006 -10"><span class='ocrx_word' id='word_1_60' title='bbox 129 689 206 718; x_wconf 93' lang='lat' dir='ltr'>non</span> <span class='ocrx_word' id='word_1_61' title='bbox 241 675 434 728; x_wconf 82' lang='lat' dir='ltr'>servatis,</span> <span class='ocrx_word' id='word_1_62' title='bbox 471 671 533 715; x_wconf 84' lang='lat' dir='ltr'>vel</span> <span class='ocrx_word' id='word_1_63' title='bbox 568 674 653 715; x_wconf 90' lang='lat' dir='ltr'>t&#39;ere</span> <span class='ocrx_word' id='word_1_64' title='bbox 687 670 881 714; x_wconf 90' lang='lat' dir='ltr'>omnibus</span> <span class='ocrx_word' id='word_1_65' title='bbox 914 671 1091 722; x_wconf 74' lang='lat' dir='ltr'>omissis,</span> <span class='ocrx_word' id='word_1_66' title='bbox 1116 669 1269 712; x_wconf 71' lang='lat' dir='ltr'>(licitur</span> <span class='ocrx_word' id='word_1_67' title='bbox 1304 667 1533 724; x_wconf 76' lang='lat' dir='ltr'>baptismus</span> <span class='ocrx_word' id='word_1_68' title='bbox 1569 682 1645 710; x_wconf 75' lang='lat' dir='ltr'>nan</span> <span class='ocrx_word' id='word_1_69' title='bbox 1681 667 1763 710; x_wconf 71' lang='lat' dir='ltr'>sol-</span> 
     </span>
     <span class='ocr_line' id='line_1_9' title="bbox 128 738 1764 802; baseline -0.005 -13"><span class='ocrx_word' id='word_1_70' title='bbox 128 745 277 789; x_wconf 75' lang='lat' dir='ltr'>lemnis</span> <span class='ocrx_word' id='word_1_71' title='bbox 310 758 382 787; x_wconf 79' lang='lat' dir='ltr'>sea</span> <span class='ocrx_word' id='word_1_72' title='bbox 409 743 608 802; x_wconf 73' lang='lat' dir='ltr'>privatas</span> <span class='ocrx_word' id='word_1_73' title='bbox 651 742 775 786; x_wconf 85' lang='lat' dir='ltr'>veluti</span> <span class='ocrx_word' id='word_1_74' title='bbox 821 754 967 785; x_wconf 89' lang='lat' dir='ltr'>carens</span> <span class='ocrx_word' id='word_1_75' title='bbox 1010 740 1144 797; x_wconf 88' lang='lat' dir='ltr'>sigillo</span> <span class='ocrx_word' id='word_1_76' title='bbox 1181 739 1372 796; x_wconf 85' lang='lat' dir='ltr'>publicae</span> <span class='ocrx_word' id='word_1_77' title='bbox 1415 741 1589 783; x_wconf 87' lang='lat' dir='ltr'>actionis</span> <span class='ocrx_word' id='word_1_78' title='bbox 1633 738 1764 782; x_wconf 84' lang='lat' dir='ltr'>eccle-</span> 
     </span>
     <span class='ocr_line' id='line_1_10' title="bbox 128 819 334 861; baseline -0.015 0"><span class='ocrx_word' id='word_1_79' title='bbox 128 819 334 861; x_wconf 84' lang='lat' dir='ltr'>siasticae.</span> 
     </span>
    </p>

    <p class='ocr_par' dir='ltr' id='par_1_3' title="bbox 128 882 1770 2724">
     <span class='ocr_line' id='line_1_11' title="bbox 250 882 1765 943; baseline -0.005 -12"><span class='ocrx_word' id='word_1_80' title='bbox 250 889 315 933; x_wconf 87' lang='lat'>19.</span> <span class='ocrx_word' id='word_1_81' title='bbox 353 890 543 935; x_wconf 86' lang='lat' dir='ltr'>Divisio</span> <span class='ocrx_word' id='word_1_82' title='bbox 574 889 700 934; x_wconf 80' lang='lat' dir='ltr'>tituli</span> <span class='ocrx_word' id='word_1_83' title='bbox 736 889 785 932; x_wconf 88' lang='lat' dir='ltr'>in</span> <span class='ocrx_word' id='word_1_84' title='bbox 811 888 989 943; x_wconf 87' lang='lat' dir='ltr'>capita.</span> <span class='ocrx_word' id='word_1_85' title='bbox 1011 911 1037 916; x_wconf 89' lang='lat'><em>-</em></span> <span class='ocrx_word' id='word_1_86' title='bbox 1060 886 1103 928; x_wconf 92' lang='lat' dir='ltr'>ln</span> <span class='ocrx_word' id='word_1_87' title='bbox 1139 897 1228 940; x_wconf 78' lang='lat' dir='ltr'>cap.</span> <span class='ocrx_word' id='word_1_88' title='bbox 1254 884 1276 926; x_wconf 75' lang='lat'><strong>4</strong></span> <span class='ocrx_word' id='word_1_89' title='bbox 1313 886 1380 927; x_wconf 84' lang='lat' dir='ltr'>cit.</span> <span class='ocrx_word' id='word_1_90' title='bbox 1407 885 1466 926; x_wconf 88' lang='lat' dir='ltr'>tit.</span> <span class='ocrx_word' id='word_1_91' title='bbox 1493 883 1655 926; x_wconf 77' lang='lat' dir='ltr'>Deci-et.</span> <span class='ocrx_word' id='word_1_92' title='bbox 1680 882 1765 936; x_wconf 67' lang='grc' dir='ltr'>(ΙΙΙ,</span> 
     </span>
     <span class='ocr_line' id='line_1_12' title="bbox 130 954 1767 1017; baseline -0.005 -14"><span class='ocrx_word' id='word_1_93' title='bbox 130 959 202 1017; x_wconf 69' lang='lat'>4⁶2)</span> <span class='ocrx_word' id='word_1_94' title='bbox 239 960 346 1003; x_wconf 83' lang='lat' dir='ltr'>idem</span> <span class='ocrx_word' id='word_1_95' title='bbox 385 959 569 1002; x_wconf 83' lang='lat' dir='ltr'>Pontifex</span> <span class='ocrx_word' id='word_1_96' title='bbox 606 958 743 1002; x_wconf 90' lang='lat' dir='ltr'>lnnoc.</span> <span class='ocrx_word' id='word_1_97' title='bbox 781 957 827 1000; x_wconf 86' lang='grc' dir='ltr'>ΙΙΙ</span> <span class='ocrx_word' id='word_1_98' title='bbox 864 959 941 1000; x_wconf 88' lang='lat' dir='ltr'>ait:</span> <span class='ocrx_word' id='word_1_99' title='bbox 985 955 1351 1012; x_wconf 70' lang='lat' dir='ltr'>«Respondemus,</span> <span class='ocrx_word' id='word_1_100' title='bbox 1385 954 1494 1012; x_wconf 74' lang='lat' dir='ltr'>quod</span> <span class='ocrx_word' id='word_1_101' title='bbox 1530 967 1623 996; x_wconf 69' lang='lat' dir='ltr'>cum</span> <span class='ocrx_word' id='word_1_102' title='bbox 1661 956 1767 996; x_wconf 85' lang='lat' dir='ltr'>inter</span> 
     </span>
     <span class='ocr_line' id='line_1_13' title="bbox 129 1025 1767 1087; baseline -0.005 -12"><span class='ocrx_word' id='word_1_103' title='bbox 129 1031 404 1087; x_wconf 82' lang='lat' dir='ltr'>baptizantem</span> <span class='ocrx_word' id='word_1_104' title='bbox 453 1034 492 1074; x_wconf 89' lang='lat' dir='ltr'>et</span> <span class='ocrx_word' id='word_1_105' title='bbox 527 1030 774 1086; x_wconf 85' lang='lat' dir='ltr'>baptizatum</span> <span class='ocrx_word' id='word_1_106' title='bbox 811 1028 959 1071; x_wconf 80' lang='lat' dir='ltr'>debeat</span> <span class='ocrx_word' id='word_1_107' title='bbox 1008 1041 1096 1070; x_wconf 84' lang='lat' dir='ltr'>esse</span> <span class='ocrx_word' id='word_1_108' title='bbox 1145 1027 1353 1070; x_wconf 82' lang='lat' dir='ltr'>discretio.</span> <span class='ocrx_word' id='word_1_109' title='bbox 1387 1028 1490 1069; x_wconf 88' lang='lat' dir='ltr'>sicut</span> <span class='ocrx_word' id='word_1_110' title='bbox 1541 1038 1588 1068; x_wconf 79' lang='lat' dir='ltr'>ex</span> <span class='ocrx_word' id='word_1_111' title='bbox 1629 1025 1767 1068; x_wconf 72' lang='lat' dir='ltr'>verbis</span> 
     </span>
     <span class='ocr_line' id='line_1_14' title="bbox 132 1096 1767 1158; baseline -0.005 -13"><span class='ocrx_word' id='word_1_112' title='bbox 132 1101 293 1145; x_wconf 85' lang='lat' dir='ltr'>Domini</span> <span class='ocrx_word' id='word_1_113' title='bbox 329 1101 538 1158; x_wconf 88' lang='lat' dir='ltr'>colligitur</span> <span class='ocrx_word' id='word_1_114' title='bbox 571 1101 747 1144; x_wconf 77' lang='lat' dir='ltr'>(licentis</span> <span class='ocrx_word' id='word_1_115' title='bbox 780 1098 1009 1156; x_wconf 83' lang='lat' dir='ltr'>Apostolis:</span> <span class='ocrx_word' id='word_1_116' title='bbox 1045 1098 1322 1155; x_wconf 85' lang='lat' dir='ltr'>(Baptizautes</span> <span class='ocrx_word' id='word_1_117' title='bbox 1355 1096 1488 1152; x_wconf 86' lang='lat' dir='ltr'>eos...)</span> <span class='ocrx_word' id='word_1_118' title='bbox 1513 1101 1767 1139; x_wconf 80' lang='lat' dir='ltr'>memoratus</span> 
     </span>
     <span class='ocr_line' id='line_1_15' title="bbox 134 1166 1767 1229; baseline -0.005 -13"><span class='ocrx_word' id='word_1_119' title='bbox 134 1173 308 1216; x_wconf 75' lang='lat' dir='ltr'>luslaeus</span> <span class='ocrx_word' id='word_1_120' title='bbox 342 1173 531 1229; x_wconf 90' lang='lat' dir='ltr'>(nempe:</span> <span class='ocrx_word' id='word_1_121' title='bbox 566 1174 635 1229; x_wconf 84' lang='lat' dir='ltr'>qui</span> <span class='ocrx_word' id='word_1_122' title='bbox 670 1174 850 1227; x_wconf 87' lang='lat' dir='ltr'>seipsum</span> <span class='ocrx_word' id='word_1_123' title='bbox 889 1168 1129 1226; x_wconf 63' lang='lat' dir='ltr'>baptizarit)</span> <span class='ocrx_word' id='word_1_124' title='bbox 1175 1173 1232 1212; x_wconf 87' lang='lat' dir='ltr'>est</span> <span class='ocrx_word' id='word_1_125' title='bbox 1268 1169 1404 1211; x_wconf 71' lang='lat' dir='ltr'>(leuno</span> <span class='ocrx_word' id='word_1_126' title='bbox 1439 1166 1491 1210; x_wconf 86' lang='lat' dir='ltr'>ab</span> <span class='ocrx_word' id='word_1_127' title='bbox 1523 1167 1603 1210; x_wconf 89' lang='lat' dir='ltr'>alio</span> <span class='ocrx_word' id='word_1_128' title='bbox 1634 1166 1767 1227; x_wconf 11' lang='lat' dir='ltr'>&#39;inuriti-</span> 
     </span>
     <span class='ocr_line' id='line_1_16' title="bbox 129 1238 1762 1299; baseline -0.004 -13"><span class='ocrx_word' id='word_1_129' title='bbox 129 1244 306 1292; x_wconf 73' lang='lat' dir='ltr'>zanilus;</span> <span class='ocrx_word' id='word_1_130' title='bbox 342 1249 383 1286; x_wconf 90' lang='lat' dir='ltr'>ut</span> <span class='ocrx_word' id='word_1_131' title='bbox 417 1243 659 1286; x_wconf 81' lang='lat' dir='ltr'>ostendatur</span> <span class='ocrx_word' id='word_1_132' title='bbox 692 1242 800 1299; x_wconf 84' lang='lat' dir='ltr'>quod</span> <span class='ocrx_word' id='word_1_133' title='bbox 836 1240 942 1285; x_wconf 88' lang='lat' dir='ltr'>alius</span> <span class='ocrx_word' id='word_1_134' title='bbox 975 1245 1032 1283; x_wconf 87' lang='lat' dir='ltr'>est</span> <span class='ocrx_word' id='word_1_135' title='bbox 1081 1242 1150 1297; x_wconf 79' lang='lat' dir='ltr'>qui</span> <span class='ocrx_word' id='word_1_136' title='bbox 1188 1239 1430 1295; x_wconf 74' lang='lat' dir='ltr'>baptizatur,</span> <span class='ocrx_word' id='word_1_137' title='bbox 1467 1243 1504 1281; x_wconf 89' lang='lat' dir='ltr'>et</span> <span class='ocrx_word' id='word_1_138' title='bbox 1541 1238 1658 1283; x_wconf 81' lang='lat' dir='ltr'>alius.</span> <span class='ocrx_word' id='word_1_139' title='bbox 1694 1240 1762 1294; x_wconf 84' lang='lat' dir='ltr'>qui</span> 
     </span>
     <span class='ocr_line' id='line_1_17' title="bbox 130 1308 1767 1371; baseline -0.004 -13"><span class='ocrx_word' id='word_1_140' title='bbox 130 1315 351 1371; x_wconf 86' lang='lat' dir='ltr'>baptizat...</span> <span class='ocrx_word' id='word_1_141' title='bbox 378 1314 418 1356; x_wconf 90' lang='lat' dir='ltr'>ln</span> <span class='ocrx_word' id='word_1_142' title='bbox 456 1313 659 1369; x_wconf 87' lang='lat' dir='ltr'>baptismo</span> <span class='ocrx_word' id='word_1_143' title='bbox 693 1313 847 1369; x_wconf 80' lang='lat' dir='ltr'>qiiippe</span> <span class='ocrx_word' id='word_1_144' title='bbox 882 1311 949 1354; x_wconf 87' lang='lat' dir='ltr'>illa</span> <span class='ocrx_word' id='word_1_145' title='bbox 983 1310 1210 1367; x_wconf 88' lang='lat' dir='ltr'>spiritualis</span> <span class='ocrx_word' id='word_1_146' title='bbox 1236 1312 1496 1366; x_wconf 75' lang='lat' dir='ltr'>regeneratio</span> <span class='ocrx_word' id='word_1_147' title='bbox 1530 1308 1767 1352; x_wconf 69' lang='lat' dir='ltr'>celebratur</span> 
     </span>
     <span class='ocr_line' id='line_1_18' title="bbox 128 1380 1764 1443; baseline -0.003 -15"><span class='ocrx_word' id='word_1_148' title='bbox 128 1386 180 1428; x_wconf 81' lang='lat' dir='ltr'>de</span> <span class='ocrx_word' id='word_1_149' title='bbox 203 1398 282 1443; x_wconf 84' lang='lat' dir='ltr'>qua</span> <span class='ocrx_word' id='word_1_150' title='bbox 313 1384 471 1428; x_wconf 84' lang='lat' dir='ltr'>Veritas</span> <span class='ocrx_word' id='word_1_151' title='bbox 504 1386 560 1427; x_wconf 91' lang='lat' dir='ltr'>ait</span> <span class='ocrx_word' id='word_1_152' title='bbox 583 1384 652 1439; x_wconf 81' lang='lat' dir='ltr'>(ad</span> <span class='ocrx_word' id='word_1_153' title='bbox 677 1383 951 1426; x_wconf 79' lang='lat' dir='ltr'>Nicodemum</span> <span class='ocrx_word' id='word_1_154' title='bbox 981 1381 1129 1425; x_wconf 70' lang='lat' dir='ltr'>rerba:</span> <span class='ocrx_word' id='word_1_155' title='bbox 1152 1380 1234 1424; x_wconf 74' lang='lat' dir='ltr'>Nisi</span> <span class='ocrx_word' id='word_1_156' title='bbox 1260 1384 1353 1438; x_wconf 84' lang='lat' dir='ltr'>quis</span> <span class='ocrx_word' id='word_1_157' title='bbox 1379 1386 1545 1423; x_wconf 87' lang='lat' dir='ltr'>renatus</span> <span class='ocrx_word' id='word_1_158' title='bbox 1565 1380 1764 1436; x_wconf 85' lang='lat' dir='ltr'>fuerit...).</span> 
     </span>
     <span class='ocr_line' id='line_1_19' title="bbox 130 1452 1766 1512; baseline -0.004 -12"><span class='ocrx_word' id='word_1_159' title='bbox 130 1458 243 1500; x_wconf 77' lang='lat' dir='ltr'>Sicut</span> <span class='ocrx_word' id='word_1_160' title='bbox 287 1470 386 1512; x_wconf 90' lang='lat' dir='ltr'>ergo</span> <span class='ocrx_word' id='word_1_161' title='bbox 430 1458 468 1498; x_wconf 91' lang='lat' dir='ltr'>in</span> <span class='ocrx_word' id='word_1_162' title='bbox 503 1455 659 1499; x_wconf 87' lang='lat' dir='ltr'>carnali</span> <span class='ocrx_word' id='word_1_163' title='bbox 694 1457 978 1511; x_wconf 70' lang='lat' dir='ltr'>generatione,</span> <span class='ocrx_word' id='word_1_164' title='bbox 1013 1466 1093 1511; x_wconf 79' lang='lat' dir='ltr'>qua</span> <span class='ocrx_word' id='word_1_165' title='bbox 1143 1452 1278 1509; x_wconf 88' lang='lat' dir='ltr'>proles</span> <span class='ocrx_word' id='word_1_166' title='bbox 1322 1466 1369 1495; x_wconf 78' lang='lat' dir='ltr'>ex</span> <span class='ocrx_word' id='word_1_167' title='bbox 1410 1453 1497 1494; x_wconf 77' lang='lat' dir='ltr'>viro</span> <span class='ocrx_word' id='word_1_168' title='bbox 1532 1457 1570 1494; x_wconf 88' lang='lat' dir='ltr'>et</span> <span class='ocrx_word' id='word_1_169' title='bbox 1614 1452 1766 1494; x_wconf 82' lang='lat' dir='ltr'>femina</span> 
     </span>
     <span class='ocr_line' id='line_1_20' title="bbox 130 1523 1766 1584; baseline -0.004 -13"><span class='ocrx_word' id='word_1_170' title='bbox 130 1530 327 1582; x_wconf 67' lang='lat' dir='ltr'>nascitur,</span> <span class='ocrx_word' id='word_1_171' title='bbox 362 1527 467 1570; x_wconf 86' lang='lat' dir='ltr'>alius</span> <span class='ocrx_word' id='word_1_172' title='bbox 499 1532 557 1570; x_wconf 89' lang='lat' dir='ltr'>est</span> <span class='ocrx_word' id='word_1_173' title='bbox 592 1528 660 1584; x_wconf 83' lang='lat' dir='ltr'>qui</span> <span class='ocrx_word' id='word_1_174' title='bbox 695 1525 918 1570; x_wconf 86' lang='lat' dir='ltr'>carnaliter</span> <span class='ocrx_word' id='word_1_175' title='bbox 950 1527 1095 1582; x_wconf 72' lang='lat' dir='ltr'>gignit,</span> <span class='ocrx_word' id='word_1_176' title='bbox 1131 1529 1168 1567; x_wconf 91' lang='lat' dir='ltr'>et</span> <span class='ocrx_word' id='word_1_177' title='bbox 1202 1524 1308 1567; x_wconf 85' lang='lat' dir='ltr'>alins</span> <span class='ocrx_word' id='word_1_178' title='bbox 1347 1526 1415 1581; x_wconf 79' lang='lat' dir='ltr'>qui</span> <span class='ocrx_word' id='word_1_179' title='bbox 1452 1523 1674 1567; x_wconf 79' lang='lat' dir='ltr'>carnaliter</span> <span class='ocrx_word' id='word_1_180' title='bbox 1708 1525 1766 1578; x_wconf 87' lang='lat' dir='ltr'>gi-</span> 
     </span>
     <span class='ocr_line' id='line_1_21' title="bbox 131 1595 1766 1656; baseline -0.004 -14"><span class='ocrx_word' id='word_1_181' title='bbox 131 1602 292 1656; x_wconf 83' lang='lat' dir='ltr'>gnitur:</span> <span class='ocrx_word' id='word_1_182' title='bbox 327 1601 385 1642; x_wconf 88' lang='lat' dir='ltr'>sie</span> <span class='ocrx_word' id='word_1_183' title='bbox 419 1603 459 1641; x_wconf 88' lang='lat' dir='ltr'>et</span> <span class='ocrx_word' id='word_1_184' title='bbox 492 1600 528 1641; x_wconf 91' lang='lat' dir='ltr'>in</span> <span class='ocrx_word' id='word_1_185' title='bbox 564 1597 856 1641; x_wconf 83' lang='lat' dir='ltr'>sacramentali</span> <span class='ocrx_word' id='word_1_186' title='bbox 891 1598 1175 1653; x_wconf 76' lang='lat' dir='ltr'>generatione,</span> <span class='ocrx_word' id='word_1_187' title='bbox 1200 1609 1280 1652; x_wconf 84' lang='lat' dir='ltr'>qua</span> <span class='ocrx_word' id='word_1_188' title='bbox 1315 1595 1479 1638; x_wconf 80' lang='lat' dir='ltr'>soboles</span> <span class='ocrx_word' id='word_1_189' title='bbox 1513 1609 1561 1637; x_wconf 76' lang='lat' dir='ltr'>ex</span> <span class='ocrx_word' id='word_1_190' title='bbox 1598 1607 1703 1651; x_wconf 76' lang='lat' dir='ltr'>aqua</span> <span class='ocrx_word' id='word_1_191' title='bbox 1729 1599 1766 1637; x_wconf 91' lang='lat' dir='ltr'>et</span> 
     </span>
     <span class='ocr_line' id='line_1_22' title="bbox 130 1665 1767 1727; baseline -0.004 -13"><span class='ocrx_word' id='word_1_192' title='bbox 130 1672 284 1727; x_wconf 74' lang='lat' dir='ltr'>Spiritu</span> <span class='ocrx_word' id='word_1_193' title='bbox 319 1670 470 1714; x_wconf 84' lang='lat' dir='ltr'>Sancto</span> <span class='ocrx_word' id='word_1_194' title='bbox 505 1671 750 1723; x_wconf 78' lang='lat' dir='ltr'>renascitur,</span> <span class='ocrx_word' id='word_1_195' title='bbox 785 1668 890 1712; x_wconf 87' lang='lat' dir='ltr'>alius</span> <span class='ocrx_word' id='word_1_196' title='bbox 913 1667 1034 1711; x_wconf 84' lang='lat' dir='ltr'>(lebet</span> <span class='ocrx_word' id='word_1_197' title='bbox 1069 1681 1158 1710; x_wconf 86' lang='lat' dir='ltr'>esse</span> <span class='ocrx_word' id='word_1_198' title='bbox 1192 1669 1259 1724; x_wconf 78' lang='lat' dir='ltr'>qui</span> <span class='ocrx_word' id='word_1_199' title='bbox 1295 1665 1566 1723; x_wconf 88' lang='lat' dir='ltr'>spiritualiter</span> <span class='ocrx_word' id='word_1_200' title='bbox 1598 1670 1767 1721; x_wconf 85' lang='lat' dir='ltr'>generet</span> 
     </span>
     <span class='ocr_line' id='line_1_23' title="bbox 129 1739 1768 1798; baseline -0.004 -13"><span class='ocrx_word' id='word_1_201' title='bbox 129 1747 169 1786; x_wconf 92' lang='lat' dir='ltr'>et</span> <span class='ocrx_word' id='word_1_202' title='bbox 201 1742 307 1785; x_wconf 89' lang='lat' dir='ltr'>alius</span> <span class='ocrx_word' id='word_1_203' title='bbox 338 1744 407 1798; x_wconf 86' lang='lat' dir='ltr'>qui</span> <span class='ocrx_word' id='word_1_204' title='bbox 433 1741 705 1798; x_wconf 88' lang='lat' dir='ltr'>spiritualiter</span> <span class='ocrx_word' id='word_1_205' title='bbox 737 1745 972 1796; x_wconf 85' lang='lat' dir='ltr'>generetur.</span> <span class='ocrx_word' id='word_1_206' title='bbox 1003 1740 1108 1783; x_wconf 82' lang='lat' dir='ltr'>Saue</span> <span class='ocrx_word' id='word_1_207' title='bbox 1143 1752 1236 1782; x_wconf 88' lang='lat' dir='ltr'>cum</span> <span class='ocrx_word' id='word_1_208' title='bbox 1272 1751 1423 1794; x_wconf 89' lang='lat' dir='ltr'>corpus</span> <span class='ocrx_word' id='word_1_209' title='bbox 1457 1740 1653 1787; x_wconf 74' lang='lat' dir='ltr'>exterius,</span> <span class='ocrx_word' id='word_1_210' title='bbox 1677 1739 1768 1780; x_wconf 66' lang='lat' dir='ltr'>sive</span> 
     </span>
     <span class='ocr_line' id='line_1_24' title="bbox 130 1808 1766 1868; baseline -0.005 -11"><span class='ocrx_word' id='word_1_211' title='bbox 130 1827 223 1857; x_wconf 86' lang='lat' dir='ltr'>cum</span> <span class='ocrx_word' id='word_1_212' title='bbox 259 1826 331 1856; x_wconf 89' lang='lat' dir='ltr'>cor</span> <span class='ocrx_word' id='word_1_213' title='bbox 364 1813 536 1856; x_wconf 86' lang='lat' dir='ltr'>interius</span> <span class='ocrx_word' id='word_1_214' title='bbox 572 1811 815 1868; x_wconf 77' lang='lat' dir='ltr'>baptizatur,</span> <span class='ocrx_word' id='word_1_215' title='bbox 850 1815 1009 1867; x_wconf 88' lang='lat' dir='ltr'>oportet</span> <span class='ocrx_word' id='word_1_216' title='bbox 1056 1815 1097 1853; x_wconf 93' lang='lat' dir='ltr'>ut</span> <span class='ocrx_word' id='word_1_217' title='bbox 1135 1808 1354 1865; x_wconf 81' lang='lat' dir='ltr'>utrobique</span> <span class='ocrx_word' id='word_1_218' title='bbox 1391 1810 1616 1864; x_wconf 88' lang='lat' dir='ltr'>paternitas</span> <span class='ocrx_word' id='word_1_219' title='bbox 1649 1812 1688 1850; x_wconf 87' lang='lat' dir='ltr'>et</span> <span class='ocrx_word' id='word_1_220' title='bbox 1723 1809 1766 1849; x_wconf 90' lang='lat' dir='ltr'>ti-</span> 
     </span>
     <span class='ocr_line' id='line_1_25' title="bbox 132 1879 1765 1940; baseline -0.005 -13"><span class='ocrx_word' id='word_1_221' title='bbox 132 1884 243 1928; x_wconf 89' lang='lat' dir='ltr'>liatio</span> <span class='ocrx_word' id='word_1_222' title='bbox 296 1883 428 1927; x_wconf 75' lang='lat' dir='ltr'>valeat</span> <span class='ocrx_word' id='word_1_223' title='bbox 479 1885 672 1935; x_wconf 69' lang='lat' dir='ltr'>inveniri,</span> <span class='ocrx_word' id='word_1_224' title='bbox 706 1882 858 1940; x_wconf 86' lang='lat' dir='ltr'>quibus</span> <span class='ocrx_word' id='word_1_225' title='bbox 907 1881 1117 1938; x_wconf 83' lang='lat' dir='ltr'>baptizans</span> <span class='ocrx_word' id='word_1_226' title='bbox 1150 1885 1187 1923; x_wconf 92' lang='lat' dir='ltr'>et</span> <span class='ocrx_word' id='word_1_227' title='bbox 1224 1879 1450 1936; x_wconf 79' lang='lat' dir='ltr'>baptizatus</span> <span class='ocrx_word' id='word_1_228' title='bbox 1498 1879 1547 1922; x_wconf 72' lang='lat' dir='ltr'>ail</span> <span class='ocrx_word' id='word_1_229' title='bbox 1586 1881 1765 1922; x_wconf 79' lang='lat' dir='ltr'>invicem</span> 
     </span>
     <span class='ocr_line' id='line_1_26' title="bbox 133 1949 1768 2010; baseline -0.005 -11"><span class='ocrx_word' id='word_1_230' title='bbox 133 1957 366 1999; x_wconf 80' lang='lat' dir='ltr'>referantur</span> <span class='ocrx_word' id='word_1_231' title='bbox 391 1970 428 1996; x_wconf 67' lang='lat'>³).</span> <span class='ocrx_word' id='word_1_232' title='bbox 464 1954 569 1997; x_wconf 88' lang='lat' dir='ltr'>Hinc</span> <span class='ocrx_word' id='word_1_233' title='bbox 603 1955 653 1997; x_wconf 79' lang='lat' dir='ltr'>(le</span> <span class='ocrx_word' id='word_1_234' title='bbox 686 1953 754 1997; x_wconf 86' lang='lat' dir='ltr'>illo</span> <span class='ocrx_word' id='word_1_235' title='bbox 789 1957 929 2010; x_wconf 91' lang='lat' dir='ltr'>utpote</span> <span class='ocrx_word' id='word_1_236' title='bbox 963 1953 1153 2008; x_wconf 77' lang='lat' dir='ltr'>digniore</span> <span class='ocrx_word' id='word_1_237' title='bbox 1187 1957 1246 1995; x_wconf 91' lang='lat' dir='ltr'>est</span> <span class='ocrx_word' id='word_1_238' title='bbox 1286 1950 1383 2008; x_wconf 63' lang='lat' dir='ltr'>Pap.</span> <span class='ocrx_word' id='word_1_239' title='bbox 1423 1949 1450 1994; x_wconf 93' lang='grc' dir='ltr'>Ι.</span> <span class='ocrx_word' id='word_1_240' title='bbox 1483 1950 1538 1993; x_wconf 74' lang='lat' dir='ltr'>De</span> <span class='ocrx_word' id='word_1_241' title='bbox 1571 1950 1768 1992; x_wconf 49' lang='grc' dir='ltr'>Ἰιιηῗηίκηο</span> 
     </span>
     <span class='ocr_line' id='line_1_27' title="bbox 131 2019 1768 2084; baseline -0.005 -15"><span class='ocrx_word' id='word_1_242' title='bbox 131 2025 329 2084; x_wconf 79' lang='lat' dir='ltr'>baptismi</span> <span class='ocrx_word' id='word_1_243' title='bbox 362 2031 401 2069; x_wconf 92' lang='lat' dir='ltr'>et</span> <span class='ocrx_word' id='word_1_244' title='bbox 437 2030 574 2082; x_wconf 85' lang='lat' dir='ltr'>postea</span> <span class='ocrx_word' id='word_1_245' title='bbox 612 2024 746 2082; x_wconf 66' lang='lat' dir='ltr'>Caput</span> <span class='ocrx_word' id='word_1_246' title='bbox 780 2023 835 2067; x_wconf 91' lang='lat' dir='ltr'>II.</span> <span class='ocrx_word' id='word_1_247' title='bbox 864 2023 920 2067; x_wconf 81' lang='lat' dir='ltr'>De</span> <span class='ocrx_word' id='word_1_248' title='bbox 952 2023 1134 2066; x_wconf 72' lang='lat' dir='ltr'>subiecto</span> <span class='ocrx_word' id='word_1_249' title='bbox 1164 2021 1376 2080; x_wconf 78' lang='lat' dir='ltr'>baptismi.</span> <span class='ocrx_word' id='word_1_250' title='bbox 1400 2022 1596 2078; x_wconf 77' lang='lat' dir='ltr'>Sequitur</span> <span class='ocrx_word' id='word_1_251' title='bbox 1633 2019 1768 2077; x_wconf 69' lang='lat' dir='ltr'>Caput</span> 
     </span>
     <span class='ocr_line' id='line_1_28' title="bbox 129 2091 1769 2152; baseline -0.004 -12"><span class='ocrx_word' id='word_1_252' title='bbox 129 2096 205 2142; x_wconf 86' lang='lat' dir='ltr'><em>III.</em></span> <span class='ocrx_word' id='word_1_253' title='bbox 243 2095 300 2140; x_wconf 80' lang='lat' dir='ltr'>De</span> <span class='ocrx_word' id='word_1_254' title='bbox 342 2096 494 2140; x_wconf 74' lang='lat' dir='ltr'>ritibus</span> <span class='ocrx_word' id='word_1_255' title='bbox 536 2103 574 2139; x_wconf 83' lang='lat' dir='ltr'>et</span> <span class='ocrx_word' id='word_1_256' title='bbox 608 2095 885 2139; x_wconf 67' lang='lat' dir='ltr'>eaeremoniis</span> <span class='ocrx_word' id='word_1_257' title='bbox 934 2094 1145 2152; x_wconf 68' lang='lat' dir='ltr'>baptismi,</span> <span class='ocrx_word' id='word_1_258' title='bbox 1180 2095 1248 2151; x_wconf 85' lang='lat' dir='ltr'>qui</span> <span class='ocrx_word' id='word_1_259' title='bbox 1296 2098 1511 2149; x_wconf 88' lang='lat' dir='ltr'>propterea</span> <span class='ocrx_word' id='word_1_260' title='bbox 1556 2091 1769 2135; x_wconf 81' lang='lat' dir='ltr'>sollemnis</span> 
     </span>
     <span class='ocr_line' id='line_1_29' title="bbox 129 2163 1769 2226; baseline -0.005 -14"><span class='ocrx_word' id='word_1_261' title='bbox 129 2169 384 2225; x_wconf 85' lang='lat' dir='ltr'>appellatur:</span> <span class='ocrx_word' id='word_1_262' title='bbox 420 2171 515 2226; x_wconf 78' lang='lat' dir='ltr'>quia</span> <span class='ocrx_word' id='word_1_263' title='bbox 553 2182 652 2211; x_wconf 81' lang='lat' dir='ltr'>vero</span> <span class='ocrx_word' id='word_1_264' title='bbox 685 2167 865 2223; x_wconf 87' lang='lat' dir='ltr'>speciale</span> <span class='ocrx_word' id='word_1_265' title='bbox 900 2169 1130 2209; x_wconf 87' lang='lat' dir='ltr'>institutum</span> <span class='ocrx_word' id='word_1_266' title='bbox 1166 2170 1225 2208; x_wconf 88' lang='lat' dir='ltr'>est</span> <span class='ocrx_word' id='word_1_267' title='bbox 1250 2178 1471 2208; x_wconf 87' lang='lat' dir='ltr'>commune</span> <span class='ocrx_word' id='word_1_268' title='bbox 1507 2163 1601 2206; x_wconf 62' lang='lat' dir='ltr'>luni·</span> <span class='ocrx_word' id='word_1_269' title='bbox 1635 2175 1769 2205; x_wconf 85' lang='lat' dir='ltr'>sacra-</span> 
     </span>
     <span class='ocr_line' id='line_1_30' title="bbox 133 2235 1767 2297; baseline -0.005 -14"><span class='ocrx_word' id='word_1_270' title='bbox 133 2244 271 2283; x_wconf 89' lang='lat' dir='ltr'>mento</span> <span class='ocrx_word' id='word_1_271' title='bbox 304 2245 427 2297; x_wconf 79' lang='lat' dir='ltr'>atque</span> <span class='ocrx_word' id='word_1_272' title='bbox 461 2239 577 2282; x_wconf 90' lang='lat' dir='ltr'>alteri</span> <span class='ocrx_word' id='word_1_273' title='bbox 613 2240 956 2291; x_wconf 69' lang='lat' dir='ltr'>confirmationis,</span> <span class='ocrx_word' id='word_1_274' title='bbox 989 2237 1040 2280; x_wconf 75' lang='lat' dir='ltr'>ile</span> <span class='ocrx_word' id='word_1_275' title='bbox 1075 2236 1142 2279; x_wconf 90' lang='lat' dir='ltr'>illo</span> <span class='ocrx_word' id='word_1_276' title='bbox 1191 2249 1285 2279; x_wconf 78' lang='lat' dir='ltr'>cum</span> <span class='ocrx_word' id='word_1_277' title='bbox 1323 2235 1546 2292; x_wconf 80' lang='lat' dir='ltr'>praedictis</span> <span class='ocrx_word' id='word_1_278' title='bbox 1579 2246 1767 2277; x_wconf 73' lang='lat' dir='ltr'>connexo</span> 
     </span>
     <span class='ocr_line' id='line_1_31' title="bbox 132 2306 1767 2368; baseline -0.005 -14"><span class='ocrx_word' id='word_1_279' title='bbox 132 2316 192 2354; x_wconf 90' lang='lat' dir='ltr'>est</span> <span class='ocrx_word' id='word_1_280' title='bbox 230 2309 363 2368; x_wconf 75' lang='lat' dir='ltr'>Caput</span> <span class='ocrx_word' id='word_1_281' title='bbox 400 2309 468 2353; x_wconf 70' lang='lat' dir='ltr'>IV.</span> <span class='ocrx_word' id='word_1_282' title='bbox 508 2309 564 2353; x_wconf 80' lang='lat' dir='ltr'>De</span> <span class='ocrx_word' id='word_1_283' title='bbox 594 2309 795 2368; x_wconf 74' lang='lat' dir='ltr'>patrinis.</span> <span class='ocrx_word' id='word_1_284' title='bbox 831 2309 1099 2352; x_wconf 84' lang='lat' dir='ltr'>Extrinsecae</span> <span class='ocrx_word' id='word_1_285' title='bbox 1134 2308 1471 2351; x_wconf 80' lang='lat' dir='ltr'>circumstantiae</span> <span class='ocrx_word' id='word_1_286' title='bbox 1504 2306 1573 2349; x_wconf 71' lang='lat' dir='ltr'>seii</span> <span class='ocrx_word' id='word_1_287' title='bbox 1612 2318 1683 2361; x_wconf 84' lang='lat' dir='ltr'>per</span> <span class='ocrx_word' id='word_1_288' title='bbox 1706 2318 1767 2347; x_wconf 88' lang='lat' dir='ltr'>sa-</span> 
     </span>
     <span class='ocr_line' id='line_1_32' title="bbox 131 2376 1768 2438; baseline -0.005 -13"><span class='ocrx_word' id='word_1_289' title='bbox 131 2394 244 2426; x_wconf 88' lang='lat' dir='ltr'>cram</span> <span class='ocrx_word' id='word_1_290' title='bbox 282 2381 581 2438; x_wconf 84' lang='lat' dir='ltr'>legislationem</span> <span class='ocrx_word' id='word_1_291' title='bbox 608 2383 866 2424; x_wconf 88' lang='lat' dir='ltr'>necessariae</span> <span class='ocrx_word' id='word_1_292' title='bbox 899 2381 1232 2423; x_wconf 76' lang='lat' dir='ltr'>determinantur</span> <span class='ocrx_word' id='word_1_293' title='bbox 1265 2381 1303 2421; x_wconf 91' lang='lat' dir='ltr'>in</span> <span class='ocrx_word' id='word_1_294' title='bbox 1333 2377 1480 2435; x_wconf 62' lang='lat' dir='ltr'>Papae</span> <span class='ocrx_word' id='word_1_295' title='bbox 1517 2376 1552 2417; x_wconf 83' lang='lat' dir='ltr'>l&#39;.</span> <span class='ocrx_word' id='word_1_296' title='bbox 1591 2376 1646 2418; x_wconf 78' lang='lat' dir='ltr'>lte</span> <span class='ocrx_word' id='word_1_297' title='bbox 1670 2381 1768 2417; x_wconf 74' lang='lat' dir='ltr'>tem-</span> 
     </span>
     <span class='ocr_line' id='line_1_33' title="bbox 131 2446 1770 2510; baseline -0.004 -15"><span class='ocrx_word' id='word_1_298' title='bbox 131 2466 234 2507; x_wconf 74' lang='lat' dir='ltr'>pore</span> <span class='ocrx_word' id='word_1_299' title='bbox 267 2458 305 2495; x_wconf 84' lang='lat' dir='ltr'>et</span> <span class='ocrx_word' id='word_1_300' title='bbox 339 2451 427 2496; x_wconf 73' lang='lat' dir='ltr'>loeo</span> <span class='ocrx_word' id='word_1_301' title='bbox 451 2452 649 2510; x_wconf 74' lang='lat' dir='ltr'>baptismi</span> <span class='ocrx_word' id='word_1_302' title='bbox 672 2450 943 2509; x_wconf 62' lang='lat' dir='ltr'>conferendi:</span> <span class='ocrx_word' id='word_1_303' title='bbox 965 2455 1002 2494; x_wconf 93' lang='lat' dir='ltr'>et</span> <span class='ocrx_word' id='word_1_304' title='bbox 1036 2452 1232 2507; x_wconf 83' lang='lat' dir='ltr'>quoniam</span> <span class='ocrx_word' id='word_1_305' title='bbox 1261 2450 1384 2492; x_wconf 83' lang='lat' dir='ltr'>refert</span> <span class='ocrx_word' id='word_1_306' title='bbox 1422 2448 1645 2504; x_wconf 86' lang='lat' dir='ltr'>plurimum</span> <span class='ocrx_word' id='word_1_307' title='bbox 1674 2446 1770 2489; x_wconf 80' lang='lat' dir='ltr'>huic</span> 
     </span>
     <span class='ocr_line' id='line_1_34' title="bbox 133 2519 1769 2578; baseline -0.004 -12"><span class='ocrx_word' id='word_1_308' title='bbox 133 2528 172 2566; x_wconf 90' lang='lat' dir='ltr'>et</span> <span class='ocrx_word' id='word_1_309' title='bbox 205 2523 296 2567; x_wconf 88' lang='lat' dir='ltr'>aliis</span> <span class='ocrx_word' id='word_1_310' title='bbox 328 2525 601 2567; x_wconf 87' lang='lat' dir='ltr'>sacramentis</span> <span class='ocrx_word' id='word_1_311' title='bbox 645 2524 888 2566; x_wconf 88' lang='lat' dir='ltr'>memoriam</span> <span class='ocrx_word' id='word_1_312' title='bbox 924 2526 1165 2578; x_wconf 89' lang='lat' dir='ltr'>perpetuam</span> <span class='ocrx_word' id='word_1_313' title='bbox 1211 2533 1353 2564; x_wconf 88' lang='lat' dir='ltr'>eorum</span> <span class='ocrx_word' id='word_1_314' title='bbox 1398 2519 1769 2562; x_wconf 78' lang='lat' dir='ltr'>administrationis</span> 
     </span>
     <span class='ocr_line' id='line_1_35' title="bbox 134 2587 1768 2649; baseline -0.005 -12"><span class='ocrx_word' id='word_1_315' title='bbox 134 2594 291 2649; x_wconf 82' lang='lat' dir='ltr'>haberi,</span> <span class='ocrx_word' id='word_1_316' title='bbox 325 2594 469 2638; x_wconf 87' lang='lat' dir='ltr'>saltem</span> <span class='ocrx_word' id='word_1_317' title='bbox 506 2608 556 2638; x_wconf 86' lang='lat' dir='ltr'>ne</span> <span class='ocrx_word' id='word_1_318' title='bbox 589 2597 803 2649; x_wconf 86' lang='lat' dir='ltr'>iterentur,</span> <span class='ocrx_word' id='word_1_319' title='bbox 839 2593 1029 2636; x_wconf 89' lang='lat' dir='ltr'>ultimum</span> <span class='ocrx_word' id='word_1_320' title='bbox 1064 2596 1122 2635; x_wconf 88' lang='lat' dir='ltr'>est</span> <span class='ocrx_word' id='word_1_321' title='bbox 1162 2590 1296 2649; x_wconf 76' lang='lat' dir='ltr'>Caput</span> <span class='ocrx_word' id='word_1_322' title='bbox 1333 2589 1401 2632; x_wconf 59' lang='grc' dir='ltr'>ΗΖ</span> <span class='ocrx_word' id='word_1_323' title='bbox 1442 2588 1498 2632; x_wconf 79' lang='lat' dir='ltr'>De</span> <span class='ocrx_word' id='word_1_324' title='bbox 1532 2588 1678 2630; x_wconf 64' lang='lat' dir='ltr'>collati</span> <span class='ocrx_word' id='word_1_325' title='bbox 1702 2587 1768 2629; x_wconf 78' lang='lat' dir='ltr'>ha-</span> 
     </span>
     <span class='ocr_line' id='line_1_36' title="bbox 129 2663 950 2724; baseline -0.005 -15"><span class='ocrx_word' id='word_1_326' title='bbox 129 2665 279 2724; x_wconf 72' lang='lat' dir='ltr'>ptismi</span> <span class='ocrx_word' id='word_1_327' title='bbox 311 2663 587 2709; x_wconf 69' lang='lat' dir='ltr'>adnotatione</span> <span class='ocrx_word' id='word_1_328' title='bbox 619 2670 657 2708; x_wconf 83' lang='lat' dir='ltr'>et</span> <span class='ocrx_word' id='word_1_329' title='bbox 685 2664 950 2723; x_wconf 75' lang='lat' dir='ltr'>probatione.</span> 
     </span>
    </p>
   </div>
  </div>
 </body>
</html>
