1971 3261
132 135 225 173 Can.
253 136 344 171 1103
645 135 730 170 Tm
761 136 846 170 VII.
870 157 880 161 -
901 136 958 170 De
984 138 1241 171 Mati-&monio
1694 136 1763 170 655

256 255 512 300 Verbotenus
546 260 654 299 totus
688 256 753 300 hic
801 270 930 300 canen
981 257 1201 301 translatus
1235 262 1295 301 est
1327 271 1374 301 ex
1414 257 1526 302 Dec‘¹.
1568 257 1669 301 «Ne
1704 262 1759 300 te-

136 341 293 372 mere»
332 339 442 370 num.
480 325 546 379 xi,
581 338 603 370 a
636 340 717 384 quo
753 329 931 383 primum
980 333 1200 385 sequentes
1249 331 1594 385 praescriptiones
1628 331 1665 371 in
1701 331 1762 371 ins

135 399 301 442 fuerunt
334 398 541 441 inductae.
577 400 601 451 g
632 400 674 441 ⁶3.
715 396 953 449 Praeterea,
987 398 1042 441 ad
1088 413 1278 442 normam
1325 414 1415 442 can.
1450 401 1556 453 470,
1590 400 1618 457 ξ
1649 402 1680 442 2
1711 398 1762 441 dc

135 469 239 513 libro
273 467 570 525 baptizatorum
607 470 713 512 inter
755 469 857 511 alios
890 469 1014 512 libros
1059 470 1323 526 paroeciales,
1355 469 1567 527 parochiis
1602 472 1686 526 ipse
1719 470 1764 511 in

133 538 240 582 libro
273 551 434 596 quoque
465 538 773 596 baptizatorum
808 538 991 591 ciclizolet,
1019 539 1084 583 ubi
1122 541 1297 582 refertur
1329 542 1517 596 coniugis
1547 539 1762 595 baptisma,

134 611 176 662 a)
210 608 440 666 eoMuyewz,
467 608 510 665 h)
547 609 625 652 lali
657 609 738 661 (lie,
763 609 803 666 c)
838 613 880 652 in
914 624 990 653 sun
1021 610 1239 668 paroecia,
1261 611 1305 667 d)
1332 610 1645 653 niatrimom'wn
1670 624 1762 653 con-

136 680 331 734 traxisse,
367 693 414 724 ac
449 679 548 723 nihil
584 680 695 724 aliud
730 683 923 737 exigitur.
963 680 1083 734 Quod
1129 681 1166 723 si
1213 681 1367 724 coniicitn
1413 681 1517 724 alibi
1564 695 1688 739 quam
1725 684 1762 724 in

135 753 386 795 matrimonii
420 751 618 795 celebrati
657 752 832 796 ecclesia
882 752 1118 810 baptizalus
1164 752 1310 810 fuerit,
1345 753 1608 796 matrimonii
1638 766 1763 810 paro-

133 821 247 877 chus,
282 835 454 878 nempe:
490 825 558 880 qui
596 825 859 866 matrimonio
892 824 1049 866 adstitit
1081 828 1150 867 aut
1185 823 1393 867 licentiam
1430 837 1501 880 pro
1537 823 1644 867 illius
1671 823 1766 867 vali-

133 893 260 936 ditate
284 893 410 945 dedit,
435 893 476 949 a)
500 893 698 936 notitiam
716 893 816 936 initi
833 900 1073 937 eontraelics
1095 894 1263 951 supple:
1290 894 1606 937 matrimonialis
1630 893 1763 948 huius,

135 963 178 1020 b)
211 963 267 1006 od
296 962 528 1020 paroeliicm
560 963 771 1021 baptismi,
795 965 974 1008 scilicet:
1011 967 1049 1008 in
1073 967 1191 1008 cuius
1215 964 1408 1020 parochia
1433 978 1620 1021 sponsus,
1644 978 1764 1020 spon-

134 1047 234 1077 save
268 1033 518 1090 baptismum
552 1037 746 1091 suscepit,
781 1035 821 1092 c)
856 1035 942 1078 sive
971 1049 1048 1093 per
1089 1049 1132 1078 se
1164 1038 1250 1078 sz‘ve
1287 1048 1366 1092 per
1401 1034 1575 1078 Curiam
1609 1036 1764 1093 episeo-

131 1105 271 1164 palem
306 1108 513 1162 propriam
551 1107 827 1162 transmittat,
853 1112 892 1150 et
924 1121 1074 1164 scopus
1107 1109 1430 1150 transmissionis
1453 1112 1525 1161 est,
1553 1112 1595 1149 u!
1620 1106 1765 1149 matri-

137 1176 318 1220 monium
353 1177 396 1220 in
430 1175 739 1234 baptizatorum
773 1177 939 1229 librum,
965 1183 1085 1234 prout
1107 1191 1231 1234 supra
1258 1180 1412 1221 iussum
1438 1182 1511 1230 est,
1534 1177 1765 1234 referatur.

252 1246 369 1291 Circa
403 1247 639 1291 huiusmodi
675 1251 1043 1303 transmissionem,
1078 1262 1125 1292 eo
1158 1250 1267 1307 quod
1308 1248 1455 1292 «haud
1493 1251 1610 1305 pauci
1645 1246 1768 1292 Ordi-

135 1320 238 1361 narii
273 1321 487 1374 conquesti
536 1320 716 1375 fuerunt,
767 1322 963 1363 initorum
1013 1322 1197 1363 notitiam
1247 1319 1609 1373 connubiorum,...
1645 1332 1768 1376 saepe

135 1391 246 1432 omni
282 1389 376 1433 fidei
413 1392 649 1434 testimonio
682 1404 770 1434 esse
804 1391 1042 1434 destitutam
1081 1390 1315 1448 debitisque
1365 1391 1528 1434 indiciis
1561 1403 1767 1441 carere»,

133 1460 172 1505 S.
205 1458 355 1517 Congr.
389 1460 440 1504 de
473 1461 690 1518 disciplina
724 1462 1087 1506 sacramentorum
1138 1464 1403 1519 praescripsit
1440 1475 1531 1506 «ea
1566 1475 1672 1520 quae
1706 1476 1766 1506 se-

134 1535 318 1588 quuntur
341 1547 360 1572 ³>
392 1532 427 1572 ¹:
468 1548 490 1573 <‹
513 1531 559 1575 ΙΙ.
668 1532 866 1577 celebrati
901 1536 1153 1576 matrimonii
1188 1533 1466 1588 denunciatio,
1492 1533 1540 1577 ad
1577 1533 1767 1590 baptismi

137 1602 360 1659 parochum
398 1604 728 1660 transmittenda,
756 1607 979 1662 coniugum
1014 1618 1244 1663 eorumque
1279 1610 1495 1661 parentum
1530 1607 1696 1648 nomina
1730 1610 1770 1648 et

134 1676 356 1730 agnomina
390 1674 596 1732 descripta
620 1677 885 1731 secumferat,
909 1681 1085 1720 aetatem
1108 1675 1458 1729 contrahentium,
1482 1675 1616 1719 locum
1643 1676 1770 1719 diem·

135 1757 216 1800 que
250 1747 504 1801 nuptiarum,
539 1748 701 1789 testium
737 1749 805 1805 qui
842 1748 1118 1790 intertuerunt
1156 1749 1322 1790 nomina
1356 1751 1395 1790 et
1427 1749 1662 1802 agnomina,
1699 1746 1767 1789 ha-

137 1814 314 1873 beatque
349 1816 517 1873 parochi
551 1816 831 1874 subscriptum
869 1832 1016 1862 nomen
1051 1832 1144 1862 curn
1171 1818 1334 1862 adiecto
1370 1818 1594 1874 parochiali
1618 1817 1765 1874 sigillo.

136 1885 353 1944 Inscriptio
386 1892 522 1931 autem
568 1894 764 1933 accurata
808 1889 962 1933 indicet
1011 1892 1262 1946 paroeciam,
1296 1889 1535 1944 dioecesim,
1569 1890 1766 1946 oppidum

135 1971 206 2000 seu
243 1957 377 2001 locum
415 1958 607 2016 baptismi
641 1962 881 2017 coniugum,
915 1966 954 2004 et
987 1973 1033 2004 ea
1068 1974 1174 2018 quae
1206 1961 1255 2004 ad
1290 1963 1442 2017 scripta
1477 1974 1549 2016 per
1583 1960 1769 2016 publicos

138 2032 357 2084 portitores
391 2034 477 2075 tuto
510 2031 827 2075 transmittenda
853 2034 1074 2088 pertinent.
1095 2057 1154 2063 ——-
1177 2031 1241 2074 ΙΙΙ.
1274 2032 1313 2074 Si
1348 2032 1452 2075 forte
1480 2031 1656 2084 accidat,
1682 2036 1766 2075 ut...

135 2100 329 2158 baptismi
364 2101 583 2158 parochus,
618 2104 655 2144 in
693 2102 928 2159 recipienda
963 2102 1283 2146 denunciatione
1318 2103 1569 2145 matrimonii
1604 2116 1767 2159 compe-

136 2175 214 2218 riat
246 2174 492 2217 alterutrum
527 2173 859 2217 contrahentium
894 2174 985 2217 aliis
1018 2176 1174 2230 nuptiis
1207 2176 1287 2217 iam
1310 2187 1399 2217 esse
1426 2173 1655 2230 alligatum,
1681 2187 1765 2217 rem

138 2246 386 2302 quantocius
432 2244 684 2302 significabit
733 2244 915 2302 parocho
961 2247 1146 2289 attentati
1196 2246 1511 2288 matrimonii».
1548 2244 1675 2302 quue
1710 2246 1766 2288 uti

137 2318 304 2359 omnino
338 2318 605 2360 coniunctum
639 2315 861 2373 paroeciali
905 2316 1055 2369 officio,
1088 2320 1300 2373 tamquam
1350 2315 1559 2359 Ecclesiae
1610 2318 1768 2359 notario

137 2389 174 2429 in
211 2386 273 2430 his
305 2386 420 2431 libris
452 2387 735 2441 conficiendis,
768 2386 905 2430 adhuc
936 2392 997 2431 est
1028 2387 1298 2442 servandum,
1332 2389 1407 2430 etsi
1440 2385 1577 2431 Codex
1614 2387 1651 2429 id
1688 2399 1765 2429 non

136 2462 284 2501 caveat
315 2471 525 2515 expresse.

260 2544 281 2570 ((
308 2527 460 2572 Verum
493 2542 544 2572 ne
575 2531 681 2587 quis,
715 2531 754 2572 in
791 2531 955 2586 negotio
988 2533 1071 2573 tam
1105 2531 1236 2586 gravi,
1271 2528 1367 2573 huie
1398 2528 1660 2573 Instructioni
1700 2528 1768 2572 ali-

137 2599 236 2656 quid
268 2612 291 2643 a
323 2598 474 2644 Codice
509 2602 533 2642 i.
567 2613 602 2643 c.
636 2600 882 2656 derogatum
933 2613 1023 2644 esse
1070 2604 1196 2657 putet,
1231 2599 1320 2643 Emi
1372 2600 1511 2644 Patres
1559 2599 1681 2643 liuius
1728 2601 1766 2644 S.

137 2668 346 2725 Cong=³....
381 2683 487 2725 eam,
512 2673 640 2728 ipsius
661 2669 825 2715 Codicis
849 2670 1215 2727 praescritionibus
1237 2670 1444 2715 sullultam
1471 2669 1498 2725 ²,
1533 2667 1768 2715 Ordinariis

138 2741 330 2784 iterum...
365 2741 546 2785 dandam
580 2746 893 2785 censuerunt».
928 2741 988 2785 Ac
1020 2741 1097 2786 sub
1131 2755 1166 2785 n.
1204 2741 1227 2785 3
1262 2742 1436 2785 dicitur:
1477 2756 1497 2782 (c
1521 2739 1612 2794 Quo
1650 2754 1765 2784 secu·

256 2897 268 2918 1
295 2895 316 2928 6
343 2894 474 2929 Martii
505 2895 595 2929 1911
624 2894 700 2930 CO.
728 2895 888 2929 III-102.
922 2914 961 2921 -
988 2895 1002 2917 ²
1028 2896 1050 2929 4
1076 2893 1152 2929 Iul.
1182 2894 1287 2936 1921,
1319 2894 1397 2929 CO.
1426 2894 1623 2929 XIII-349.
