1971 3261
585 130 672 163 Lrss.
700 129 775 162 111.
803 148 817 153 -
850 127 961 161 PARS
986 127 1018 161 Ι.
1045 147 1058 152 -
1083 126 1140 160 De
1164 125 1431 161 Sacramentz's
1608 123 1702 159 Gan.
1732 123 1820 158 1011

194 135 266 169 484

195 252 400 308 religiosa,
425 249 473 293 ad
509 249 628 292 cuius
661 246 858 290 familiam
894 246 1070 302 pertinet
1103 243 1356 287 ordinatus»
1395 243 1508 300 (can.
1543 242 1659 298 965),
1682 254 1729 285 ac
1762 246 1824 285 est

196 324 317 366 huius
351 321 527 363 tenoris:
561 317 758 361 notitiam
793 315 1027 359 celebratae
1059 313 1346 358 ordinationis
1381 313 1710 370 uniuscuiusque
1731 310 1822 354 sab-

195 391 377 443 diaconi,
414 404 491 433 non
536 389 711 433 aliorum
758 390 796 430 in
836 388 977 436 sacris,
1011 385 1277 428 transmittat
1316 384 1433 427 «loci
1469 381 1720 428 Ordinarius
1756 387 1824 425 aut

195 464 392 520 Superior
427 462 595 503 maior»
635 460 867 515 respective
901 457 1125 513 praefatus,
1157 457 1317 499 etiamsi
1343 454 1421 498 hoc
1446 468 1517 511 per
1542 456 1725 511 privatas
1771 453 1831 496 lit-

196 539 305 577 teras
350 533 432 585 fiat,
478 536 518 574 et
557 544 629 587 per
661 543 703 573 se
736 533 807 572 aut
841 541 912 584 per
945 526 1088 580 alium,
1123 528 1251 582 ipsius
1284 530 1420 569 tamen
1458 526 1637 575 nomine,
1672 523 1727 567 ad
1756 537 1829 582 pa-

196 602 366 647 rochum
401 600 611 659 baptismi,
647 612 817 656 nempe:
852 598 901 642 ad
939 602 1144 641 rectorem
1180 595 1290 639 illius
1323 595 1526 639 ecclesiae
1571 594 1828 652 paroecialis,

199 676 237 717 in
271 685 351 731 qua
387 676 599 729 promotus
632 670 681 713 ad
716 668 1061 712 subdiaconatum
1089 667 1337 723 baptismum
1366 668 1535 722 recepit,
1560 667 1678 709 cuius
1701 664 1830 721 expli-

199 749 316 788 catur
348 742 569 799 obligatio:
606 740 678 798 qai
710 739 768 794 id,
803 750 976 794 nempe:
1012 737 1316 780 ordinationem
1353 736 1463 779 illius
1495 735 1737 779 subdiaconi
1763 734 1834 778 ad-

200 819 311 858 notet
347 814 389 856 in
421 826 495 856 sao
529 811 840 865 baptizatorum
873 808 980 852 libro
1013 808 1062 851 ad
1101 809 1330 864 marginem
1370 806 1432 850 vel
1467 806 1516 850 ad
1544 805 1701 849 calcem
1731 807 1835 848 testi-

201 888 323 928 monii
361 884 618 940 baptismatis
651 882 707 925 ad
741 894 932 924 normam
966 893 1057 922 can.
1093 880 1200 928 470,
1233 878 1260 936 ἓ
1293 880 1324 921 2
1357 878 1606 934 explicatam
1643 879 1680 919 in
1717 875 1836 920 Com-

206 958 405 999 mentario
439 954 593 997 Textus
626 967 673 996 co
708 955 747 995 in
784 952 886 995 loco.

847 1108 1080 1147 TITULUS
1109 1109 1197 1146 VII.

756 1199 832 1241 De
875 1198 1285 1241 Matrimonii).

247 1318 332 1355 Cin.
368 1317 466 1353 1012.
498 1339 516 1343 -
535 1322 554 1359 ᾖ
584 1317 607 1352 l.
631 1316 791 1352 Christus
813 1315 982 1350 Dominus

200 1368 242 1403 a=l
269 1365 479 1402 sacramenti
509 1365 719 1409 dignitatem
735 1363 847 1398 evexit
867 1362 982 1408 ipsum

201 1418 419 1450 contractum
447 1411 742 1447 matrimonialem
766 1410 858 1445 inter
876 1409 985 1456 bapti-

204 1466 312 1497 zatos

250 1512 269 1550 ξ
296 1507 328 1542 ’2.
360 1506 476 1550 Quare
502 1506 595 1541 inter
635 1505 827 1551 baptizatos
866 1504 987 1550 nequit

205 1554 476 1591 matrimonialis
510 1558 711 1588 contractus
745 1552 880 1587 validus
912 1562 991 1586 con-

203 1603 335 1638 sistere.
377 1601 465 1647 quin
506 1600 550 1635 sit
592 1611 630 1635 eo
674 1600 748 1646 ipso
790 1609 989 1634 sacramen-

204 1655 293 1685 tum.

251 1696 336 1732 CAN.
369 1694 468 1730 1013.
502 1716 518 1720 -
550 1695 569 1741 ᾖ
605 1695 632 1728 l.
663 1693 878 1729 Matrimonii
908 1692 988 1727 finis

205 1743 394 1790 primarius
412 1747 463 1778 est
484 1741 676 1788 procreatio
698 1745 805 1787 atque
830 1740 990 1776 educatio

204 1791 331 1837 prolis:
350 1789 580 1825 secundarius
597 1793 759 1824 mutuum
774 1787 989 1823 adiutorium

204 1843 237 1874 et
263 1837 456 1873 remedium
485 1836 805 1882 concupiscentiae.

252 1889 270 1927 ξ
299 1885 330 1919 2.
363 1884 571 1920 Essentiales
600 1882 815 1919 matrimonii
837 1881 991 1928 proprie-

204 1937 292 1967 tates
327 1936 410 1966 sunt
448 1931 565 1966 unitas
602 1942 642 1965 ac
683 1928 991 1969 indissolubilitas,

206 1990 295 2025 quae
334 1979 368 2013 in
410 1978 634 2013 matrimonio
669 1977 862 2012 christiano
891 1987 991 2022 pecu-

207 2027 328 2062 liarem
354 2026 516 2061 obtinent
545 2025 747 2060 firmitatem
775 2024 910 2059 ratione
939 2034 993 2058 sa·

207 2074 391 2109 ci·amenti.

254 2120 339 2156 Cu.
376 2117 475 2154 illisi.
505 2139 525 2145 -
562 2118 828 2154 Matrimonium
867 2117 995 2162 gaudet

209 2168 323 2204 favore
351 2167 454 2207 iuris;
484 2177 591 2212 quare
619 2166 654 2200 in
686 2166 793 2201 dubio
827 2165 995 2200 standum

207 2219 257 2249 est
286 2225 344 2260 pro
372 2214 485 2249 valore
514 2213 741 2257 matrimonii,
771 2213 881 2248 donec
914 2223 994 2246 con-

205 2262 353 2296 trarium
405 2261 580 2306 probetur.
634 2261 730 2296 salvo
783 2259 996 2306 praescripto

209 2320 286 2343 can.
319 2308 421 2343 1127.

256 2356 342 2391 cm.
378 2354 478 2390 1015.
507 2376 523 2380 -
551 2359 570 2396 ἓ
603 2355 630 2389 l.
650 2353 916 2389 Matrimonium
937 2354 995 2388 ba-

211 2403 419 2448 ptizatorum
448 2402 602 2436 validum
634 2402 763 2437 dicitur
801 2408 926 2441 ratum,
967 2401 993 2435 si

211 2450 370 2484 nondum
386 2450 691 2485 consummatione
706 2448 916 2494 completum
933 2452 996 2490 est;

208 2504 323 2531 ratum
349 2504 381 2532 et
405 2503 682 2536 consummatam,
709 2496 735 2530 si
766 2496 856 2530 inter
876 2496 996 2530 coniu-

210 2555 270 2589 ges
299 2544 411 2579 locum
434 2544 592 2578 babuerit
611 2543 806 2587 coniugalis
825 2547 935 2582 acius,
954 2543 996 2577 ad

211 2602 315 2636 quem
347 2595 470 2626 natura
497 2602 558 2625 sua
585 2591 768 2625 ordinatur
796 2595 997 2625 contractus

214 2638 485 2673 matrimonialis
527 2642 559 2673 et
597 2649 665 2683 quo
702 2637 868 2682 coniuges
909 2637 998 2672 fiunt

214 2696 285 2720 una
310 2696 401 2720 raro.

260 2736 279 2774 ξ
306 2732 337 2766 ’2.
367 2731 546 2767 Celebrate
567 2731 803 2772 matrimonio,
823 2731 848 2764 si
878 2731 997 2766 coniu-

212 2790 271 2823 ges
297 2779 401 2813 simul
433 2779 724 2820 cohabitaverint,
765 2779 997 2823 praesumitur

212 2826 483 2907 ‹lipnsummatio¹
520 2826 629 2861 donec
670 2827 884 2860 contrarium
926 2836 997 2871 pro-

240 2878 328 2909 etur.

1107 1319 1126 1357 ξ
1153 1313 1187 1349 3.
1209 1314 1471 1349 Matrimonium
1493 1314 1586 1349 inter
1604 1325 1675 1350 non
1696 1313 1849 1360 baptiza-

1060 1367 1111 1397 tos
1128 1362 1241 1397 valide
1254 1361 1479 1401 celebratum,
1496 1361 1625 1396 dicitur
1644 1361 1848 1407 leyitimum.

1107 1413 1126 1451 ἓ
1165 1407 1198 1443 4.
1243 1408 1512 1444 Matrimonium
1558 1409 1752 1444 invalidum
1798 1408 1850 1444 di-

1063 1457 1153 1492 citur
1176 1456 1378 1503 putativum,
1398 1457 1425 1489 si
1454 1456 1489 1490 in
1519 1455 1610 1491 bona
1631 1455 1697 1492 fide
1714 1455 1758 1491 ab
1779 1467 1849 1491 una

1063 1504 1185 1538 saltem
1216 1508 1311 1550 parte
1337 1503 1549 1538 celebratum
1586 1503 1704 1544 fuerit,
1740 1503 1850 1538 donec
1892 1541 1897 1544 ,

1064 1556 1211 1597 utraque
1240 1562 1318 1597 pars
1343 1551 1385 1586 de
1403 1550 1559 1586 eiusdem
1580 1550 1741 1586 nullitate
1759 1555 1850 1586 certa

1064 1599 1202 1634 evadat.

1112 1646 1197 1680 CAN.
1231 1643 1334 1680 1016.
1376 1665 1397 1671 -
1436 1644 1695 1691 Baptizatorum
1737 1644 1853 1679 matri·

1066 1693 1225 1728 monium
1253 1692 1385 1737 regitur
1403 1693 1477 1727 iure
1499 1703 1567 1726 non
1588 1691 1700 1727 solum
1720 1691 1853 1731 divino.

1065 1740 1124 1775 sed
1152 1739 1258 1775 etiam
1285 1739 1469 1779 canonico,
1496 1739 1592 1774 salva
1619 1739 1853 1784 competentia

1066 1787 1179 1823 civilis
1208 1787 1386 1832 potestatis
1404 1786 1496 1821 circa
1517 1797 1610 1821 mere
1629 1786 1749 1821 civiles
1767 1785 1856 1822 eius-

1066 1835 1144 1870 dem
1174 1834 1390 1869 matrimonii
1419 1834 1578 1869 effectus.

1115 1879 1200 1917 CAN.
1232 1880 1332 1916 1017.
1364 1901 1380 1908 -
1409 1885 1428 1923 ἓ
1457 1882 1486 1915 l.
1525 1880 1740 1916 Matrimonii
1778 1890 1854 1926 pro-

1067 1928 1188 1964 missio
1215 1928 1287 1964 sive
1314 1927 1550 1963 unitateralis.
1571 1927 1644 1963 sive
1663 1926 1855 1963 bilateralis

1068 1987 1128 2011 seu
1154 1975 1375 2022 sponsalitia,
1405 1975 1503 2010 irrita
1529 1980 1580 2010 est
1614 1986 1674 2021 pro
1710 1979 1855 2020 utroque

1070 2024 1154 2066 foro,
1186 2023 1252 2057 nisi
1284 2023 1374 2058 iacta
1403 2022 1505 2058 fuerit
1545 2033 1605 2068 per
1642 2022 1855 2068 scripturam

1070 2070 1313 2115 subsignatam
1340 2081 1361 2104 a
1388 2069 1546 2116 partibus
1572 2074 1605 2104 et
1632 2069 1684 2105 vel
1710 2080 1730 2104 a
1759 2079 1856 2115 paro-

1070 2118 1135 2153 cho
1161 2122 1221 2152 aut
1249 2117 1310 2152 loci
1341 2115 1544 2160 Ordinatio,
1583 2116 1633 2151 vel
1667 2127 1686 2151 a
1720 2115 1857 2151 duobus

1069 2165 1193 2200 saltem
1222 2164 1382 2200 testibus.

1117 2216 1135 2254 ξ
1163 2211 1196 2246 2.
1227 2211 1261 2247 Si
1292 2216 1439 2257 utraque
1480 2211 1530 2246 vel
1569 2211 1735 2246 alterutra
1780 2220 1860 2256 pars

1070 2259 1221 2294 scribere
1262 2259 1395 2294 nesciat
1434 2258 1485 2293 vel
1513 2262 1678 2303 nequeat,
1707 2257 1749 2292 ad
1779 2256 1861 2292 vali-

1070 2307 1215 2342 ditatem
1244 2306 1275 2340 id
1305 2306 1339 2340 in
1369 2307 1443 2351 ipsa
1470 2304 1645 2350 scriptura
1670 2304 1861 2339 adnotetur

1070 2359 1103 2389 et
1128 2354 1219 2389 alius
1238 2354 1336 2388 testis
1354 2353 1504 2388 addatur
1524 2352 1582 2397 qui
1602 2363 1681 2387 cum
1709 2351 1862 2397 parocho

1071 2406 1129 2436 aut
1158 2400 1220 2435 loci
1249 2398 1438 2436 Ordinario
1466 2399 1516 2434 vel
1537 2399 1676 2434 duobus
1694 2397 1860 2439 testibus,

1071 2448 1113 2483 de
1131 2448 1259 2494 quibus
1278 2447 1312 2481 in
1334 2451 1352 2489 ἓ
1374 2447 1403 2488 1,
1423 2446 1630 2492 scripturam
1661 2445 1860 2490 subsignet.

1119 2499 1137 2537 ξ
1165 2494 1194 2528 3.
1224 2494 1268 2529 At
1294 2505 1333 2529 ex
1362 2493 1577 2529 matrimonii
1608 2493 1859 2539 promissione,

1072 2542 1153 2577 licet
1180 2541 1294 2576 valida
1320 2540 1364 2575 sit
1391 2551 1455 2576 nec
1483 2540 1554 2575 ulla
1580 2540 1670 2576 iusta
1687 2549 1793 2575 causa
1812 2538 1861 2574 ab

1071 2589 1190 2624 eadem
1237 2588 1416 2634 implenda
1454 2592 1604 2629 excuset,
1645 2598 1715 2622 non
1757 2587 1864 2621 datur

1071 2637 1160 2671 actio
1185 2636 1228 2671 ad
1259 2635 1442 2681 petendam
1472 2633 1859 2669 matrimoniicelebra-

1071 2683 1224 2726 tionem3
1253 2683 1356 2718 datur
1382 2687 1499 2717 tamen
1527 2682 1570 2716 ad
1598 2681 1862 2727 reparationem

1072 2731 1296 2772 damnorum,
1323 2730 1349 2763 si
1378 2741 1447 2775 qua
1473 2729 1651 2764 debeatur.

1121 2776 1204 2812 Cn.
1237 2775 1336 2811 1018.
1368 2797 1384 2802 -
1427 2776 1600 2811 Parochus
1640 2786 1681 2810 ne
1719 2773 1863 2809 omittat

1074 2824 1239 2870 populum
1269 2823 1458 2869 prudenter
1483 2823 1621 2858 erudire
1656 2822 1697 2856 de
1738 2820 1861 2855 matri-

1073 2871 1178 2906 monii
1192 2875 1412 2906 sacramento
1422 2871 1567 2915 eiusque
1584 2869 1796 2915 impedimen
1807 2867 1862 2912 tis·
