1971 3261
0 2481 2 2491 t

148 137 242 173 Gan.
269 134 428 170 825-826
529 134 614 168 ΤιΤ.
646 134 714 168 ΙΙΙ.
743 155 755 160 -
787 135 842 169 De
869 138 1120 170 structis-sima
1151 135 1403 169 &aelim-istm
1712 136 1777 170 15?

148 270 269 300 secus
291 256 470 300 diversis
504 254 760 311 temporibus
793 254 845 298 ab
876 255 1023 298 eadem
1060 269 1231 311 persona
1267 268 1458 299 nummos
1480 258 1670 312 accipere
1706 270 1778 312 pro

148 328 292 371 eadem
329 326 450 370 Missa
486 328 625 382 petita.
662 325 778 369 Ratio
811 325 849 368 ⁶2¹
874 331 910 368 et
938 326 975 368 3i
1009 340 1129 369 casus
1162 331 1222 370 est
1245 327 1415 372 eadem:
1450 329 1546 384 quia
1581 327 1778 384 obligatio

147 399 196 442 ad
226 401 352 441 instar
370 402 608 441 contractus
632 413 652 438 a
673 398 724 440 do
746 401 785 439 ut
806 398 933 440 facias
950 412 971 435 »
997 399 1033 439 in
1056 397 1129 440 bac
1151 400 1321 441 materia
1343 397 1441 441 liciti
1462 400 1629 454 respicit
1647 403 1776 442 totum

149 471 328 512 fructum
364 467 586 524 specialem
622 481 692 511 seu
730 467 913 510 medium
946 470 1138 510 sacrificii
1175 468 1454 522 eucharistici,
1478 470 1548 525 qui
1573 482 1621 512 ex
1648 471 1777 512 inten-

150 543 259 583 tione
291 539 519 582 sacerdotis
565 538 887 582 distribueretur
935 541 1042 581 inter
1077 552 1284 594 personas,
1334 538 1485 596 quibus
1525 552 1573 582 ex
1611 540 1779 583 diverso

151 611 268 654 titulo
302 610 351 654 ad
388 612 515 653 instar
550 614 786 653 contractus
821 611 980 665 integer
1012 608 1198 652 debetur.

270 681 359 724 Huc
396 683 548 724 rel'erre
572 684 732 737 oportet
757 686 887 736 prop¹²¹
923 680 1160 723 damnatam
1190 694 1260 736 per
1287 680 1381 724 l)ec.
1406 682 1444 725 S.
1469 681 1618 738 Congr.
1643 685 1682 726 5.
1706 679 1778 726 Ol*-

153 754 233 796 licii
255 753 291 795 ¹:
331 754 409 795 «8.
445 751 708 807 Duplicatum
743 751 994 808 stipendium
1021 756 1150 808 potest
1175 752 1368 794 sacerdos
1393 767 1464 808 pro
1489 753 1633 796 eadem
1660 752 1778 796 Missa

154 824 262 868 licite
295 826 498 881 accipere,
523 823 771 880 applicando
807 825 958 879 petenti
980 828 1136 879 partem
1172 825 1293 865 etiam
1329 823 1669 879 specialissimam
1696 825 1778 867 fru-

152 900 243 939 ctus
277 897 439 952 ipsimet
474 894 702 938 celebranti
737 894 1143 950 correspoiulentem.
1180 894 1302 950 idque
1337 900 1422 950 post
1457 895 1669 939 decretum
1706 895 1779 940 L‘r-

156 965 248 1010 bani
287 965 430 1021 vill»,
466 967 575 1023 quod
610 966 687 1010 sub
720 978 877 1009 canone
911 966 1156 1023 implicitum
1195 971 1344 1008 manet.

273 1039 358 1082 lmo
393 1053 486 1082 cum
522 1044 760 1082 contractus
793 1039 941 1083 debeat
977 1041 1181 1095 respicere
1231 1041 1267 1081 in
1304 1045 1477 1096 utroque
1511 1038 1779 1082 contrahente

156 1110 263 1153 idem
300 1110 510 1166 placitum.
543 1110 650 1167 quod
689 1110 916 1154 intenditur
965 1112 1075 1153 iuxta
1110 1112 1305 1153 usitatum
1348 1111 1528 1156 modum.
1567 1116 1674 1154 recte
1708 1110 1778 1153 ad-

156 1182 269 1224 ditur
304 1187 344 1224 ut
380 1181 591 1225 illicitum:
628 1182 671 1225 4⁰
707 1181 894 1224 Alteram
930 1182 1116 1240 recipere
1148 1181 1450 1238 eleemosynam
1483 1196 1561 1240 pro
1595 1181 1684 1225 sola
1718 1196 1778 1223 ee-

155 1250 400 1303 lebratione,
435 1265 540 1309 quae
576 1255 740 1309 proprie
775 1266 852 1295 non
892 1257 1111 1296 vocaretur
1144 1251 1290 1295 Missae
1324 1253 1587 1309 eleemosyna
1620 1266 1691 1296 seu
1715 1254 1782 1295 sti·

155 1322 350 1378 pendium
386 1323 614 1366 secundum
641 1323 815 1367 Articuli
842 1325 1168 1381 inscriptionem,
1193 1322 1372 1365 atterant
1395 1337 1473 1381 pro
1497 1323 1782 1381 applicatione

154 1392 337 1435 eiusdem
387 1393 562 1448 Missae,
613 1407 719 1452 quae
752 1397 992 1453 ceteroquin
1042 1395 1277 1452 applicatio,
1311 1397 1341 1437 si
1377 1395 1511 1452 quoad
1563 1395 1670 1438 diem
1721 1399 1780 1438 est
1826 1440 1829 1443 ,

155 1463 444 1517 determinata,
481 1464 592 1508 illam
627 1465 948 1509 celebrationem
985 1465 1316 1522 inseparabiliter
1341 1466 1524 1520 includit,
1559 1478 1605 1508 ac
1641 1464 1781 1508 titulus

154 1534 445 1592 eleemosynae
466 1536 756 1592 percipiendae
779 1539 832 1580 ob
851 1536 1173 1580 celebrationem
1193 1536 1368 1589 deesset,
1390 1536 1472 1578 nisi
1495 1543 1605 1579 cerlo
1625 1541 1781 1579 constet

156 1610 283 1649 unam
316 1610 464 1664 stipent
501 1620 549 1650 ex
585 1606 750 1651 duabus
783 1607 965 1651 oblatam
1000 1622 1088 1651 esse
1118 1622 1196 1665 pro
1230 1607 1508 1651 celebratione
1530 1608 1621 1650 sine
1643 1607 1779 1665 appli-

154 1678 333 1728 catione,
366 1683 487 1721 cauto
524 1684 564 1721 ut
599 1678 699 1726 dixi,
736 1679 844 1736 quod
881 1679 981 1723 haec
1015 1679 1066 1723 ab
1101 1679 1169 1723 illa
1192 1679 1471 1723 celebratione
1507 1681 1630 1735 petita
1657 1692 1693 1721 v.
1719 1693 1780 1735 gr.

157 1748 294 1798 hodie,
331 1749 399 1792 tali
434 1749 547 1801 bora,
584 1752 622 1792 in
658 1749 725 1795 tali
760 1749 958 1805 Ecclesia²
996 1753 1126 1807 reipsa
1161 1753 1343 1807 separari
1379 1755 1523 1806 posset.

276 1821 371 1864 140.
408 1822 692 1868 Diversitas
726 1824 1096 1879 stipendiorum.
1131 1848 1182 1852 ——
1217 1822 1389 1865 Nomina
1425 1821 1687 1864 diversorum
1712 1823 1781 1864 sti-

158 1892 403 1948 pendiorum
440 1894 659 1936 missarum
696 1895 807 1936 iuxta
842 1907 893 1936 ss.
928 1906 1133 1937 canonum
1170 1895 1462 1949 proprietatem
1500 1892 1719 1936 traduntur
1743 1895 1780 1935 in

155 1977 246 2005 can.
265 1965 374 2007 826.
393 1966 418 2017 ,ξ
439 1963 476 2006 1.
498 1963 719 2022 Stipendia
739 1978 846 2021 quae
863 1979 886 2007 a
904 1964 1095 2021 fidelibus
1118 1978 1197 2022 qua
1218 1964 1381 2016 talibus,
1400 1964 1563 2007 clericis
1580 1968 1648 2006 aut
1670 1964 1784 2006 laicis

157 2033 445 2091 religiosisque
479 2038 523 2077 ut
557 2037 730 2091 privatis
764 2038 964 2091 personis,
983 2049 1063 2093 pro
1088 2035 1234 2078 Missis
1257 2034 1515 2091 applicandis
1538 2034 1785 2091 offeruntur

155 2104 360 2148 sacerdoti
395 2104 436 2162 a)
470 2105 556 2148 sive
585 2105 766 2164 propria
800 2105 1018 2150 devotione
1051 2107 1126 2150 boc
1161 2111 1242 2150 cst:
1277 2108 1374 2163 quin
1401 2110 1629 2159 teneantur³
1657 2105 1784 2148 velati

155 2174 213 2218 ad
242 2189 426 2230 ozanam,
461 2181 499 2219 et
534 2176 629 2221 hinc
663 2190 811 2221 nomen
837 2180 1087 2233 sortiuntur,
1124 2177 1165 2234 b)
1199 2177 1285 2219 sire
1316 2191 1367 2219 eJ·
1399 2175 1656 2234 obliqatione
1687 2190 1782 2219 con-

155 2248 352 2290 scientiae
387 2246 452 2290 illa
487 2247 685 2291 offerendi
722 2262 793 2304 pro
837 2248 1086 2307 quibusdam
1122 2250 1269 2298 missis,
1312 2252 1381 2290 aut
1420 2247 1545 2289 etiam
1575 2253 1782 2305 perpetua

156 2331 182 2360 a
217 2322 418 2361 testatore
448 2318 639 2376 propriis
687 2317 906 2362 heredibus
951 2320 1067 2377 saeta
1104 2324 1221 2375 prout
1270 2318 1432 2366 assolet.
1478 2318 1538 2361 vet
1576 2318 1784 2374 legatariis

156 2390 360 2446 imposita,
395 2390 507 2448 quod
546 2390 812 2448 aequipollet,
848 2390 1065 2433 manualia
1099 2389 1298 2432 divinitat*
1340 2392 1504 2446 proprie
1537 2394 1573 2432 et
1610 2391 1647 2432 in
1682 2391 1784 2438 iure,

156 2462 209 2504 ita
244 2465 288 2503 ut
321 2463 469 2504 missae
495 2463 532 2504 in
560 2475 702 2505 eorum
740 2467 927 2519 respectu
964 2461 1175 2505 manuales
1211 2463 1345 2504 minus
1371 2463 1534 2517 proprie
1570 2465 1784 2503 vocentur.

273 2531 301 2588 ξ
335 2531 372 2574 22.
406 2531 470 2575 Aa
506 2532 646 2575 instar
693 2533 955 2576 nisoiicaliimi
991 2537 1157 2589 propter
1204 2531 1517 2575 similitudinem
1567 2544 1690 2588 quam
1726 2534 1784 2574 in-

158 2602 304 2657 duunt,
337 2607 377 2646 et
411 2605 449 2646 in
485 2605 574 2646 iure
606 2606 664 2647 sic
701 2609 914 2653 vocantur,
951 2602 1163 2660 stipendia
1197 2601 1425 2646 Missarain
1451 2614 1598 2645 revera
1631 2601 1782 2659 sanda-

158 2677 311 2730 taram,
344 2673 527 2718 scilicet:
565 2690 588 2715 a
611 2687 718 2732 quae
754 2677 791 2717 in
826 2674 961 2731 aliqua
989 2673 1171 2717 Ecclesia
1196 2675 1456 2728 constitutae,
1485 2673 1545 2716 vel
1574 2672 1786 2716 beneticiis

156 2744 344 2788 adnexae
376 2749 470 2788 sunt
505 2760 524 2786 ι)
578 2744 692 2801 (Dec.
728 2745 775 2789 Ut
810 2745 982 2801 debita),
1021 2744 1082 2787 vel
1122 2760 1142 2784 a
1177 2756 1227 2787 ex
1262 2757 1387 2787 onere
1421 2748 1619 2800 perpetuo
1645 2743 1783 2787 inbae-

274 2897 285 2918 1
311 2897 358 2930 24
385 2896 489 2942 Sept.
518 2896 620 2932 1665.
652 2899 904 2931 DENZINGER.
934 2908 972 2930 n.
1004 2896 1105 2931 1108.
