1971 3261
540 187 664 213 INDEX
692 186 887 213 CANONUM
914 187 964 212 ET
990 186 1272 212 COMMENTARH

84 355 154 391 Ius
182 355 419 401 praecedens
460 355 507 390 de
544 355 693 390 litteris
731 354 965 389 dimissoriis
1003 354 1312 389 ordinandorum
1348 365 1461 400 r-egu

181 414 347 448 larium.

85 473 146 508 Ad
173 483 290 518 quem
315 472 591 508 ordinaturum
618 472 728 507 mitti
765 472 910 507 debent
948 441 1125 518 religiosi
1162 472 1336 517 exempti
1362 471 1463 506 ordi-

181 531 303 567 nandi
347 560 353 566 .

87 591 352 636 Exceptiones
380 590 649 636 praecedentis
676 591 838 625 canonis
899 617 906 624 .

85 649 318 685 Cavendum
344 661 366 684 a
393 648 670 693 Superioribus
695 649 896 695 religiosis
923 649 961 683 in
988 648 1061 684 hac
1086 649 1251 684 materia

392 777 531 814 CAPUT
556 778 608 812 ΙΙ.
638 798 680 804 -
709 778 765 814 De
792 778 966 814 subiecto
992 788 1126 814 sacrae
1151 778 1421 814 ordinationis.

89 872 270 908 canones
296 873 378 908 968-
381 873 463 908 972.

86 932 306 977 Inscriptio
334 933 476 978 capitis

87 991 305 1026 Distinctio
331 992 474 1037 capitis
499 992 541 1026 in
567 992 758 1027 articulos
783 1003 827 1026 ac
853 991 947 1027 ordo
974 1003 1168 1027 canonum
1196 997 1289 1028 ante
1315 993 1423 1038 ipsos
1456 1019 1463 1027 .

89 1050 271 1085 Subiecti
298 1050 547 1085 conditiones
573 1050 623 1085 ad
648 1061 797 1085 sacram
814 1050 1107 1085 ordinationem
1126 1051 1257 1086 valide
1282 1063 1326 1086 ac
1352 1051 1464 1086 licite

184 1109 467 1154 recipiendam.

91 1167 316 1202 Prohibitio
340 1167 566 1203 conferendi
592 1167 749 1203 ordines
774 1173 937 1213 propter
969 1169 1243 1204 ministrorum
1269 1167 1465 1204 sufficien-

185 1227 283 1261 tiam
344 1254 352 1262 .

90 1285 328 1322 Interdictio
354 1286 402 1320 ab
429 1286 590 1321 homine
615 1298 802 1323 ascensus
827 1287 875 1322 ad
901 1287 1058 1322 ordines

89 1344 271 1380 Libertas
298 1345 494 1380 servanda
519 1346 561 1380 in
588 1350 719 1380 status
744 1347 938 1381 clericalis
963 1346 1158 1381 electione

90 1404 147 1438 De
178 1404 484 1439 commoratione
523 1405 565 1439 in
605 1405 838 1440 Seminariis
874 1416 1010 1440 eorum
1048 1405 1116 1450 qui
1154 1404 1201 1439 ad
1239 1417 1368 1440 sacros
1411 1417 1469 1440 or-

188 1463 301 1498 dines
326 1464 506 1509 aspirant
571 1492 576 1497 .

315 1595 416 1628 Am.
444 1593 476 1628 Ι.
505 1593 562 1629 De
587 1597 790 1640 requisitis
817 1597 859 1629 in
883 1596 1050 1630 subiecto
1075 1605 1209 1630 sacrae
1234 1595 1512 1630 ordinationis.

92 1687 273 1723 Canones
298 1688 468 1724 973-982.

90 1747 308 1793 Inscriptio
333 1748 496 1782 articuli
521 1753 562 1783 et
587 1748 681 1783 ordo
706 1760 915 1784 canonum.
1127 1776 1135 1784 .

95 1805 343 1849 Quibusnam
368 1807 612 1842 solummodo
637 1807 795 1843 ordines
820 1807 1048 1843 conferendi
1074 1812 1170 1843 sunt
1234 1834 1241 1842 .

93 1864 318 1900 Summaria
342 1866 626 1911 requisitorum
653 1867 911 1902 enumeratio.

91 1925 215 1958 Aetas
241 1924 429 1959 canonica
454 1936 523 1969 pro
549 1924 718 1961 diversis
744 1925 951 1960 ordinibus
985 1903 1249 1971 suscipiendis

92 1983 237 2018 Debita
264 1994 334 2028 pro
360 1983 534 2029 singulis
560 1983 767 2019 ordinibus
794 1984 928 2019 studia

94 2042 327 2078 Successiva
354 2043 549 2088 graduum
574 2042 730 2078 ordinis
756 2043 956 2089 susceptio
1020 2072 1026 2078 .

94 2101 403 2136 Ordinationum
429 2102 653 2137 interstitia
686 2130 692 2136 .

94 2160 255 2196 Titulus
281 2160 498 2196 canonicus
524 2173 592 2206 pro
619 2161 773 2197 clericis
799 2163 1068 2197 saecularibus
1128 2189 1136 2196 .

95 2219 327 2255 Existentia
352 2220 467 2254 tituli
493 2220 649 2255 stabilis
676 2221 761 2256 iure
786 2222 1030 2267 praescripta

94 2278 289 2313 Doctrina
315 2279 414 2313 iuris
440 2279 711 2324 praecedentis
738 2279 785 2314 de
811 2280 901 2314 aliis
927 2280 1062 2315 titulis
1126 2307 1134 2315 .

95 2337 226 2371 Tituli
253 2349 284 2373 s.
309 2337 573 2372 ordinationis
599 2349 648 2372 ex
673 2338 758 2372 iure
784 2338 1096 2384 supplementari
1124 2366 1132 2374 .

95 2394 223 2430 Tituli
249 2396 431 2432 canonici
458 2396 733 2442 religiosorum
762 2397 979 2442 peculiares
1020 2425 1027 2432 .

329 2526 431 2560 ART.
460 2526 512 2560 ΙΙ.
540 2525 598 2561 De
624 2527 985 2571 irreyzclavritatibus
1011 2528 1179 2573 aliisque
1204 2529 1508 2573 impedimentis.

99 2618 277 2653 Canones
304 2619 458 2654 983-991
467 2646 474 2653 .

97 2676 309 2722 Inscriptio
334 2679 493 2713 articuli
519 2683 561 2713 et
587 2691 782 2714 canonum
808 2680 1052 2716 coordinatio

98 2736 415 2781 Iri-egularitatis
441 2738 552 2773 notio
578 2750 625 2773 ac
650 2738 807 2774 divisio.

99 2794 294 2830 Definitio
355 2823 362 2830 .

100 2853 423 2898 Irregularitates
448 2867 497 2889 ex
528 2855 698 2890 defectu.

71 2903 82 2910 ’
100 2913 158 2947 Ex
186 2912 342 2948 defectu
368 2915 540 2959 corporis
572 2941 578 2948 .

1653 177 1718 212 751

1521 303 1599 325 CAN.
1641 303 1721 325 PAG.

1648 412 1717 448 377

1534 530 1603 564 965
1652 530 1722 564 378

1534 590 1604 623 966
1653 589 1723 624 379

1533 649 1600 684 967
1651 648 1722 683 380

1655 875 1724 910 382

1540 1110 1608 1145 968
1658 1111 1728 1146 383

1539 1228 1608 1263 969
1658 1230 1727 1264 385

1541 1288 1610 1323 970
1660 1288 1728 1323 386

1540 1348 1606 1383 971
1658 1347 1727 1382 387

1540 1465 1609 1501 972
1683 1479 1701 1498 »

1662 1690 1731 1724 389

1662 1749 1728 1784 391

1543 1809 1612 1843 973
1661 1808 1730 1842 391

1543 1867 1613 1902 974
1661 1867 1730 1901 393

1543 1926 1611 1961 975
1662 1925 1731 1960 395

1544 1986 1614 2021 976
1663 1985 1732 2020 396

1545 2045 1613 2080 977
1662 2044 1732 2078 399

1543 2104 1614 2139 978
1686 2116 1705 2137 »

1545 2163 1614 2198 979
1663 2163 1732 2197 402

1544 2222 1614 2257 980
1662 2223 1732 2257 405

1662 2281 1732 2315 408

1545 2339 1613 2374 981
1663 2341 1732 2374 409

1545 2399 1614 2433 982
1663 2399 1733 2432 410

1662 2624 1733 2657 412

1663 2682 1733 2716 413

1546 2741 1614 2776 983
1664 2742 1734 2774 414

1665 2800 1733 2833 415

1547 2858 1614 2893 984
1689 2871 1706 2890 »

1567 2934 1580 2947 ι
1612 2917 1731 2952 20417
