1971 3261
123 145 220 182 Gan.
249 145 453 181 1058-1059
627 146 712 179 Trr.
743 146 832 180 VII.
862 166 875 172 -
902 147 957 181 De
985 148 1242 181 Matrimonio
1690 147 1758 182 557

125 265 212 308 ‘nise'
243 266 285 319 a)
321 264 512 307 irritatio
548 266 799 307 matrimonii
836 269 921 321 post
960 270 1101 308 votnm
1136 278 1185 307 ex
1223 264 1301 307 illis
1324 264 1490 321 aliquod
1518 264 1560 321 b)
1583 264 1760 322 speciali

128 335 227 391 (non
261 336 496 378 communis
530 333 648 390 iuris)
686 333 812 377 Sedis
849 334 1116 392 Apostolieae
1148 335 1197 378 ad
1234 347 1420 378 normam
1456 347 1545 379 can.
1579 336 1602 378 7
1635 348 1758 393 prae-

124 405 284 463 scripto
317 409 507 461 respectu
541 404 684 448 saltem
725 409 980 459 voventium,
1016 419 1109 448 nam
1146 410 1335 462 respectu
1371 405 1583 462 religionis
1617 405 1682 449 illa
1709 408 1758 448 ir-

127 478 264 519 ritatio
297 477 551 519 secumt'erre
587 481 717 532 potest
765 479 845 518 vim
893 476 1115 533 privilegii,
1160 477 1200 533 c)
1231 490 1309 533 pro
1354 476 1565 533 aliquibus
1597 479 1655 520 sic
1693 490 1761 518 vo-

130 546 337 599 ventibus,
371 551 411 589 ut
446 546 601 589 dictum
637 552 709 592 est.
745 553 907 589 statuta
941 546 1088 604 licerit.
1124 547 1370 604 Exemplum
1407 552 1466 590 est
1504 552 1642 590 votum
1671 561 1760 603 per·

128 621 277 673 petuae
310 619 509 660 castitatis
543 630 621 659 non
662 617 861 661 sollemne
896 621 933 660 in
968 620 1171 661 Soc-letale
1208 618 1294 661 lesu
1320 619 1454 675 quoad
1480 617 1760 661 scholasticos.

250 722 346 758 Ratio
381 723 571 768 theologica
611 723 713 758 huius
739 724 768 769 §i
795 724 987 759 seeundum
1018 723 1055 758 D.
1085 724 1237 759 Thomae
1263 724 1458 759 doctrinam
1487 735 1636 770 sequens
1665 729 1714 759 est
1735 725 1760 758 ²:

133 796 149 815 ιι
171 793 229 828 per
255 782 319 817 hoc
345 792 399 817 res
424 782 542 827 aliqua
569 782 697 818 desinit
724 794 797 818 esse
825 783 859 817 in
890 788 1055 828 potestate
1081 783 1229 818 alieuius
1257 794 1315 829 per
1333 783 1422 828 quod
1452 783 1579 819 transit
1607 784 1642 817 in
1657 783 1764 818 domi·

130 841 229 876 nium
255 840 412 876 alterius.
444 841 630 876 l’romissio
648 847 763 877 autem
791 842 939 877 alicuius
966 843 1012 878 rei
1041 853 1111 877 non
1139 841 1304 878 transfert
1322 853 1398 877 eam
1427 842 1460 876 in
1478 842 1674 877 dominium
1690 843 1764 877 eius

125 900 181 935 cui
201 899 424 946 promittitur.
442 899 480 934 Et
495 900 571 935 ideo
589 912 655 935 non
673 911 711 935 ex
729 901 789 935 hoc
807 901 879 946 ipso
905 901 996 946 quod
1023 900 1151 946 aliquis
1170 911 1240 935 rem
1264 901 1433 946 promittit
1451 901 1618 947 aliquam,
1636 900 1763 936 desinit

129 969 184 995 res
211 958 270 994 itta
296 969 369 994 esse
397 959 432 993 in
462 963 628 1005 potestate
667 971 741 994 sua.
785 959 871 994 Cum
900 970 980 1004 ergo
1007 961 1042 994 in
1071 965 1147 995 voto
1173 959 1323 1005 simplici
1355 971 1423 994 non
1452 960 1494 993 sit
1524 960 1589 993 nisi
1617 959 1763 1005 simplex

132 1017 315 1064 promissio
341 1018 470 1064 proprii
499 1019 654 1064 corporis
679 1018 722 1053 ad
750 1019 1005 1053 continentiam
1047 1017 1113 1053 Deo
1152 1018 1359 1053 servandam
1403 1019 1502 1059 facta,
1542 1023 1616 1063 post
1648 1023 1762 1053 votum

128 1076 276 1122 simplex
304 1076 418 1112 adhue
443 1082 600 1113 remanet
629 1078 730 1113 homo
756 1078 921 1112 dominus
948 1077 999 1112 sui
1028 1079 1200 1123 corporis:
1227 1082 1259 1113 et
1287 1078 1361 1112 ideo
1391 1082 1501 1123 potest
1521 1077 1634 1123 ipsum
1666 1077 1764 1112 alteri

130 1136 226 1179 dare⁷
255 1136 387 1171 scilicet
415 1136 525 1180 uxori,
556 1137 589 1171 iu
618 1148 686 1182 qua
713 1137 853 1172 datione
878 1141 1138 1172 sacramentum
1168 1136 1381 1172 matrimonii
1409 1136 1579 1176 consistit,
1607 1136 1766 1181 quodin-

129 1195 336 1230 dissolubile
361 1200 424 1230 est.
456 1194 494 1230 Et
523 1200 659 1241 propter
688 1196 747 1230 hoc
777 1200 893 1230 votum
921 1195 1082 1241 simplex,
1112 1195 1274 1241 quamvis
1304 1195 1473 1241 impediat
1502 1194 1766 1229 matrimonium

129 1253 426 1294 contrahendum,
456 1254 537 1299 quia
567 1259 681 1300 peccat
709 1254 920 1289 contrahens
948 1254 1213 1289 matrimonium
1244 1257 1318 1299 post
1351 1258 1467 1289 votum
1495 1253 1640 1299 simplex
1658 1253 1767 1288 conti-

134 1313 294 1356 nentiae3
324 1318 439 1348 tamen
481 1313 563 1358 quia
599 1324 700 1348 verus
738 1318 937 1348 contractus
975 1318 1037 1353 est,
1076 1324 1146 1348 non
1187 1317 1294 1359 potest
1324 1312 1586 1348 matrimonium
1621 1324 1679 1357 per
1706 1313 1767 1348 hoc

130 1372 248 1406 dlrlmi
271 1386 300 1406 ι).

254 1467 350 1510 454.
373 1470 775 1524 impedimentum
795 1471 1108 1525 cognationis
1127 1470 1305 1525 legalis
1324 1483 1386 1514 ex
1410 1471 1694 1525 adoptione.
1712 1493 1767 1498 —-

134 1538 318 1582 Ecclesia
337 1538 487 1583 Christi
511 1552 676 1595 sponsa,
699 1541 768 1596 qui
795 1538 904 1582 Deus
929 1542 1040 1595 pacis
1063 1545 1138 1593 est,
1163 1539 1268 1582 lianc
1293 1545 1411 1583 curat
1435 1553 1507 1596 pro
1533 1552 1650 1595 posse
1674 1552 1766 1582 cum

134 1614 336 1666 potestate
358 1609 473 1653 civili
497 1622 669 1653 servare
692 1615 816 1667 atque
841 1609 951 1653 illam
978 1612 1017 1652 in
1043 1610 1238 1654 tidelibus
1270 1610 1495 1665 custodire,
1519 1612 1587 1667 qui
1620 1612 1769 1652 utrius-

132 1693 215 1738 que
249 1683 461 1737 potestatis
494 1680 740 1737 legislatioui
775 1680 1024 1724 subduntur.
1059 1682 1161 1725 (jum
1195 1695 1296 1738 ergo
1329 1684 1521 1737 cognatio
1546 1681 1703 1736 legalis.
1730 1684 1769 1723 ut

135 1752 337 1795 dirimens
371 1751 732 1807 impedimentum,
767 1751 934 1795 inducta
968 1752 1109 1795 fuisset
1144 1754 1182 1794 in
1218 1751 1495 1795 Decretalium
1533 1753 1594 1794 ius
1617 1765 1665 1794 ex
1693 1750 1768 1793 llo-

137 1835 354 1866 manorum
390 1825 494 1876 iure,
518 1835 538 1866 a
564 1836 645 1880 quo
668 1823 882 1866 dissonant
916 1822 1142 1866 hodiernae
1163 1822 1441 1879 legislationes
1460 1822 1510 1865 de
1534 1823 1769 1878 adoptione,

133 1906 243 1951 quae
269 1893 585 1937 fundamentum
610 1898 670 1937 est
695 1893 803 1936 illius
827 1896 1098 1949 cognationis,
1125 1895 1200 1936 luit
1225 1896 1330 1937 inter
1355 1893 1551 1937 Doctores
1585 1896 1771 1950 quaestio

136 1969 256 2007 enata
291 1964 342 2007 de
379 1966 416 2006 vi
451 1963 574 2007 huius
606 1965 841 2021 adoptionis
873 1965 922 2007 ad
945 1965 1260 2021 producendum
1287 1965 1630 2021 impedimentum
1658 1963 1772 2007 illud.

136 2034 254 2078 Hanc
289 2038 415 2092 igitur
447 2038 733 2092 quaestionem
769 2035 971 2085 dissolvit,
1008 2048 1151 2092 pacem
1202 2036 1312 2079 illam
1365 2036 1543 2079 reddens
1585 2035 1661 2078 sul)
1697 2035 1771 2078 lioc

138 2111 328 2162 respectu
363 2106 553 2150 stabilem
589 2120 679 2151 can.
715 2109 846 2150 1059.
884 2105 927 2149 Ιη
954 2106 1008 2149 iis
1033 2105 1289 2164 reqionibus,
1311 2119 1487 2164 quarum
1512 2106 1769 2162 singularum

135 2177 304 2221 codices
340 2177 402 2220 vel
439 2179 540 2220 iuris
575 2180 693 2234 periti
728 2177 969 2221 consulendi
1004 2182 1099 2221 sunt
1131 2183 1365 2234 opportune
1400 2177 1450 2221 al)
1483 2190 1625 2221 earum
1651 2190 1774 2220 cano-

140 2250 268 2298 nistis,
306 2247 373 2291 ubi
406 2247 495 2305 leye
527 2248 644 2291 eit-ili
679 2262 751 2305 pro
785 2254 972 2305 tempore
1007 2250 1142 2292 forsan
1182 2248 1439 2306 abroganda,
1473 2248 1543 2292 se‘d
1580 2249 1677 2291 dum
1716 2249 1774 2290 vi-

136 2323 245 2374 geat,
280 2321 354 2362 etsi
390 2317 692 2375 postCodicem
730 2318 809 2362 lur.
842 2332 932 2363 can.
969 2319 1288 2376 promulganda,
1325 2333 1362 2364 v.
1397 2333 1459 2376 gr.
1484 2325 1558 2362 art.
1595 2319 1648 2362 60
1682 2319 1772 2362 cod.

135 2391 219 2433 civ.
254 2388 351 2437 ital„
386 2388 538 2446 leyalis
571 2389 779 2447 coynalio,
813 2403 885 2433 seu
925 2392 1258 2448 «propinquitas
1293 2402 1564 2446 personarum
1590 2389 1680 2445 lege
1716 2392 1773 2432 in-

131 2458 318 2513 ducta»,
351 2472 400 2503 eo
434 2459 544 2516 quod
586 2459 902 2503 tundamentum
947 2462 1036 2503 eius
1080 2461 1268 2504 naturale
1314 2473 1391 2504 non
1440 2465 1513 2513 est,
1551 2465 1691 2516 utpote
1725 2473 1776 2501 ef

133 2528 363 2587 adoptione
395 2529 572 2574 alicuius
606 2532 643 2573 iu
680 2531 809 2574 tilium
855 2531 915 2574 vel
943 2536 1132 2588 nepotem
1159 2531 1207 2575 ad
1233 2531 1550 2574 similitudinem
1577 2537 1615 2574 et
1640 2532 1772 2574 t'orsau

138 2603 178 2644 in
196 2600 532 2658 supplementum
570 2601 748 2645 tiliorum
771 2601 1051 2658 legitimorum
1086 2607 1198 2654 orta,
1231 2602 1404 2659 nuptias
1447 2601 1589 2645 *reddit
1622 2600 1773 2644 solum-

137 2670 257 2714 modo
291 2669 470 2725 illicitas
502 2670 729 2715 obearum
766 2672 1087 2729 prohibitionem
1123 2673 1293 2726 dictam,
1334 2672 1428 2715 iure
1460 2685 1621 2730 quoque
1653 2684 1774 2714 cano-

138 2741 232 2785 nico
264 2745 470 2785 statuente
504 2755 577 2799 per
610 2742 719 2786 hunc
740 2755 942 2787 canonem
969 2744 1314 2800 impedimentum
1338 2745 1599 2800 cognationis
1632 2742 1777 2799 legalis

263 2897 275 2918 1
303 2895 440 2941 Suppl.
465 2907 501 2940 q.
530 2895 623 2930 L111
649 2907 683 2930 a.
715 2897 748 2939 1,
777 2908 808 2931 c.
