1971 3261
131 150 224 187 Gan.
252 149 455 186 1036-1037
651 148 735 183 Trr.
765 148 851 183 VH.
882 168 894 175 -
920 149 977 184 De
1004 150 1265 183 Alatrimonio
1694 148 1763 183 527

131 272 359 315 dimentum
394 268 560 326 aliquod
598 270 861 311 matrimonio
897 271 971 312 rite
1005 270 1111 312 sacto
1143 271 1423 325 superveniat7
1452 270 1761 311 matrimonium

130 341 294 385 solvere
327 353 406 383 non
445 339 615 382 valet».

250 411 376 454 Porro
402 410 414 432 ¹
455 426 472 450 (ι
498 423 591 453 cum
629 423 701 466 per
747 413 1055 453 matrimonium
1102 411 1347 454 ordinentur
1390 411 1515 468 aliqui
1552 411 1601 454 ad
1639 423 1761 453 unam

130 483 442 538 generationem
478 485 517 523 et
549 480 839 523 educationem
878 480 1016 536 prolis,
1042 486 1080 524 et
1107 484 1253 525 iterum
1289 482 1338 525 ad
1376 494 1497 525 unam
1537 483 1661 524 vitam
1697 481 1764 524 do-

131 554 344 596 mesticam
380 551 450 606 (ad
481 563 670 594 normam
696 564 787 594 can.
814 551 960 608 1013),
994 557 1153 595 constat
1186 553 1295 609 qnod
1332 555 1368 595 in
1408 554 1670 595 matrimonio
1705 557 1765 595 est.

129 622 268 680 aliqua
301 624 553 676 coniunctim
576 622 807 665 secundum
843 635 966 680 quam
1002 623 1156 666 dicitur
1181 626 1352 666 maritus
1375 628 1413 666 et
1439 637 1565 674 nxor;
1601 628 1639 666 et
1673 622 1765 666 talis

130 695 412 738 coniunctio»
452 692 612 736 iuribus
645 698 684 736 et
718 693 1041 749 obligationibus
1075 696 1229 737 mutuis
1272 699 1464 737 constans
1510 695 1649 750 pertici
1684 707 1762 737 non

131 769 277 821 potest,
313 766 389 807 nisi
425 768 600 821 uterque
647 764 878 808 voluntarie
922 767 1151 808 consentiat
1197 767 1233 807 in
1279 778 1383 819 eam,
1419 777 1466 808 ac
1501 767 1649 808 iterum
1685 778 1762 807 non

130 835 254 879 datur
287 836 462 877 maritus
495 836 584 878 sine
618 848 762 889 uxore,
797 848 871 878 nec
907 848 1010 878 uxor
1043 837 1131 878 sine
1177 837 1347 878 marito:
1392 840 1646 892 quapropter
1681 848 1763 878 me-

132 907 210 949 rito
243 905 441 948 admonet
473 904 501 962 ξ
532 906 575 948 3.
614 903 864 963 Qucmquam
905 904 1249 963 impedimenlmn
1291 906 1535 950 alterutrum
1572 906 1611 963 {³
1647 918 1762 962 prae-

129 977 317 1021 cedentis
350 990 401 1019 eoe
435 990 517 1018 mm
553 981 717 1019 tantum
747 981 885 1034 porte,
919 979 956 1019 in
992 989 1071 1034 qua
1106 980 1155 1020 sit
1192 977 1300 1020 illius
1333 979 1450 1031 ratio,
1477 977 1526 1020 de
1560 991 1641 1034 quo
1676 982 1763 1019 tan-

131 1053 218 1091 tum
264 1061 361 1091 casu
406 1046 586 1091 dubitari
634 1052 782 1104 posset,
817 1061 860 1090 se
905 1046 1023 1090 habe!
1071 1048 1134 1091 vel
1180 1051 1402 1101 enascitur,
1449 1048 1762 1091 matrimonium

132 1124 288 1172 tantem,
322 1120 378 1161 uti
414 1123 672 1161 contractum
710 1119 990 1174 perfecturum
1037 1118 1384 1162 matrimonialem
1428 1120 1762 1161 coniunctionem

128 1189 271 1233 reddit
306 1191 344 1232 in
380 1202 423 1233 se
457 1202 504 1233 ac
539 1202 612 1245 pro
647 1193 823 1247 utraque
859 1194 974 1245 parte
1008 1195 1082 1232 au!
1114 1189 1327 1246 illicilum,
1352 1194 1390 1232 et
1416 1189 1491 1233 hoc
1515 1202 1691 1245 semper,
1718 1202 1765 1232 eo

127 1260 238 1318 quod
284 1272 379 1316 pars
412 1259 464 1303 ab
498 1260 796 1316 impedimento
841 1259 969 1303 libera
1014 1262 1219 1303 consentit
1261 1260 1486 1304 efficaciter
1521 1262 1557 1302 in
1593 1259 1764 1303 alterius

126 1336 265 1374 actum
301 1343 493 1387 pravum,
520 1335 593 1372 au(
626 1329 863 1373 invalidum
895 1330 1017 1373 simul
1053 1343 1100 1374 ac
1135 1330 1340 1386 illicitum,
1364 1333 1395 1373 si
1431 1330 1599 1374 obstans
1633 1333 1761 1387 impe-

126 1402 356 1445 dimentum
390 1403 440 1444 sit
474 1401 687 1444 dirimens.

246 1472 344 1516 429.
379 1474 490 1518 Alia
522 1474 982 1529 impedimentorum
1016 1474 1197 1518 divisio
1231 1474 1424 1518 ratione
1466 1474 1764 1528 cognitionis

127 1547 190 1590 de
223 1546 442 1601 ipsorum
477 1545 760 1597 existentia,
794 1543 919 1601 (quae
952 1543 1104 1587 divisio
1148 1545 1187 1586 in
1231 1557 1274 1586 se
1319 1543 1524 1600 completa
1560 1548 1634 1597 est,
1668 1545 1763 1600 quia

128 1617 234 1658 inter
270 1614 590 1657 affirmationem
636 1619 675 1657 et
719 1617 981 1671 negationem
1034 1616 1181 1658 unicae
1230 1614 1479 1658 conditionis
1522 1614 1573 1657 de
1617 1613 1762 1657 eodem

127 1686 289 1730 obiecto
323 1698 402 1729 non
437 1685 559 1729 datur
593 1688 712 1729 tertia
748 1686 1023 1743 hypothesis),
1043 1686 1316 1730 confirmatur
1339 1699 1386 1729 ac
1410 1685 1648 1729 declaratur
1671 1698 1766 1729 eon·

128 1761 327 1814 gruenter
370 1757 616 1814 disciplinae
655 1758 920 1814 praecedenti
955 1759 993 1817 in
1031 1772 1121 1800 ean.
1158 1758 1289 1801 1037.
1328 1755 1537 1799 Publv'eum
1574 1762 1766 1799 censetur

129 1831 232 1881 iure,
267 1830 362 1885 quia
396 1829 566 1871 forsitan
602 1841 622 1872 a
660 1830 803 1885 paucis
836 1831 1022 1873 noscitur
1058 1828 1119 1872 vet
1153 1828 1205 1872 ab
1238 1827 1431 1872 omnibus
1466 1831 1692 1884 ignoratur,
1724 1842 1762 1872 v.

128 1912 188 1955 gr.
224 1898 325 1942 ordo
357 1911 476 1942 sacer
508 1904 738 1956 susceptus,
775 1901 1028 1943 matrimonii
1077 1898 1290 1942 vinculum
1335 1900 1448 1955 prius
1491 1903 1764 1951 contractum,

127 1982 234 2026 quae
267 1969 429 2026 singula
466 1970 762 2026 impedimenta
795 1975 985 2015 constant
1017 1984 1065 2014 ex
1103 1970 1206 2014 libro
1240 1970 1546 2013 ordinationum
1584 1969 1649 2012 vet
1684 1981 1766 2012 ma-

127 2042 434 2095 trimoniorum,
469 2043 664 2098 quamvis
700 2043 818 2098 pauci
855 2041 918 2085 vel
955 2041 1054 2084 nulli
1090 2055 1182 2084 eum
1219 2043 1451 2097 inspiciant,
1474 2040 1536 2083 vet
1573 2043 1610 2083 in
1647 2052 1763 2096 prae—

128 2113 231 2154 senti
266 2116 460 2165 noscant3
502 2116 683 2156 attamen
728 2116 873 2156 natura
908 2125 980 2156 sua
1017 2115 1095 2156 erit
1130 2111 1339 2169 publicum
1375 2111 1455 2155 hoc
1490 2111 1762 2167 impedimen-

128 2186 228 2234 tum,
248 2187 370 2238 prout
393 2185 616 2239 opponitur
639 2183 885 2240 simpliciter
908 2182 1120 2240 publicum
1156 2196 1204 2226 eo
1237 2182 1346 2240 quod
1375 2181 1562 2238 pluribus
1597 2187 1762 2235 notum3

130 2257 346 2308 propterea
387 2253 644 2309 «publicum
694 2258 886 2297 censetur
909 2253 1318 2311 »·impeclimenlmn
1367 2252 1605 2296 huiusmodi
1655 2252 1765 2310 quod

126 2322 301 2380 probari
333 2328 446 2367 certo
479 2324 524 2366 in
556 2324 652 2382 soro
686 2330 860 2368 emerito
892 2325 941 2368 ad
978 2337 1069 2368 can.
1106 2325 1186 2367 196
1222 2323 1442 2380 explicato,
1477 2326 1668 2381 quamvis
1701 2337 1765 2367 so-

128 2394 211 2437 lum
247 2394 622 2439 extraiudicialiter
652 2401 803 2452 potest,
824 2398 984 2439 etiamsi
1020 2396 1072 2439 de
1107 2398 1212 2439 tacto
1248 2394 1512 2451 probationes
1546 2394 1655 2438 illius
1689 2408 1763 2438 nec

129 2464 369 2519 afferantur,
405 2479 478 2509 nec
514 2465 693 2522 idipsum
729 2466 960 2510 timendum
994 2468 1068 2519 sit3
1104 2479 1221 2509 secus
1255 2466 1381 2509 idest:
1418 2466 1525 2523 qnod
1552 2464 1762 2522 «probari

129 2536 166 2577 in
202 2535 289 2578 t'oro
323 2540 494 2579 externo
529 2549 608 2579 non
645 2541 822 2593 potest»
851 2550 899 2580 ex
938 2536 1129 2593 prudenti
1166 2536 1333 2590 iudicio,
1358 2542 1418 2579 es!
1452 2549 1598 2579 revera
1634 2535 1764 2579 oecol-

129 2611 214 2648 tum
248 2606 607 2662 impedimentum.
642 2608 779 2664 Atque
812 2607 966 2651 divisio
991 2607 1093 2650 haec
1118 2612 1202 2650 tum
1230 2606 1554 2664 impedientibus
1588 2612 1671 2650 tum
1708 2607 1762 2649 di·

128 2675 373 2720 rimentibus
422 2677 731 2733 impedimentis
779 2680 910 2734 aptari
957 2681 1103 2735 potest,
1137 2690 1185 2721 ac
1220 2680 1448 2722 maximum
1485 2677 1640 2722 obtinet
1676 2691 1762 2720 mo-

127 2751 311 2790 mentum
356 2747 523 2804 quando
568 2752 768 2792 tractatur
802 2748 853 2791 de
886 2751 1068 2805 ipsorum
1105 2747 1498 2804 dispensationibus,
1533 2753 1574 2791 ut
1609 2747 1763 2804 patebit

247 2901 258 2922 1
285 2900 377 2936 Loc.
405 2901 472 2935 cit..
503 2908 545 2945 q.·
568 2900 710 2941 XLIV,
739 2912 774 2935 a.
807 2905 820 2935 1
852 2912 954 2946 corp.
