1971 3261
101 152 196 187 Can.
221 149 292 186 973
673 147 758 182 ΤΙΤ.
789 149 854 183 VI.
882 169 895 175 -
923 150 978 184 De
1014 151 1157 185 Ordine
1657 150 1722 183 391

224 267 319 310 323.
356 268 611 322 Inscriptio
643 269 834 312 articuli
869 272 917 313 et
940 271 1062 314 ordo
1087 283 1339 314 canonum.
1359 293 1416 299 —
1436 268 1527 311 Post
1550 281 1728 311 canones

102 338 316 397 generales
339 338 526 393 sequitur
549 337 638 379 Art.
668 335 694 378 Ι.
724 335 780 379 De
801 338 1020 394 requisitis
1055 339 1094 380 t'n
1129 337 1323 390 subiecto,
1366 338 1491 381 veluti
1516 338 1566 381 de
1590 339 1730 381 condi-

102 408 281 454 tionibus
303 411 374 451 aut
390 406 659 464 qualitatibus
680 409 881 463 positivis,
904 422 1006 465 quas
1031 411 1091 451 ius
1112 408 1286 464 postulat
1311 411 1479 465 praevie
1503 408 1728 452 obtinuisse

99 482 334 524 subiectum
354 490 502 520 samue
520 475 818 532 07·(linatiom'‚s·,
842 483 881 520 ut
904 478 1001 521 baec
1026 495 1043 518 «
1065 479 1380 534 comprehendit
1401 482 1528 535 ipsam
1553 481 1726 534 primam

102 556 310 594 tonsuram
338 560 467 605 usque
492 547 542 590 ad
567 549 921 591 consecrationem
947 549 1222 605 episcopalem
1250 566 1269 589 n
1297 549 1405 604 (can.
1432 550 1548 605 950).
1586 549 1624 592 ln
1651 549 1727 593 boc

98 619 275 666 articulo
309 632 398 662 can.
425 618 508 661 973
535 620 699 674 respicit
736 621 988 674 propositum
1016 622 1053 661 in
1078 619 1277 671 subiecto,
1302 624 1339 662 et
1365 622 1401 662 in
1426 622 1514 663 cius
1540 625 1727 676 respectu

98 691 390 745 certitudinem
426 688 477 732 ab
511 689 727 732 ordinante
763 689 1067 745 possidendam,
1104 695 1269 745 propter
1307 690 1489 746 Apostoli
1527 693 1725 734 monitum

100 763 149 806 ad
184 760 445 805 Timotheum
468 759 480 781 ¹
519 772 712 802 «manus
744 762 825 803 cito
859 762 1012 803 nemini
1049 763 1358 816 imposueris».
1397 762 1484 804 l'ost
1519 761 1626 805 hunc
1661 776 1726 805 ‹¹a-

100 846 228 876 nones
260 834 317 874 sic
351 830 609 885 ordinantur,
649 835 688 873 ut
713 843 802 874 can.
830 830 911 873 974
936 833 1161 874 summarie
1188 831 1251 873 itta
1278 837 1491 875 enumeret
1518 836 1728 890 requisita,

98 911 139 948 et
172 916 314 947 eorum
349 906 527 959 quatuor
562 915 633 957 pro
667 901 859 945 omnibus
892 901 1107 945 ordinibus
1140 902 1304 945 diversa
1345 902 1420 945 sub
1457 917 1645 947 mensura
1673 906 1728 946 in-

100 978 276 1031 iungunt
309 986 398 1017 can.
434 973 636 1023 975-978‚
674 972 853 1016 scilicet:
889 977 1082 1027 aetatem,
1132 978 1296 1028 peracta
1346 974 1493 1026 studia,
1533 978 1730 1018 successi-

104 1058 194 1089 vam
221 1044 425 1101 graduum
455 1045 751 1099 receptionem,
773 1049 810 1087 et
834 1043 1040 1086 servanda
1067 1043 1233 1086 diversa
1269 1046 1496 1087 interstitia.
1526 1045 1615 1087 Post
1641 1045 1728 1088 illos

99 1116 309 1160 adduntur
341 1127 521 1158 canones
553 1114 604 1157 de
639 1114 755 1157 titulo
788 1117 987 1157 canonico
1023 1128 1093 1170 pro
1128 1114 1354 1157 maioribus
1393 1116 1641 1170 recipiendis
1664 1131 1727 1159 or-

98 1186 279 1233 dinibus,
316 1188 448 1242 primo
483 1188 520 1228 in
556 1185 721 1228 clericis
754 1184 1038 1229 saecularibus
1072 1198 1161 1228 can.
1197 1186 1400 1239 979-981,
1438 1188 1489 1229 ita
1525 1191 1566 1229 ut
1603 1187 1729 1231 inille

99 1262 360 1315 exponantur
392 1259 480 1300 eius
514 1255 621 1300 tituli
655 1256 928 1309 conditiones,
965 1258 1002 1298 in
1038 1256 1121 1299 980
1161 1256 1449 1312 expendantur
1481 1270 1600 1300 casus
1624 1258 1727 1301 tituli

98 1327 253 1379 amissi,
288 1328 351 1370 vel
387 1327 662 1370 ordinationis
694 1326 747 1370 ob
781 1329 869 1369 eius
901 1327 1109 1370 desectum
1146 1326 1327 1376 illicitae,
1366 1332 1403 1370 et
1438 1330 1475 1369 in
1510 1340 1599 1372 can.
1644 1329 1722 1371 981

98 1399 307 1458 quomodo
340 1398 522 1455 suppleri
560 1400 684 1454 possit
719 1397 864 1441 titulus
898 1400 935 1440 in
971 1410 1060 1442 can.
1096 1398 1178 1441 974
1215 1398 1525 1441 determinatus.
1554 1398 1727 1442 Demum

99 1470 241 1514 titulus
273 1471 498 1513 canonicus
529 1468 772 1524 designatur
807 1482 879 1525 pro
915 1468 1118 1525 religiosis
1155 1473 1343 1512 votorum
1391 1474 1697 1525 perpetuorum.

218 1541 316 1584 3⁶24.
353 1542 656 1593 Quibusnam
675 1542 982 1586 solummodo
1001 1542 1200 1586 ordines
1219 1541 1502 1586 conferendi
1526 1545 1653 1587 sunt.
1673 1567 1729 1572 —

97 1614 220 1657 Cone.
254 1612 364 1656 Trid.
391 1612 404 1634 2'
429 1612 479 1654 de
504 1616 614 1654 recta
640 1613 865 1654 intentione
887 1613 946 1654 sic
972 1610 1186 1668 loquutum
1212 1612 1306 1654 t‘uit:
1347 1627 1368 1651 «
1394 1611 1526 1654 Prima
1562 1617 1726 1655 tonsura

98 1697 176 1727 non
204 1685 474 1733 initientur,...
498 1682 549 1725 de
573 1681 723 1739 quibus
757 1681 984 1738 probabilis
1007 1684 1245 1725 coniectura
1266 1695 1343 1724 non
1363 1684 1428 1735 sit,
1447 1696 1558 1727 eos...
1584 1687 1625 1725 ut
1645 1682 1728 1726 Deo

99 1755 264 1799 tidelem
286 1754 442 1798 cultum
465 1758 688 1810 praestent,
706 1752 783 1796 boc
806 1755 914 1796 vitae
939 1766 1070 1808 genus
1093 1753 1267 1809 elegisse
1286 1769 1324 1795 n.
1367 1753 1589 1796 l'ert'ectius
1624 1753 1727 1797 hanc

99 1828 366 1869 intentionem
402 1823 647 1880 complexus
695 1828 755 1867 est
789 1838 879 1866 ean.
914 1826 1021 1868 973.
1054 1823 1081 1881 ξ
1118 1824 1152 1866 l.
1192 1823 1332 1865 Prima
1383 1829 1556 1866 tonsura
1590 1830 1627 1866 et
1661 1838 1726 1867 or-

96 1897 217 1940 dines
251 1895 402 1952 singuli
440 1897 622 1939 minores
655 1899 693 1938 et
727 1895 808 1938 duo
834 1897 1012 1938 maiores
1046 1894 1133 1937 illis
1158 1900 1319 1937 [mitum
1344 1909 1391 1937 ex
1417 1895 1728 1950 comprehensis

100 1970 286 2026 personis
318 1967 395 2010 sub
417 1965 446 2023 ξ
470 1967 485 2009 1
517 1972 625 2010 can.⁸
648 1967 731 2009 968
754 1980 848 2010 cum
874 1967 1048 2010 aliarum
1088 1966 1327 2009 exclusione
1351 1965 1594 2023 confhrendi
1616 1972 1729 2020 sant,

98 2039 170 2097 qui
193 2040 447 2083 coniunctim
472 2037 513 2094 a)
533 2037 799 2095 propo-sicema
836 2036 1029 2089 habeant,
1063 2037 1171 2095 quod
1199 2037 1309 2080 velut
1344 2039 1551 2080 internum
1575 2037 1730 2094 aliquo·

98 2110 221 2154 modo
254 2114 425 2152 externe
458 2113 630 2164 constet,
666 2108 730 2152 vel
767 2114 1055 2165 praesumatur
1103 2107 1340 2164 prudenter,
1388 2105 1641 2149 (tseendemli
1673 2105 1728 2149 ad

95 2180 435 2239 presbyteratum
469 2178 510 2236 b)
535 2184 575 2222 et
597 2193 698 2237 quos
720 2179 870 2223 merito
893 2179 1099 2222 conticere
1122 2178 1260 2227 liceat,
1283 2178 1462 2222 scilicet:
1499 2191 1547 2220 ex
1583 2190 1725 2221 eorum

97 2250 366 2309 qualitatibus
392 2252 598 2307 praesumi
623 2254 760 2307 queat,
786 2249 1018 2307 aliquando
1052 2262 1223 2305 nempe:
1263 2251 1461 2304 temporis
1505 2261 1725 2304 progressu

95 2327 135 2365 et
169 2323 295 2365 animi
331 2320 497 2364 cultura
529 2319 680 2377 <liquos
712 2320 882 2379 staturos
915 2334 1004 2363 esse
1031 2318 1310 2377 presbyteros,
1346 2319 1511 2375 quando
1534 2317 1643 2361 hunc
1667 2332 1728 2360 or-

96 2393 235 2436 dinem
271 2393 486 2448 recipient,
521 2395 645 2449 atque
679 2405 772 2435 cum
809 2391 930 2435 buius
962 2391 1232 2434 ordinationis
1271 2391 1533 2446 proximitate
1569 2390 1728 2432 tirmior

95 2465 334 2506 coniectura
368 2464 420 2505 sit
452 2467 628 2518 oportet.

214 2533 316 2578 Cum
351 2532 461 2576 dicto
498 2546 597 2576 vero
631 2535 839 2590 proposito
873 2533 973 2576 dum
996 2535 1087 2589 quis
1111 2532 1340 2585 ordinatur,
1368 2531 1429 2574 vet
1457 2536 1623 2587 propter
1647 2528 1725 2574 Or-

96 2604 277 2647 dinantis
308 2603 431 2646 fallax
467 2603 665 2646 iudicium
701 2606 871 2647 evenire
906 2608 1035 2660 potest
1070 2615 1202 2658 casus,
1227 2604 1293 2645 cui
1318 2602 1511 2658 providet
1534 2602 1562 2659 ξ
1588 2601 1624 2644 ’2.
1655 2600 1729 2643 Or-

95 2674 270 2718 dinatus
304 2679 442 2717 tamen
477 2687 548 2730 per
581 2676 756 2731 primam
792 2687 957 2732 quoque
992 2679 1202 2716 tonsuram
1237 2675 1346 2726 (can.
1374 2673 1475 2719 950)
1508 2672 1579 2730 qui
1612 2685 1728 2729 snpe-

95 2745 232 2789 riores
266 2747 347 2788 iam
380 2743 520 2788 habito
553 2744 723 2788 ordines
746 2745 934 2802 recipere
958 2749 1130 2795 recuset,
1156 2746 1350 2801 quamvis
1374 2745 1566 2800 positive,
1589 2742 1630 2799 a)
1657 2756 1729 2784 nee

214 2897 226 2919 1
253 2896 272 2930 I
297 2895 346 2931 ad
371 2895 570 2932 Thimoth.
596 2897 643 2940 V,
673 2898 728 2930 22.
761 2917 803 2921 —
830 2896 843 2918 '2
872 2896 963 2941 Cap.
992 2897 1013 2930 4
1040 2907 1134 2932 sess.
1164 2895 1303 2929 XXIII
1330 2894 1375 2929 de
1403 2894 1487 2930 Res.
