1971 3261
136 146 230 182 Can.
258 143 462 180 1118-1120
645 142 730 176 Ti'r.
760 141 846 176 VH.
878 161 887 167 -
915 142 972 176 De
1001 142 1264 175 Matrz’mom’o
1700 136 1769 171 675

138 266 259 310 modo
291 262 468 308 dissolvi
502 264 667 318 proprie
704 267 857 319 potest,
894 264 945 304 ita
982 266 1024 304 ut
1058 260 1247 305 libertate
1280 259 1331 303 ab
1364 259 1440 303 hoc
1475 258 1770 315 impedimento

138 337 345 394 ligaminis
379 338 552 390 uterque
586 335 736 376 coniux
773 333 964 376 donetur.

256 406 351 449 5⁵29.
388 405 755 450 Matrimonium
788 406 853 448 ab
888 405 1169 449 extrinseco
1208 403 1430 448 solubile.
1472 426 1526 431 —-
1561 399 1690 443 Aliter
1723 411 1770 442 ac

137 476 392 535 praecedens
426 474 608 532 loquitur
643 488 733 516 cuii.
761 474 903 516 1115).
929 472 1264 524 Matrimonium,
1287 484 1367 529 qua
1396 471 1607 514 vinculum
1632 472 1771 514 coniu-

135 547 226 605 gale
260 546 368 604 quod
403 547 651 602 supponitur
688 544 871 588 validum
907 544 956 587 ad
1004 546 1313 600 inscriptionem
1351 542 1528 596 articuli,
1566 555 1643 584 nou
1680 554 1769 583 eou-

134 622 387 661 summatum
420 616 469 660 ad
506 628 694 658 normam
729 628 819 658 can.
858 614 982 669 1015,
1017 628 1088 657 seu
1125 619 1274 667 ratum,
1309 615 1350 666 3)
1386 612 1497 655 iuter
1535 611 1768 669 baptizatos

138 691 273 732 virum
306 700 356 731 ac
392 687 623 739 mulierem,
649 688 723 730 etsi
760 699 837 729 una
873 699 967 742 pars
999 688 1049 728 sit
1082 684 1327 737 acatholica,
1363 683 1406 741 b)
1433 682 1494 726 rel
1526 683 1638 725 inter
1667 695 1766 740 por-

137 765 215 803 tem
258 758 515 816 baptizatam
548 763 587 800 et
626 762 792 815 partem
834 771 916 800 uon
964 755 1233 814 baptizatum,
1268 755 1338 798 sed
1374 759 1632 798 contractum
1681 757 1769 809 post

136 830 422 887 impedimenti
455 830 710 885 disparitatis
741 827 877 871 cultus
909 827 1274 884 dispensationem,
1305 824 1566 878 dissolvitur,
1595 824 1765 868 verbum

135 901 392 946 declaratum
430 903 466 943 in
502 899 664 943 articuli
700 901 980 955 inscriptione,
1006 897 1046 954 a)
1074 903 1159 940 ium
1194 897 1284 954 ipso
1318 896 1426 949 iure,
1451 901 1661 953 tamquam
1698 908 1770 951 per

135 972 374 1030 generalem
410 972 760 1027 dispensationem
796 984 846 1013 ex
871 983 994 1013 causa
1032 970 1243 1025 recognita
1281 967 1406 1011 veluti
1443 969 1563 1019 iusta,
1592 980 1670 1024 per
1693 965 1771 1009 sol-

135 1043 325 1095 lemnem,
343 1056 421 1085 non
442 1042 574 1085 solum
597 1046 854 1098 perpetuam,
872 1039 1181 1098 professionem
1199 1038 1445 1095 reliqiosam
1466 1040 1576 1081 iuxta
1597 1037 1767 1094 dogma—

134 1117 257 1158 ticam
291 1113 577 1156 detinitionem
610 1112 733 1157 Cone.
767 1111 877 1155 Trid.
905 1111 941 1155 ¹:
981 1127 1003 1151 «
1025 1112 1063 1153 Si
1116 1112 1208 1167 quis
1256 1109 1421 1161 dixerit,
1456 1110 1766 1152 matrimmiium

135 1190 284 1239 ratum,
320 1198 398 1227 non
434 1188 783 1236 consummatum,
819 1196 890 1239 per
923 1182 1168 1225 sollemnem
1217 1181 1427 1237 religionis
1472 1181 1767 1237 professionem

134 1256 303 1300 alterius
337 1258 561 1312 coniugum
597 1268 675 1297 non
709 1254 864 1304 dirimi,
887 1253 1107 1296 anatliema
1143 1254 1193 1296 sit
1217 1268 1265 1305 »;
1305 1251 1346 1308 b)
1383 1258 1468 1294 tum
1498 1264 1575 1309 per
1607 1250 1770 1307 dispeu-

133 1328 339 1370 sulionem
374 1329 411 1369 in
449 1326 538 1382 lege
572 1325 714 1368 divina
749 1324 1015 1381 hypothetica
1051 1337 1099 1367 ex
1138 1322 1327 1379 delegata
1368 1322 1506 1367 R0m0.
1542 1321 1668 1365 Ponti.
1705 1319 1768 1363 Vi-

133 1400 245 1442 cario
279 1396 428 1442 Christi
465 1401 678 1453 potestate,
713 1410 738 1438 α
762 1395 866 1439 Sede
888 1394 1150 1452 Apostoliea,
1184 1396 1249 1437 cui
1287 1398 1498 1437 reservata
1533 1393 1599 1435 illa
1633 1398 1705 1447 est,
1731 1397 1770 1435 et

132 1482 184 1512 αὐ
216 1469 330 1511 iusta
354 1482 484 1511 causa
517 1470 751 1511 necessaria
774 1467 824 1510 ad
849 1467 1172 1523 dispensationis
1200 1465 1455 1509 validitatem
1491 1464 1769 1520 elargiendae,

133 1554 369 1584 concessam
404 1553 475 1596 per
510 1541 755 1595 rescriptum
792 1541 830 1581 iu
865 1537 1041 1594 singulis
1074 1536 1253 1585 casibus,
1289 1541 1379 1593 post
1411 1538 1690 1592 cognitionem
1728 1539 1770 1577 ut

133 1611 358 1668 plurimum
393 1612 432 1655 S.
456 1609 607 1667 Congr.
632 1610 683 1653 de
715 1610 996 1653 sacramentis
1029 1609 1073 1665 u)
1101 1608 1192 1651 «de
1217 1609 1321 1651 tacto
1356 1608 1770 1651 incensun‘nnationis

134 1684 402 1736 matrimonii,
435 1681 473 1738 b)
508 1686 548 1725 et
579 1682 630 1725 de
664 1683 881 1724 existentia
917 1692 1138 1724 causarum
1163 1679 1213 1723 ad
1247 1679 1597 1736 dispensationem
1622 1690 1767 1721 conee-

134 1753 314 1797 dendam
340 1769 358 1794 >3
398 1753 507 1810 (can.
543 1752 641 1807 ⁶249,
672 1751 701 1810 ξ
734 1746 792 1808 3),
829 1753 903 1795 etsi
937 1751 1189 1809 quandoque
1230 1764 1446 1807 processus
1480 1750 1770 1792 intormativus

133 1828 292 1868 tantum
327 1824 379 1867 de
407 1823 474 1867 illa
509 1825 910 1867 inconsummatione
945 1822 1021 1865 loci
1046 1818 1271 1865 Ordinario
1304 1821 1531 1873 deferatur,
1557 1824 1768 1862 reservata

132 1909 298 1952 semper
331 1908 380 1938 ex
415 1895 522 1952 stylo
555 1893 703 1938 Curiae
750 1895 954 1936 sententia
1006 1892 1115 1935 illius
1148 1892 1282 1935 eidem
1318 1892 1664 1948 Congregati0ni;
1709 1889 1767 1933 di-

131 1968 423 2024 spensatioque
460 1967 642 2020 praefata
677 1964 920 2008 conceditur
953 1964 994 2021 a)
1020 1969 1201 2020 utruque
1229 1968 1356 2021 porte
1389 1975 1564 2020 quarum
1602 1964 1771 2004 interest

132 2044 323 2095 requiete,
360 2037 401 2095 b)
438 2037 498 2080 vel
546 2036 759 2080 alterutra
811 2048 977 2079 causam
1028 2034 1220 2083 habente,
1265 2034 1345 2077 etsi
1395 2032 1533 2076 alteru
1580 2045 1674 2089 pars
1715 2031 1771 2074 sit

133 2109 294 2159 invitm
326 2123 419 2152 cum
471 2109 572 2152 11366
605 2110 738 2164 gratia
782 2120 860 2150 non
897 2119 945 2149 ex
982 2108 1208 2162 coniugum
1247 2106 1472 2159 voluntate,
1504 2105 1574 2148 sed
1619 2117 1640 2147 a
1687 2102 1770 2147 Deo

135 2183 387 2224 matrimonii
421 2185 590 2223 auctore
623 2181 674 2222 sit
706 2179 910 2222 derivata.

254 2252 350 2294 530·
389 2253 706 2308 Privilegium
759 2251 1030 2295 Paulinum.
1082 2274 1134 2278 —
1174 2247 1276 2290 Can.
1327 2249 1450 2290 1120,
1504 2245 1768 2304 Legsitimum,

132 2325 228 2380 quia
265 2324 515 2379 proveniens
546 2335 595 2364 ex
630 2325 844 2365 contractu
890 2322 1003 2363 iuxta
1039 2319 1152 2376 leges
1185 2319 1372 2362 divinam
1405 2320 1494 2362 sive
1540 2317 1767 2361 naturalem

132 2397 222 2437 sive
272 2395 490 2450 positivam
541 2397 666 2450 atque
710 2391 876 2435 civilem
916 2390 1052 2433 valide
1102 2392 1217 2444 inito,
1252 2390 1363 2433 iuter
1405 2403 1486 2433 riou
1537 2389 1771 2446 baptizatos

133 2464 462 2511 matrimonium,
501 2478 573 2508 seu
609 2463 822 2507 vinculum
866 2462 1098 2519 coniugale,
1139 2466 1331 2505 manente
1376 2465 1552 2519 utroque
1595 2463 1772 2516 coniuge

133 2538 172 2579 in
207 2535 452 2579 infidelitate
484 2540 545 2578 est
580 2533 866 2578 indissolubile
901 2538 1046 2577 natura
1080 2546 1152 2577 sua
1178 2547 1227 2576 ex
1264 2535 1353 2576 iure
1387 2532 1544 2586 divino,
1569 2534 1692 2576 etiam
1720 2530 1772 2574 ab

131 2605 315 2650 Ecclesia
350 2608 416 2649 cui
451 2619 529 2648 non
564 2605 844 2649 subiiciuntur
878 2603 1067 2647 intideles
1099 2606 1309 2660 coniuges,
1340 2603 1507 2647 demum
1544 2602 1594 2646 ab
1628 2606 1768 2645 aucto·

134 2679 254 2720 ritate
287 2690 454 2735 quoque
487 2676 600 2720 civili
636 2678 748 2719 iuxta
784 2689 897 2732 prop.
934 2675 1128 2718 damnata
1179 2677 1217 2718 in
1250 2674 1418 2732 Syllabo
1455 2674 1510 2717 Pii
1546 2672 1612 2716 tx.
1652 2688 1671 2713 «
1698 2673 1764 2715 67.

134 2748 226 2791 lure
274 2752 446 2791 naturae
497 2747 752 2791 matrimonii
805 2746 1017 2790 vinculum
1068 2759 1146 2789 non
1195 2750 1255 2789 est
1307 2744 1605 2790 indissolubile,
1641 2750 1677 2787 et
1733 2746 1770 2785 in

254 2902 265 2924 ¹
294 2901 396 2936 Sess.
433 2900 567 2935 XXIV
605 2900 651 2935 de
689 2900 941 2935 Saeramento
967 2899 1225 2940 matrimonii,
1259 2910 1344 2934 can.
1374 2899 1408 2935 6.
