1971 3261
80 146 174 182 Can·
199 145 267 179 98?
654 145 736 178 ΤιΤ.
768 145 827 178 VI.
856 165 865 169 -
898 146 951 179 De
982 146 1124 178 Ordine
1634 145 1702 178 439

76 265 200 308 dandi
233 277 413 308 canones
447 265 523 306 iuri
560 263 822 319 praecedenti
869 264 935 319 (eo
978 264 1085 320 quod
1127 266 1206 306 «in
1243 263 1369 306 dubio
1404 277 1499 306 num
1535 263 1700 321 aliquod

75 347 279 378 canonum
317 335 616 390 praescriptum
651 346 745 376 cum
786 335 912 375 veteri
950 335 1037 376 iure
1062 334 1286 390 discrepet,
1311 347 1330 377 a
1361 336 1486 377 veis-ri
1513 336 1600 377 iure
1624 347 1701 376 non

75 410 136 448 est
170 404 493 449 recedendum»
533 416 623 447 can.
657 405 697 458 6,
731 402 793 459 4⁰)
847 404 1010 446 videtur
1060 407 1198 447 innixa
1244 404 1391 447 solutio
1437 407 1473 446 in
1510 404 1703 460 plenariis

75 478 254 519 comitiis
288 474 482 518 Emorum
521 474 684 517 l'atrum
722 473 870 516 Ponte·
904 472 1119 517 Commiss.
1152 475 1201 517 ad
1237 476 1334 517 tlod.
1381 488 1559 518 canones
1591 475 1702 518 auth.

78 546 408 603 interpretandos
457 545 550 588 (lata
578 545 590 567 ¹
625 543 738 588 dubii
779 559 798 584 ((
830 544 893 586 ta.
929 544 1087 593 Utrum,
1138 546 1187 588 ad
1240 560 1424 588 normam
1472 559 1560 589 can.
1605 546 1703 595 987,

76 617 284 673 impeditis
316 616 656 660 adnmnerandus
689 618 739 658 sit
774 617 819 666 is,
853 618 972 658 cuius
1015 621 1128 671 pater
1175 616 1235 659 vet
1275 622 1406 659 mater
1451 622 1607 660 tantum
1644 623 1701 659 cst

75 687 342 742 acatholicus,
389 687 493 730 alter
542 699 690 743 parens
723 685 964 729 catholicus.
1000 685 1061 738 Et,
1101 692 1303 742 quatenus
1346 688 1606 735 atlirmatire,
1641 700 1705 730 an·

74 761 196 802 etiam
232 771 280 801 eo
315 761 352 800 in
387 770 500 811 casu,
534 771 615 814 quo
651 759 959 800 matrimonium
988 759 1160 799 mixtum
1187 758 1291 800 datis
1324 758 1585 801 cautionibus
1609 771 1701 801 cum

75 830 382 886 dispensatione
416 830 454 871 in
490 827 568 872 hoc
606 830 731 872 vetito
765 831 1021 871 contractum
1069 829 1140 870 t'uit
1188 827 1326 884 llesp:
1372 829 1631 872 Attirmative
1666 832 1702 871 in

74 899 266 943 omnibus
289 915 328 941 )).

194 970 291 1015 336.
327 971 399 1017 De
422 972 704 1028 coniugatis
726 984 822 1015 non
847 971 1150 1015 ordinandis.
1170 991 1223 997 —
1242 971 1437 1027 Sequitur
1461 972 1497 1012 in
1523 982 1702 1014 canone:

73 1040 136 1084 2⁰.
182 1040 269 1084 Viri
304 1055 475 1084 morem
507 1043 565 1085 sic
601 1043 765 1097 proprie
802 1039 1030 1083 vocandam
1069 1044 1234 1096 propter
1276 1043 1584 1083 matrimonium
1609 1053 1701 1084 cum

78 1115 166 1156 viro
199 1112 344 1156 saltem
380 1114 628 1169 putativum,
661 1117 699 1155 et
733 1124 949 1170 quousque
985 1111 1093 1154 illius
1138 1111 1348 1155 vinculum
1394 1126 1470 1154 non
1505 1112 1704 1164 solvatur,

77 1183 132 1227 illi
171 1197 267 1227 vere
301 1184 519 1227 dicuntur:
556 1182 765 1226 habentes.
802 1183 929 1238 igitur
964 1187 1124 1225 mortua
1160 1196 1304 1233 uxore,
1344 1182 1608 1239 legitimeque
1641 1197 1702 1226 so-

78 1254 162 1298 luto
198 1257 473 1307 matrimonio,v
512 1254 573 1297 vet
609 1256 698 1297 eius
731 1253 988 1297 invaliditate
1021 1253 1245 1306 declarata,
1271 1253 1369 1296 nibil
1405 1254 1703 1296 ordinationem

79 1327 154 1369 viri
189 1328 277 1369 eius
311 1325 495 1382 impedit.
529 1326 596 1369 Sic
631 1325 778 1368 melius
819 1330 880 1368 est
925 1327 1137 1381 provisum
1183 1337 1306 1381 quam
1347 1327 1384 1367 in
1433 1338 1567 1380 praec.
1604 1327 1704 1374 iure,

74 1397 241 1455 quando
274 1410 322 1440 ex
359 1399 501 1439 uxoris
548 1409 750 1440 consensu
805 1398 868 1438 vir
917 1397 1153 1452 promoveri
1190 1400 1362 1452 poterat,
1397 1395 1472 1439 sub
1505 1396 1704 1439 conditio-

75 1467 197 1511 nibus
231 1481 302 1524 pro
336 1467 579 1511 diversitate
623 1480 795 1510 casuum
840 1480 889 1510 ex
937 1469 1053 1523 praxi
1097 1469 1137 1511 ὀ.
1170 1466 1319 1524 Congr.
1354 1466 1476 1511 (lonc.
1513 1469 1708 1523 interpre-

74 1542 186 1582 tante
220 1551 307 1594 cap.
345 1539 368 1581 ὃ
402 1538 452 1582 de
486 1540 761 1582 conversione
794 1541 1112 1595 coniugatorum
1149 1537 1229 1595 (tit.
1268 1538 1335 1592 3⁶2,
1361 1537 1446 1582 Lib.
1473 1537 1538 1589 lll)
1563 1540 1600 1580 in
1625 1551 1706 1595 quo

75 1612 217 1653 statuit
248 1610 366 1653 Alex.
404 1609 466 1652 tlt.
507 1625 528 1650 «
551 1608 696 1653 Nullus
729 1612 1048 1666 coniugatorum
1082 1614 1143 1653 est
1174 1609 1224 1653 ad
1259 1623 1310 1652 ss.
1345 1609 1510 1652 ordines
1544 1622 1705 1665 promo-

80 1681 252 1736 vendus,
287 1683 363 1724 nisi
398 1680 450 1725 ab
488 1694 618 1724 uxore
662 1683 958 1724 continentiam
1005 1682 1223 1738 profitente
1271 1682 1391 1724 tuerit
1434 1680 1706 1724 absolutus».

76 1751 138 1795 Ad
174 1765 260 1795 rem
297 1753 452 1795 faciunt
486 1764 652 1809 quoque
685 1764 775 1808 cap.
812 1752 835 1795 6
869 1752 1054 1796 eiusdem
1105 1753 1263 1796 Summi
1313 1752 1456 1796 Pontit'.
1500 1764 1547 1795 ac
1585 1750 1706 1794 Tituli

76 1827 115 1866 et
151 1821 311 1879 plenius
346 1822 515 1867 Exn-av.
555 1822 716 1866 loannis
751 1822 860 1866 xxti
907 1825 1029 1867 unica
1072 1823 1146 1866 Tit.
1187 1822 1234 1866 Vl
1284 1822 1386 1866 «De
1423 1828 1516 1865 voto
1549 1827 1587 1865 et
1625 1823 1707 1865 voti

79 1893 427 1950 redemptione»,
461 1896 528 1938 cui
564 1893 738 1937 multum
773 1894 1019 1951 derogatum
1054 1899 1114 1938 est
1149 1897 1186 1937 in
1221 1894 1386 1945 Codice,
1410 1893 1560 1952 quibus
1583 1895 1710 1936 omni-

78 1963 154 2009 bus
188 1969 468 2021 praecesserat
502 1978 593 2022 cap.
627 1966 650 2008 4
686 1965 736 2008 de
771 1965 1028 2021 temporibus
1060 1965 1412 2010 ordinatioimm...
1448 1965 1505 2019 (9,
1530 1964 1561 2017 Ι)
1586 1966 1623 2006 in
1650 1963 1708 2006 ti.⁰

80 2035 147 2080 ubi
182 2035 355 2092 legitur:
392 2049 470 2079 non
505 2041 565 2080 est
598 2037 848 2080 conserenda
884 2036 1089 2080 clericalis
1122 2042 1305 2091 tonsura,
1335 2038 1607 2092 «coniugato,
1633 2037 1706 2078 nisi

81 2106 232 2150 volenti
269 2107 511 2163 religionem
548 2109 716 2162 intrare,
749 2112 818 2151 aut
852 2108 901 2151 ad
937 2122 988 2151 ss.
1025 2108 1192 2151 ordines
1237 2109 1538 2164 promoveri».
1593 2104 1709 2159 Quae

80 2177 200 2221 bodie
234 2180 405 2221 minime
445 2178 669 2223 sufficiunt.

198 2249 296 2292 357.
332 2250 507 2302 Quoad
540 2252 926 2296 ordinandorum
958 2252 1240 2297 libertatem
1267 2256 1377 2294 recte
1402 2254 1539 2293 monet
1562 2249 1599 2293 S.
1626 2248 1706 2292 Leo

80 2319 130 2364 M.
154 2320 193 2363 2;
234 2319 407 2364 «Debet
442 2323 550 2364 enim
576 2334 665 2364 esse
690 2323 886 2364 immunis
919 2321 970 2365 ab
1003 2321 1108 2373 aliis,
1143 2324 1211 2379 qui
1247 2322 1414 2365 divinae
1449 2321 1617 2364 militiae
1650 2326 1707 2363 est

78 2391 384 2447 aggregandus,
420 2397 459 2434 ut
484 2404 505 2435 a
530 2394 675 2435 castris
709 2392 942 2442 dominicis,
976 2392 1127 2451 quibus
1162 2406 1309 2436 nomen
1335 2395 1423 2436 eius
1446 2391 1708 2436 adscribitur.

79 2461 201 2505 nullis
235 2464 491 2506 necessitatis
528 2462 704 2505 vinculis
736 2462 1052 2508 abstrabatur».
1079 2462 1350 2520 Quadruplex
1378 2465 1616 2506 immunitas
1638 2475 1708 2506 seu

80 2531 248 2576 libertas
273 2535 483 2576 invenitur
507 2535 545 2576 in
572 2545 707 2589 praec.
734 2535 823 2577 iure
858 2537 1058 2578 canonico
1092 2548 1180 2578 esse
1206 2537 1438 2578 necessaria
1464 2533 1708 2578 ordinando.

79 2603 257 2647 scilicet:
282 2615 302 2646 a
327 2606 529 2647 servitute
554 2606 718 2661 proprie
742 2605 850 2648 dicta
875 2605 1104 2649 secundum
1141 2605 1322 2648 'l'itulum
1353 2621 1372 2645 ((
1394 2604 1450 2648 De
1474 2606 1606 2647 servis
1630 2617 1707 2646 non

79 2755 189 2789 sibus
216 2756 503 2801 singularibus,
524 2756 587 2791 vel
607 2757 883 2802 irregularitas
902 2769 969 2802 per
986 2758 1165 2792 accidens
1184 2758 1349 2792 finiatur
1366 2758 1483 2791 aliter
1500 2769 1544 2791 ac
1562 2757 1709 2790 dictum

81 2807 156 2843 est,
184 2812 254 2837 aut
281 2814 300 2837 e
326 2804 523 2838 contrario
539 2804 579 2838 in
607 2816 700 2838 casu
718 2816 786 2849 per
803 2804 982 2839 accidens
1001 2805 1181 2839 firmatur
1200 2806 1526 2850 impedimentum
1545 2804 1712 2848 simplex

82 2860 130 2884 ex
157 2849 313 2885 defectu
341 2852 573 2886 cessationis
600 2852 641 2885 in
668 2863 816 2885 canone
842 2853 1084 2897 recognitae.

202 2899 213 2920 ¹
244 2899 286 2932 16
314 2897 400 2932 Oct.
433 2898 534 2933 1919.
563 2898 638 2934 CO.
668 2899 825 2934 X1-478.
854 2919 896 2925 —
923 2900 936 2921 '2
964 2899 1054 2944 Cap.
1084 2902 1114 2936 1,
1144 2899 1246 2934 Dist.
1278 2900 1375 2933 th'.
