1971 3261
236 122 306 157 722
945 126 1151 150 APPENDIX

235 239 393 283 cereis?
428 264 479 268 —
516 237 552 279 ⁶2.
587 236 637 279 Et
669 238 701 278 si
735 238 942 291 negative,
977 237 1128 291 petitur
1161 235 1366 279 indultum
1401 241 1456 279 .ut
1497 235 1575 279 hoc
1609 237 1761 280 tiatex
1796 238 1854 281 di·

233 311 505 366 spensatione.
540 308 664 350 Sacra
698 306 777 350 Rit.
801 305 950 362 Congr.
985 308 1214 362 rescripsit:
1249 305 1451 362 Negative
1482 307 1531 350 ad
1568 311 1856 365 utrumque».
1920 310 1929 358 ’ζ
1960 308 1965 314 ’

353 378 439 421 Hae
461 391 558 420 vero
581 392 604 418 c<
628 377 843 432 liturgicae
868 375 979 432 leges
999 378 1080 418 vim
1100 389 1216 419 suam
1243 379 1434 430 retinent,
1453 389 1502 420 eo
1519 377 1628 434 qnod
1650 379 1687 419 in
1707 376 1858 421 Codice

232 462 426 505 expresse
451 447 569 504 (non)
593 448 857 501 corrigantur
880 462 900 487 ))
931 445 1039 503 (can.
1066 445 1123 503 2).
1149 446 1318 503 Propter
1342 446 1431 490 illas
1458 460 1557 503 ergo
1581 451 1641 490 est
1662 460 1858 492 concessa

233 519 404 563 facultas
441 517 752 574 «permittendi
789 522 845 572 ut,
878 519 981 560 iusta
1020 517 1072 560 de
1114 530 1236 560 causa
1272 517 1538 574 (respiciente
1581 520 1858 562 concessionis
1922 528 1937 567 ζ.

234 590 468 633 huiusmodi
504 602 640 641 usum,
665 593 828 644 praeter
861 587 970 630 illam
995 588 1215 631 diversam
1250 593 1293 630 ut
1326 590 1351 608 ‘⁸
1375 588 1462 630 fieri
1500 591 1623 644 possit
1655 590 1857 644 expositio

232 663 392 716 privata
430 659 491 702 vel
528 658 692 715 publica
717 694 741 712 „
773 658 823 701 ad
860 670 1045 701 normam
1081 670 1171 701 can.
1198 658 1323 712 1274,
1358 657 1385 716 ξ
1420 659 1456 709 l,
1489 663 1613 715 atque
1645 661 1856 702 concessio

231 733 308 773 erit
339 729 512 787 duplex)
547 730 588 787 a')
613 729 774 773 Samum
799 729 1117 771 Sacramentum
1149 741 1242 772 cum
1277 728 1435 771 arcobus
1468 728 1748 771 luminaribus
1779 728 1860 785 (di-'
1928 712 1968 764 ἡ.

230 801 461 858 spensando
496 804 534 843 in
570 802 703 857 primo
724 800 896 843 Decreto
929 798 1018 856 cit.)
1052 799 1093 861 b)
1124 813 1172 842 ex
1208 812 1472 856 quacumque
1504 798 1730 843 substantia
1764 812 1858 843 con-

231 873 345 915 fectis
369 874 510 924 (etiam
537 872 772 927 dispensato
807 872 975 913 forsitan
1004 870 1187 914 secundo
1210 873 1278 913 cit.
1304 869 1440 927 Dec.⁰)
1464 870 1617 928 erponi
1639 870 1856 928 (alterutro

232 944 354 986 modo
389 942 517 999 licite)
553 944 739 998 possit».
776 942 971 984 Putamus
1012 946 1148 984 tamen
1193 954 1272 984 non
1316 941 1482 984 extendi
1527 941 1763 985 facultatem
1803 942 1853 985 ad

228 1016 527 1070 expositionem
573 1017 815 1069 perpetuam
864 1012 925 1054 vel
965 1012 1250 1068 Quadraginta
1285 1011 1508 1066 Horarum,
1540 1014 1572 1055 si
1616 1011 1851 1055 huiusmodi

227 1098 347 1129 casus
381 1087 418 1127 in
455 1085 517 1127 liis
551 1086 768 1127 territoriis
805 1083 988 1133 daretur,
1022 1085 1117 1140 quia
1164 1082 1387 1139 peculiaria
1421 1082 1594 1126 Decreta
1629 1082 1702 1126 has
1735 1096 1857 1139 expo-

225 1159 393 1199 sitiones
425 1156 706 1199 moderantur.

345 1272 398 1308 13.
427 1273 651 1309 Permittendi
681 1277 730 1313 ut,
752 1272 787 1306 in
816 1272 899 1307 locis
925 1271 983 1307 ubi
1009 1271 1121 1306 olivae
1148 1282 1216 1306 non
1244 1271 1488 1314 inveniuntur,
1504 1276 1538 1306 et
1555 1271 1655 1306 nulla
1679 1271 1748 1306 alia
1773 1271 1854 1306 sub-

224 1333 354 1368 stantia
386 1333 429 1368 ad
464 1332 644 1378 lampades
670 1331 876 1366 nutriendas
908 1330 1025 1366 haberi
1054 1335 1180 1376 potest,
1208 1328 1339 1365 Ssrhum
1364 1328 1616 1365 Sacramentum
1641 1330 1747 1365 etiam
1781 1331 1853 1365 sine

225 1391 350 1426 lumine
376 1390 546 1426 asservari
573 1390 679 1436 possit
705 1390 740 1424 in
768 1401 850 1425 casu
876 1395 995 1425 tamen
1022 1400 1122 1425 verae
1148 1389 1365 1425 necessitatis
1383 1393 1416 1424 et
1434 1389 1585 1433 graviter
1605 1393 1748 1424 onerata
1772 1399 1854 1424 con-

224 1451 371 1486 scientia
396 1450 506 1495 ipsius
533 1448 725 1485 Ordinarii.

347 1509 399 1544 14.
426 1508 666 1549 Permittendi,
699 1508 725 1542 si
761 1508 804 1543 ab
839 1508 1023 1543 haereticis
1056 1512 1116 1543 aut
1148 1507 1349 1543 infidelibus
1375 1507 1419 1541 sit
1446 1506 1637 1553 periculum
1665 1506 1850 1551 sacrilegii,

225 1573 262 1603 ut
279 1566 409 1603 Ssmum
435 1566 686 1602 Sacramentum
714 1578 773 1613 pro
799 1566 952 1601 infirmis
976 1567 1048 1601 sine
1074 1566 1201 1601 lumine
1230 1566 1266 1600 in
1294 1566 1366 1601 loco
1392 1571 1508 1601 tamen
1544 1565 1679 1601 decenti
1715 1564 1853 1600 retineri

226 1627 342 1673 possit.

340 1721 401 1764 Ad
438 1734 474 1764 n.
512 1721 564 1763 123
599 1720 738 1764 et-t4.
775 1746 827 1751 ——
861 1719 1034 1776 Utrique
1067 1720 1198 1763 solum
1234 1719 1453 1763 Formulae
1487 1721 1632 1777 tertiae
1673 1721 1853 1762 insertae

221 1796 316 1835 sunt.
364 1791 440 1834 liae
488 1791 595 1834 duae
644 1790 859 1835 facultates
907 1791 1171 1846 dispensandi
1207 1796 1328 1834 can.¹¹⁰
1363 1790 1472 1833 1271
1510 1790 1633 1833 huius
1675 1792 1851 1833 tenoris:

227 1861 416 1906 «Coram
450 1862 733 1916 tabernaculo,
767 1864 805 1904 in
839 1875 920 1919 quo
943 1864 1106 1905 Ssmum
1141 1861 1454 1905 Sacramentum
1494 1866 1747 1917 asservatur,
1772 1873 1851 1903 una

220 1933 363 1976 saltem
399 1933 557 1989 lampas
588 1933 657 1975 diu
690 1938 896 1986 noctuque
918 1935 1178 1976 continenter
1203 1932 1337 1976 luceat
1360 1948 1399 1975 ›).
1423 1930 1688 1975 Conditiones
1711 1936 1848 1974 autem

221 2004 454 2047 facultatem
500 2004 823 2046 determinantes
857 2007 952 2046 sunt
984 2003 1200 2054 diversae3
1235 2016 1407 2059 nempe:
1446 2017 1466 2043 «
1491 2002 1757 2045 Permittendi
1793 2006 1853 2054 nt,

221 2078 260 2128 a)
295 2076 332 2116 in
369 2073 469 2116 locis
517 2072 585 2116 ubi
635 2073 770 2116 olivae
818 2086 896 2115 non
942 2075 1212 2115 inveniuntur
1245 2072 1357 2129 (nam
1395 2072 1552 2128 lampas
1584 2075 1747 2127 esset«
1773 2084 1848 2114 nu-

221 2144 378 2187 trienda
414 2144 503 2186 oleo
537 2143 741 2187 olivarum
781 2143 842 2186 vel
878 2156 972 2186 cera
1006 2156 1128 2199 apum
1156 2158 1179 2183 ›>
1216 2156 1306 2186 can.
1341 2142 1442 2199 cit).
1476 2140 1516 2199 b)
1549 2146 1588 2184 et
1620 2141 1730 2185 nulla
1769 2141 1847 2184 alia

219 2214 444 2258 substantia
484 2214 534 2257 ad
576 2214 788 2270 lampades
833 2214 1073 2257 nutriendas
1105 2216 1243 2266 (cuins
1285 2214 1555 2256 commutatio
1593 2209 1859 2256 «Ordinarii,
1927 2205 1952 2221 ”

220 2285 295 2329 loci
331 2286 575 2341 prudentiae
609 2287 904 2341 permittitur»
942 2297 1032 2329 can.
1065 2284 1154 2342 cit.)
1188 2283 1329 2328 haberi
1370 2288 1514 2340 potest,
1549 2282 1607 2340 (et
1639 2282 1845 2326 obiectum

218 2355 424 2399 facultatis
465 2355 543 2411 est)
578 2355 740 2398 Samum
773 2355 1093 2398 Sacramentum
1134 2358 1256 2399 etiam
1300 2355 1392 2397 sine
1433 2353 1591 2397 lumine
1631 2353 1848 2396 asservari

218 2429 341 2483 possit
378 2425 487 2483 (aliis
519 2439 572 2469 SS.
605 2425 834 2469 canonibus
866 2428 1044 2469 servatis
1079 2439 1118 2469 v.
1151 2439 1212 2482 gr.
1247 2425 1381 2482 quoad
1428 2424 1579 2479 locum,
1613 2436 1660 2466 ac
1697 2422 1845 2466 subne-
1911 2431 1920 2467 ὲ

216 2499 341 2540 ctitur
390 2497 577 2540 limitatio
610 2497 659 2539 ad
695 2496 1013 2552 dispensationis
1063 2496 1318 2539 validitatem
1369 2500 1535 2552 propter
1572 2506 1662 2537 can.
1698 2492 1771 2550 81)
1806 2495 1844 2536 in

215 2580 312 2611 casu
346 2571 482 2610 tamen
520 2579 643 2610 verae
676 2569 933 2610 necessitatis
957 2566 1075 2624 (illud
1096 2556 1363 2623 asservandi)
1386 2570 1425 2609 et
1457 2567 1644 2621 graviter
1676 2569 1843 2608 onerata

215 2639 466 2681 conscientia
516 2639 644 2692 ipsius
691 2634 968 2687 Ordinarii»,
1001 2641 1034 2680 si
1071 2641 1239 2693 propter
1285 2637 1534 2680 conditionis
1581 2635 1756 2678 alicuius
1793 2648 1842 2678 ex

214 2709 336 2752 dictis
354 2708 561 2750 defectum
584 2707 765 2750 invalida
789 2709 841 2750 sit
863 2707 1116 2763 dispensatio
1135 2718 1330 2750 concessa
1351 2707 1402 2750 de
1420 2708 1539 2762 gravi
1564 2707 1678 2748 iuxta
1701 2717 1844 2748 omnes
1908 2747 1911 2754 (

216 2778 412 2822 Doctores
443 2777 533 2833 lege
568 2777 862 2822 ecclesiastica.

333 2848 450 2892 Aliae
474 2848 659 2892 eiusdem
685 2848 890 2891 facultatis
912 2847 1171 2891 conditiones
1194 2849 1232 2890 in
1253 2846 1443 2890 Formula
1467 2846 1696 2889 afferuntur
1720 2844 1841 2887 modo
1947 2874 1951 2877 v
