1971 3261
73 186 167 222 Can.
194 185 264 220 895
589 184 673 218 ΤιΤ.
704 184 772 218 IV.
815 205 825 209 -
854 184 910 219 De
938 187 1178 220 J'oenz'tentia
1630 189 1694 221 261

75 304 120 362 §⁰
153 305 240 359 cit.)
274 304 370 354 nisi,
403 303 480 347 sub
512 303 709 346 alterutra
746 304 980 347 conditione
1014 306 1062 347 ad
1102 305 1354 349 validitatem
1391 309 1618 350 necessaria
1648 307 1696 350 ad

78 387 263 418 normam
299 386 390 417 can.
428 374 523 423 105,
563 373 617 421 1⁰,
654 373 711 418 2⁰.
746 374 815 417 sed
853 388 929 417 una
969 375 1029 417 vel
1069 376 1194 418 altera
1235 377 1429 419 conditio.
1456 383 1494 419 ut
1523 378 1700 428 videtur,

76 443 286 490 Ordinarii
313 444 388 488 loci
409 444 580 488 arbitrio
604 449 662 487 est
690 444 844 494 relicta,
868 445 1088 488 videlicet:
1124 452 1189 489 aut
1215 446 1255 502 a)
1281 461 1325 488 re
1349 447 1388 489 ιή
1409 448 1566 504 simodo
1590 447 1699 491 ‹lior›—

77 530 229 559 cesana
262 515 453 559 (liseussa
489 518 526 558 in
562 529 640 572 qua
676 520 899 572 sequentes
934 518 970 557 in
1012 531 1114 568 (fair,
1141 531 1261 574 quem
1288 524 1630 569 commentamur,
1664 524 1699 562 et

76 588 143 631 alii
177 587 226 630 ad
262 586 472 642 Synodum
503 585 691 637 vocandi,
717 599 763 629 ac
788 589 1084 629 convenientes
1124 604 1140 625 ι(
1171 593 1307 630 votum
1334 589 1610 632 consultivum
1639 589 1703 631 lia-

78 659 174 702 bent
196 674 217 698 ))
255 657 362 715 (can.
389 656 505 714 362),
543 656 584 713 b)
613 656 672 699 rel
706 662 827 699 aro-a
854 657 1077 714 Synodion,
1099 661 1171 699 etsi
1198 659 1444 702 celebranda
1477 662 1700 714 immineat,

76 731 268 787 quamvis
312 733 408 771 tunc
455 728 740 784 praecedentis
787 727 1035 770 conditionis
1083 728 1346 773 observantia
1390 736 1493 773 esset
1531 730 1702 786 praeeli-

76 800 227 858 genda,
262 802 335 843 nisi
371 799 551 843 obstaret
584 810 722 851 cansa,
757 798 917 840 aecalz'tis
952 803 1047 841 tunc
1078 799 1118 854 a)
1158 799 1351 856 (tomulo
1375 800 1612 843 ‹ultimo-ali
1647 801 1699 844 lc-

76 873 218 928 gitime
241 875 470 915 convocato
494 870 544 913 ad
566 882 753 912 normam
778 882 868 913 can.
894 869 991 922 411,
1016 872 1067 923 §5⁴
1097 871 1129 918 1,
1167 871 1202 917 2,
1241 870 1281 927 b)
1306 877 1344 913 e!
1367 871 1528 929 aliquot
1561 886 1702 915 secun-

76 943 175 986 dum
208 940 420 987 Ordinarii
455 940 672 985 arbitrium
698 940 832 997 quoad
860 953 1078 983 numerum
1105 940 1192 997 (sed
1223 942 1385 984 videtur
1410 956 1486 984 non
1512 944 1701 986 sullicere

75 1014 393 1073 applicationem
421 1012 589 1068 regulae
615 1013 714 1054 iuris
738 1011 792 1054 40
819 1013 856 1053 in
883 1010 939 1053 6⁰.
981 1027 999 1051 «
1027 1011 1199 1054 l'luralis
1239 1012 1402 1061 locutio,
1426 1013 1601 1055 duorum
1629 1026 1701 1055 nu-

79 1099 190 1129 mero
225 1089 283 1128 est
318 1088 508 1127 contenta
535 1086 588 1136 »),
623 1095 716 1125 cum
763 1081 894 1124 tribus
937 1081 1206 1138 sequentibus
1251 1082 1543 1139 qualitatibus:
1579 1083 1619 1138 a)
1654 1097 1703 1125 (πι-

72 1154 436 1215 prmientioribus,
473 1158 613 1210 utpote
647 1154 698 1197 de
732 1166 774 1196 re
807 1152 1014 1209 agendum
1051 1166 1144 1195 cum
1188 1166 1333 1209 magna
1366 1154 1578 1209 prudentia
1607 1168 1702 1209 pon-

79 1227 261 1270 deranda
295 1226 347 1270 ob
379 1225 568 1282 sequelas
602 1227 640 1266 in
675 1223 893 1267 animabus
938 1223 1185 1276 reconditas,
1230 1223 1266 1272 bt
1302 1238 1350 1266 ae
1379 1224 1703 1281 proluitim-ibas,

76 1300 145 1356 qui
179 1299 325 1354 spiritu
362 1296 433 1340 Dei
469 1309 547 1339 non
584 1295 764 1339 humano
788 1299 965 1351 agantur
990 1297 1027 1337 in
1056 1309 1097 1337 re
1118 1296 1192 1337 fori
1219 1297 1509 1342 eonscientiae,
1545 1297 1582 1352 e)
1605 1309 1706 1337 sime

76 1369 278 1414 dioecesis
301 1369 542 1411 animarwn
565 1366 844 1422 curatoribus,
864 1368 932 1423 qui
958 1380 1006 1409 ex
1033 1367 1168 1409 otlicio
1192 1371 1413 1409 censentur
1439 1366 1584 1409 melius
1609 1379 1704 1422 prae

75 1441 167 1484 aliis
198 1453 450 1497 cognoscere
483 1452 531 1483 ac
556 1439 764 1482 testificari
793 1451 909 1494 posse
934 1438 984 1480 de
1010 1437 1132 1480 liuius
1165 1438 1344 1481 etlicacis
1379 1437 1548 1481 remedii
1576 1450 1704 1480 reser-

80 1514 255 1555 vationis
278 1514 521 1555 necessitate
560 1524 632 1567 pro
666 1509 896 1563 animabus,
930 1522 1001 1565 per
1034 1522 1156 1565 quani
1177 1509 1416 1552 alterutram
1453 1509 1703 1552 declaratam

76 1583 355 1627 conditionem
379 1583 420 1639 a)
443 1596 539 1624 vera
573 1580 872 1624 reservationis
896 1580 1137 1632 necessitas,
1169 1594 1262 1623 cum
1290 1580 1389 1623 llaec
1415 1581 1707 1623 reservationis

78 1657 314 1699 constitutio
354 1669 373 1695 ((
398 1656 435 1696 in
470 1654 817 1707 aedilicationem,
856 1665 934 1695 non
976 1654 1014 1694 in
1040 1651 1363 1694 destructionem
1390 1651 1508 1693 liceat
1538 1668 1551 1688 »
1595 1652 1705 1693 iuxta

78 1726 201 1771 Conc.
236 1725 345 1769 Trid.
381 1727 418 1768 iu
454 1724 570 1769 Dec0.
606 1723 824 1768 doctrinali
852 1724 880 1776 ¹,
916 1723 955 1768 b‘t
991 1728 1063 1765 aas
1087 1722 1230 1765 saltem
1255 1720 1705 1778 utililascomprobata

78 1796 224 1855 sileris.
261 1796 464 1840 Iudicium
508 1800 645 1839 autem
691 1794 811 1838 liuius
855 1793 1206 1851 comprobationis
1245 1799 1303 1836 est
1339 1806 1462 1849 penes
1495 1790 1707 1836 Ordinaiii

82 1868 157 1911 loci
192 1869 504 1917 conscientiam,
540 1871 582 1910 ut
616 1866 726 1909 licite
760 1870 955 1922 operetur
989 1868 1099 1908 iuxta
1137 1865 1245 1907 liune
1269 1877 1484 1913 canonem,
1519 1865 1568 1905 ita
1607 1866 1645 1905 ut
1675 1863 1706 1903 si

81 1939 292 1983 moraliter
315 1939 518 1982 iudicaret
541 1937 653 1982 illam
678 1938 858 1981 delicere
881 1936 1279 1992 comprobationem,
1305 1935 1621 1991 prohibitionem
1647 1946 1709 1975 ca-

81 2013 200 2054 nonis
237 2014 449 2067 «peccata
485 2023 534 2052 ne
569 2012 796 2062 reservent,
832 2010 950 2050 nisi...
978 2023 997 2047 »
1047 2006 1406 2062 transgrederetur
1452 2018 1522 2061 per
1567 2006 1706 2046 talium

83 2085 346 2138 peccatorum
397 2082 738 2133 reservationem,
788 2079 889 2122 haec
939 2083 1073 2121 tamen
1127 2079 1352 2120 reservatio
1401 2078 1571 2131 vigeret,
1612 2077 1707 2131 quia

83 2152 318 2196 huiusmodi
359 2157 540 2195 «actum
575 2164 664 2195 esse
697 2150 898 2194 nullum...
935 2162 1130 2206 expresse
1168 2148 1230 2191 vel
1277 2146 1590 2204 aequivalenter
1629 2159 1707 2188 non

81 2226 318 2267 statuitur»
357 2222 465 2280 (can.
502 2222 589 2279 11),
625 2235 700 2266 nec
734 2222 772 2265 id
808 2221 956 2265 deduci
995 2224 1121 2276 potest
1157 2233 1204 2262 ex
1240 2218 1539 2262 consultatione
1563 2217 1611 2260 ad
1641 2229 1709 2259 va-

83 2295 283 2338 liditatem
333 2296 579 2347 necessaria,
614 2295 710 2351 quia
745 2307 795 2336 ex
830 2304 918 2336 can.
960 2292 1053 2343 1025,
1094 2290 1146 2345 1⁰,
1181 2291 1377 2346 Superior
1415 2287 1568 2331 «nulla
1608 2286 1708 2330 obli-

18 2405 24 2410 .
82 2368 247 2423 gatione
281 2370 443 2409 tenetur
476 2365 526 2409 ad
560 2378 704 2408 eorum
753 2369 892 2407 votum
938 2365 1234 2416 etsieoncors,
1268 2359 1570 2412 accedendi»,
1605 2363 1642 2401 et
1677 2360 1707 2399 si

83 2437 319 2481 diceremus
352 2438 676 2480 reservationem
721 2440 865 2479 contra
913 2438 1050 2476 votum
1087 2432 1262 2476 aliorum
1298 2436 1489 2474 statutam
1530 2442 1616 2472 esse
1652 2431 1708 2471 in-

87 2507 282 2560 validam,
345 2520 675 2564 supponeremus
708 2506 817 2564 quod
857 2518 1000 2548 eorum
1041 2520 1060 2543 ((
1084 2516 1310 2547 consensus
1333 2504 1581 2558 exigatur»,
1619 2512 1709 2541 nam

85 2584 182 2622 tunc
221 2593 241 2619 «
263 2580 454 2634 superior
485 2583 627 2622 contra
662 2576 904 2620 eorumdem
944 2580 1083 2617 votum
1121 2573 1304 2617 invalide
1338 2574 1421 2628 agit
1445 2588 1489 2624 »ς
1524 2571 1593 2613 sed
1622 2570 1712 2612 talis

85 2662 310 2693 consensus
344 2651 381 2692 in
416 2661 574 2693 canone
609 2661 687 2691 non
721 2649 915 2703 exigitur.

203 2741 285 2778 223.
315 2745 512 2779 Potestas
539 2744 792 2778 reservandi
829 2743 1007 2784 peccata
1043 2741 1085 2773 in
1119 2739 1331 2781 religione
1368 2737 1555 2772 clericali
1576 2745 1713 2769 exem-

85 2805 176 2845 pta·
203 2822 244 2827 -
277 2816 292 2834 «
313 2800 564 2838 Sanctissimus
604 2800 806 2836 Dominus»
839 2798 1001 2834 Clemens
1043 2796 1111 2831 Ylll
1141 2797 1175 2831 in
1212 2795 1330 2832 Const.
1374 2795 1441 2829 illis
1481 2794 1592 2829 verbis
1629 2793 1712 2827 inci-

206 2945 216 2966 1
245 2944 336 2989 Cap.
362 2944 396 2987 7,
426 2955 516 2978 sess.
547 2942 646 2977 XIV.
