1971 3261
147 135 236 171 Can.
264 135 332 170 :46
719 134 801 168 ΤΙΤ.
828 134 858 168 Ι.
883 154 893 159 -
921 133 977 168 De
1004 135 1210 178 Baptismo
1735 132 1778 166 3?

148 258 347 299 rationem
383 255 501 298 affert
533 256 795 312 sequentium
839 255 1010 297 canonis
1054 254 1427 309 praescriptionum
1463 265 1512 295 ex
1548 251 1625 295 Rit.
1661 251 1777 296 Rom.

146 326 240 382 (ioc.
276 327 384 382 cit.):
415 325 714 382 «expectanda
747 329 808 368 est
840 324 976 367 totalis
1008 325 1191 380 egressio
1227 325 1342 379 pueri
1382 336 1431 366 ex
1473 327 1589 366 utero
1622 323 1673 366 ad
1711 322 1778 366 ba—

147 399 358 454 ptismum,
382 398 457 440 nisi
495 409 605 439 mors
638 397 866 439 immineat.
891 396 930 438 Si
966 399 1103 437 tamen
1139 396 1272 450 primo
1306 399 1429 450 caput
1462 394 1716 450 egrediatur,
1740 395 1778 436 in

145 481 226 525 quo
260 468 484 511 tundantur
517 479 660 510 omnes
692 479 850 520 sensuS,
884 464 1008 509 debet
1048 464 1259 521 baptizari,
1296 464 1479 521 periculo
1524 466 1778 512 imminente,

145 544 184 582 et
217 552 295 581 non
330 543 390 582 est
423 543 562 594 postea
598 536 931 593 rebaptizandus,
953 538 985 579 si
1011 549 1104 579 eum
1133 536 1315 592 perfecte
1350 537 1461 579 nasci
1497 537 1717 591 contigerit
1740 551 1779 580 ›>.

145 610 326 666 idipsum
362 611 548 653 enuntiat
580 611 604 662 ἓ
629 608 665 651 2.
692 608 738 651 Si
761 606 908 665 infans
947 608 986 663 a)
1010 612 1135 665 eaput
1174 606 1377 661 emiserit,
1402 612 1441 649 et
1481 606 1523 663 b)
1544 606 1777 664 periculum

146 681 292 724 mortis
324 680 555 730 inmineat,
579 679 815 738 baptizetur
848 679 891 722 in
926 679 1173 736 eapite,non
1200 680 1238 720 in
1264 677 1342 721 alia
1369 683 1483 734 parte
1516 690 1622 735 quae
1655 680 1777 721 etiam

143 758 364 810 appareat,
398 751 551 809 illoque
587 751 789 808 baptismo
823 751 934 803 dato,
965 752 1174 808 sequitur:
1214 764 1287 793 uec
1307 755 1469 807 postea,
1493 749 1530 792 si
1553 749 1669 792 vivus
1692 763 1782 791 eva-

142 824 260 880 serit,
293 829 354 866 est
387 823 538 866 iterum
574 821 646 865 sub
679 821 919 865 conditione
951 820 1242 879 baptizandus,

261 894 351 938 Alia
388 908 482 950 pars
514 894 792 937 disiunctivae
825 893 1113 937 consideratur
1146 895 1184 935 in
1207 892 1236 950 ἓ
1261 892 1298 935 3.
1324 892 1370 935 Si
1401 890 1522 934 aliud
1554 890 1779 934 membrum

142 965 330 1010 emiserit
367 979 402 1008 ν.
438 980 498 1021 gr.
536 965 766 1016 brachium,
802 976 984 1019 manum,
1010 963 1050 1021 a)
1085 963 1129 1006 iu
1162 963 1252 1018 uto,
1287 963 1583 1020 quodcumque
1616 965 1668 1005 sit
1700 975 1777 1005 non

143 1040 280 1092 reiert,
314 1037 352 1080 si
382 1036 618 1094 perieulum
651 1036 883 1089 immineat,
919 1035 1155 1093 baptizetur
1187 1034 1260 1078 sub
1297 1034 1565 1081 comitiana·
1598 1036 1630 1077 si
1666 1038 1780 1090 potes

145 1108 354 1165 baptizari,
393 1107 454 1151 vei
497 1106 620 1150 simili
654 1120 703 1149 ex
740 1106 817 1150 hoc
860 1105 970 1163 quod
1015 1107 1226 1162 sequitur:
1271 1110 1315 1147 at
1350 1110 1458 1157 tuuc,
1493 1105 1531 1147 si
1562 1110 1689 1147 uatus
1725 1103 1779 1147 ri-

141 1179 270 1230 Jrerit,
304 1192 326 1221 e
359 1183 500 1221 contra
535 1190 583 1221 ac
619 1180 655 1220 in
691 1177 955 1234 praecedenti
991 1175 1267 1232 paragrapho,
1303 1180 1364 1218 est
1396 1188 1547 1217 rursus
1579 1174 1651 1218 sub
1685 1188 1779 1218 con-

141 1248 303 1292 ditione
319 1247 610 1306 baptizandus.
628 1247 862 1292 Concordat
879 1247 977 1290 huic
998 1248 1313 1303 praescriptioni
1334 1245 1382 1289 D.
1401 1245 1596 1300 Thomas,
1613 1246 1780 1304 quando

141 1323 179 1362 in
205 1324 319 1362 textu
345 1318 489 1362 ultimo
513 1320 637 1362 citato
663 1320 948 1375 prosequitur:
981 1332 1000 1357 c(
1023 1316 1073 1360 Et
1100 1317 1265 1360 videtur
1290 1317 1398 1360 idem
1426 1317 1659 1360 faciendum
1682 1319 1723 1373 igi.
1744 1330 1778 1359 e.

141 1389 467 1447 baptizandum),
492 1402 784 1447 quaecumque
807 1388 887 1432 alia
912 1401 1006 1445 pars
1029 1388 1273 1445 egrediatur
1310 1388 1493 1445 periculo
1523 1390 1777 1432 imminente.

140 1460 245 1515 Quia
279 1465 416 1504 tamen
452 1463 490 1503 in
525 1460 638 1503 nulla
671 1462 927 1504 exteriorum
974 1461 1151 1516 partium
1201 1461 1417 1516 integritas
1454 1461 1562 1502 vitae
1597 1461 1651 1502 ita
1684 1472 1778 1502 con-

139 1534 245 1576 sistit
266 1534 374 1576 sicut
398 1534 437 1575 in
462 1534 611 1588 capite,
638 1532 802 1575 videtur
834 1530 1085 1589 quibusdam
1122 1530 1232 1588 quod
1269 1536 1437 1587 propter
1469 1529 1658 1581 dubium,
1684 1542 1782 1588 qua-

138 1616 319 1661 cumque
351 1603 431 1646 aiia
467 1607 581 1659 parte
614 1604 801 1659 corporis
832 1601 987 1654 abluta,
1014 1615 1118 1658 puer
1152 1606 1242 1658 post
1268 1602 1492 1658 perfectam
1518 1603 1778 1644 nativitatem

137 1678 188 1718 sit
223 1674 493 1731 baptizandus
538 1673 614 1717 sub
663 1673 740 1717 hac
791 1675 944 1717 torma:
980 1673 1019 1716 Si
1055 1686 1134 1715 non
1170 1686 1214 1716 es
1249 1672 1489 1729 baptizatus.v
1524 1686 1601 1729 ego
1640 1678 1677 1716 te
1711 1671 1779 1716 ba-

140 1748 287 1802 ptizo...
312 1761 351 1787 ».
387 1744 446 1788 De
479 1757 560 1802 qua
594 1747 633 1788 in
668 1746 749 1788 tine
782 1747 953 1788 canonis
988 1744 1145 1802 loquar.

259 1817 334 1860 Pro
370 1816 578 1860 nonnullis
611 1816 777 1860 casibus
809 1815 1002 1859 oblivisci
1038 1829 1118 1858 non
1153 1815 1277 1859 debet
1312 1817 1524 1872 responsio
1560 1814 1604 1857 D.
1633 1814 1778 1857 Tbom.

137 1888 206 1945 (ad
243 1889 295 1931 3¹¹³
330 1888 405 1932 ioc.
441 1887 554 1945 cit.):
592 1903 613 1929 ((
638 1901 717 1930 non
752 1893 847 1930 sunt
882 1887 1071 1931 facienda
1107 1886 1230 1941 maia,
1266 1892 1309 1929 ut
1342 1888 1538 1930 eveniant
1583 1885 1703 1939 bona,
1738 1891 1779 1928 ut

137 1960 290 2003 dicitur
313 1959 449 2016 (Rom.
474 1958 540 2011 111,
565 1957 632 2016 8):
667 1964 707 2002 et
741 1958 833 2002 ideo
868 1971 945 2001 non
981 1957 1105 2001 debet
1136 1957 1260 2001 homo
1295 1957 1487 2001 occidere
1520 1961 1712 2009 matrem,
1737 1960 1780 1999 ut

138 2029 315 2087 baptizet
348 2043 538 2087 puerum.
573 2030 613 2074 Si
648 2035 785 2073 tamen
822 2033 954 2073 mater
1004 2033 1164 2072 mortua
1217 2030 1338 2072 tuerit
1390 2030 1557 2072 vivente
1592 2027 1704 2085 prole
1740 2029 1777 2069 in

137 2106 268 2156 utero,
292 2101 416 2146 debet
446 2103 615 2158 aperiri,
639 2105 682 2144 ut
716 2114 818 2158 puer
852 2099 1082 2154 baptizetur
1106 2115 1147 2144 2).
1165 2099 1215 2143 Et
1238 2100 1334 2144 huic
1357 2101 1572 2144 doctrinae
1606 2111 1780 2143 concors

137 2178 197 2217 est
230 2176 255 2228 g
289 2173 326 2216 4.
362 2173 409 2216 St
441 2178 578 2216 mater
617 2186 861 2230 praequam
904 2177 1072 2215 mortua
1117 2170 1264 2229 suerit,
1298 2174 1388 2215 sive
1422 2173 1633 2227 inopinato
1665 2183 1778 2222 casu,

135 2246 224 2288 sive
257 2258 306 2288 ex
342 2245 596 2300 infirmitate,
629 2250 707 2288 etc.
741 2242 854 2300 fetus
888 2242 937 2286 ab
974 2243 1029 2285 iis
1062 2242 1118 2286 ad
1151 2256 1253 2301 quos
1290 2248 1452 2300 spectat
1494 2243 1616 2285 etiam
1664 2244 1775 2284 iuxta

136 2315 248 2372 leges
280 2315 440 2371 civiles,
475 2327 581 2373 quae
617 2317 655 2358 in
690 2314 768 2358 hoc
801 2319 896 2358 sunt
936 2313 1240 2370 observandae,
1275 2314 1549 2371 deferuntque
1595 2314 1778 2355 fortassis

135 2400 286 2430 munus
318 2386 368 2430 ad
403 2386 624 2443 chirurgos
656 2399 728 2429 seu
763 2388 932 2442 peritos,
966 2385 1018 2429 ab
1052 2384 1116 2428 his
1149 2398 1249 2442 ergo
1283 2390 1517 2438 eoetractus,
1537 2387 1575 2438 a)
1595 2383 1633 2426 si
1665 2388 1776 2425 certo

137 2457 262 2511 vivat,
296 2457 532 2516 baptizetur
563 2456 765 2509 absolute,
790 2456 828 2509 b)
852 2456 889 2498 si
923 2455 1060 2507 dubie,
1095 2470 1144 2499 ex
1179 2469 1444 2513 quacumque
1480 2454 1682 2512 probabili
1720 2466 1779 2497 ra-

131 2530 255 2574 tione.
282 2527 509 2585 baptizetur
530 2527 603 2571 sub
626 2527 891 2577 conditione;
917 2541 937 2570 a
962 2540 1045 2584 quo
1068 2527 1362 2571 abstinendum
1389 2530 1427 2570 in
1458 2526 1602 2570 morali
1632 2527 1776 2568 mortis

138 2599 388 2643 certitudine
420 2600 527 2655 (can.
563 2599 663 2653 745,
697 2601 722 2652 ἓ
757 2599 809 2655 1).

253 2668 428 2713 Demum
461 2669 718 2713 decisionem
751 2669 791 2713 S.
826 2668 869 2712 C.
903 2668 946 2713 C.
983 2669 1152 2712 relatam
1187 2668 1265 2712 sub
1297 2669 1325 2726 ξ
1360 2669 1404 2711 1¹³
1439 2668 1598 2712 meliori
1644 2668 1775 2710 forma

132 2745 171 2782 et
203 2740 453 2796 generaliori
488 2739 727 2784 transcribit
757 2740 785 2798 ἓ
819 2741 857 2784 5.
893 2737 1032 2796 Fetus,
1070 2739 1109 2782 in
1147 2745 1266 2782 utero
1301 2739 1663 2797 baptizatus,sive
1697 2736 1773 2779 iili-

134 2812 214 2854 cite
247 2815 390 2854 contra
421 2810 450 2868 ξ
482 2811 537 2853 1’“
569 2813 659 2854 sive
693 2810 804 2854 licite
836 2810 1066 2854 secundum
1103 2810 1296 2853 eumdem
1332 2823 1455 2866 supra
1495 2808 1773 2862 declaratum,
