1971 3261
137 122 231 158 Gan.
260 121 463 157 1141-1142
640 123 725 157 Trr.
754 123 841 158 V11.
875 145 887 149 -
918 124 975 159 De
1003 126 1263 160 Matrimonia

886 181 922 190 -Α-
1379 188 1399 191 ,-
1592 190 1662 193 ,H-st.

1702 127 1774 162 703

139 241 273 278 ceditur
297 252 436 288 quoque
460 251 499 276 eo
527 241 601 287 ipso
628 242 832 287 legitimatio
861 243 978 289 prolis,
1007 243 1107 289 (quin
1136 255 1223 290 opus
1249 245 1294 279 sit
1330 244 1395 282 boc
1421 246 1625 292 exprimere,
1652 258 1773 292 quam-

139 301 191 336 vis
216 301 401 336 conveniat
428 300 579 346 idipsum
610 302 803 345 nuntiare),
829 303 855 336 si
884 314 953 348 qua
978 313 1016 338 ex
1047 303 1088 337 iis
1103 315 1181 338 cum
1215 303 1343 349 quibus
1361 304 1584 351 dispensatur
1612 307 1678 348 (vel
1695 318 1778 352 quo—

138 371 216 395 rum
253 359 517 395 matrimonium
554 364 699 394 sanatur
735 360 768 394 in
805 361 934 402 radice)
971 362 1038 397 iam
1075 367 1156 398 nata
1185 362 1235 398 vel
1265 363 1418 408 (saltem)
1454 370 1621 410 concepta
1657 365 1770 412 suerit,

139 421 331 463 (momento
369 417 627 453 alteriusutrius
665 418 966 464 dispensationis),
1008 425 1149 467 excepta
1188 426 1305 456 tamen
1350 422 1549 458 adulterina
1592 426 1774 470 (concepta

138 487 266 524 nempe
291 477 374 512 dum
402 476 531 521 vigeret
561 477 704 512 alterius
722 488 761 512 ex
781 478 993 524 dispensatis
1027 480 1291 515 matrimonium
1319 491 1398 515 cum
1430 482 1529 516 tertia
1552 484 1712 528 persona)
1739 488 1772 519 et.

137 536 305 579 sacrilega
332 536 379 581 (v.
408 546 458 579 gr.
488 536 523 570 in
551 535 815 582 dispensatione
843 537 1083 583 impedimenti
1112 539 1245 574 ordinis
1271 539 1570 584 subdiaconatus).

255 593 443 629 Pecuiiaris
469 598 520 628 est
547 599 696 640 quatuor
734 594 975 631 Formularum
1018 597 1185 632 facultas:
1218 611 1232 629 «
1252 598 1398 632 sanandi
1432 600 1560 645 pariter
1596 600 1630 634 in
1660 600 1772 635 radice

135 652 353 688 matrimonia
378 652 485 687 vrit-ta
514 656 618 698 (quae
645 653 707 689 hac
735 655 776 689 de
802 665 907 690 causa
932 661 1048 690 essent
1075 661 1211 691 tantum
1239 657 1375 698 illicita,
1397 658 1454 693 sed
1476 658 1615 693 fuerunt
1634 659 1676 693 ob
1697 671 1767 694 non

135 715 306 747 servatam
336 712 551 747 matrimonii
582 712 727 747 formam
757 712 914 755 nulliter)
940 718 1111 749 attentata
1137 718 1172 758 (i)
1191 726 1304 749 coram
1327 715 1531 760 magistratu
1550 717 1642 752 civili
1670 717 1700 760 b)
1718 718 1768 753 vel

136 770 298 806 ministro
323 770 569 806 acatholico».
598 770 664 806 Sed
694 771 728 806 in
757 771 820 807 hac
847 773 1072 808 concedenda
1098 773 1293 814 sanatione,
1323 774 1349 808 si
1384 779 1511 820 perstat
1539 776 1769 821 impedimen-

134 835 209 865 tum
238 831 364 865 mixtae
390 830 582 875 religionis,
612 830 669 865 fiat
699 831 835 876 praevie
865 832 1046 867 «servatis
1072 833 1332 868 conditionibus
1358 834 1401 869 ab
1430 834 1580 870 Ecclesia
1608 835 1773 881 praescri-

135 889 202 935 ptis
222 904 237 921 »
270 889 363 924 iuxta
388 889 656 935 explicationem
687 890 720 924 in
750 889 918 925 Formulis
944 891 1009 926 sub
1037 892 1156 926 num.⁰
1186 892 1402 937 praecedenti
1424 893 1518 928 bunc
1535 894 1592 929 sed
1615 905 1681 929 nou
1704 895 1766 928 im-

135 947 296 982 mediate.
327 947 624 992 lm0*contingere
650 952 756 994 potest
788 953 824 982 ut
852 960 931 994 pars
956 949 1126 985 catholica
1153 950 1197 984 sit
1214 950 1258 985 ab
1276 951 1637 987 excommunicatione
1655 953 1767 989 absol-

135 1006 243 1042 venda
273 1011 410 1052 propter
434 1018 513 1041 can⁴
543 1006 647 1048 2319,
676 1011 695 1049 ξ
727 1008 774 1048 10,
804 1019 840 1042 n.
874 1008 909 1042 1Ο
938 1008 970 1042 in
1001 1008 1101 1044 Libro
1131 1008 1155 1044 V
1182 1009 1445 1046 declarandum.

253 1064 407 1111 Denique
433 1077 555 1101 omnes
582 1066 646 1101 hae
674 1066 854 1102 facultates
883 1071 999 1113 utpote
1024 1068 1189 1103 asterisco
1216 1074 1355 1104 notatae
1373 1069 1407 1103 in
1429 1070 1594 1105 omnibus
1611 1071 1771 1117 quinque

135 1122 304 1159 For-mulis
328 1134 367 1159 ea
394 1123 467 1169 lege
493 1125 744 1165 conceduntur,
777 1131 852 1160 ut...
884 1126 1102 1171 subdelegari
1132 1128 1318 1173 possint».
1349 1128 1630 1169 (Animadversio
1656 1131 1696 1164 lu.

817 1266 973 1303 CAPUT.
1001 1267 1072 1303 xit.

725 1345 777 1379 De
803 1345 981 1379 secundis
1008 1345 1170 1389 nuptiis.

177 1440 260 1477 cix.
291 1440 391 1477 1142.
420 1464 436 1468 -
460 1442 550 1478 Licet
568 1447 663 1479 casta
682 1443 832 1478 viduitas
850 1444 909 1480 bo·
1031 1443 1113 1481 CAN.
1147 1444 1246 1481 1143.
1279 1467 1294 1472 -
1323 1446 1448 1483 Mulier
1480 1448 1534 1483 cui
1570 1450 1674 1485 semel
1708 1451 1764 1485 be—

129 1489 320 1524 notabilior
345 1491 403 1533 sit,
431 1491 605 1525 secundae
631 1496 747 1526 tamen
776 1497 808 1526 et
827 1492 910 1527 ulte·
983 1493 1134 1528 nedictio
1168 1493 1349 1529 sollemnis
1382 1495 1462 1530 data
1493 1496 1549 1537 sit,
1580 1498 1698 1542 nequit
1727 1499 1761 1532 in

128 1536 235 1572 riores
269 1537 413 1584 nuptiae
448 1538 582 1573 validae
610 1543 643 1573 et
671 1538 783 1574 licitae
810 1545 905 1581 sunt,
982 1540 1277 1586 subsequentibus
1305 1542 1438 1588 nuptiis
1463 1554 1539 1578 eam
1568 1544 1691 1579 iterum
1712 1557 1768 1580 ac-

129 1583 229 1619 firmo
256 1585 467 1632 praescripto
493 1597 570 1621 can.
604 1584 703 1627 1069,
731 1590 750 1628 ξ
777 1586 809 1622 ’2.
982 1588 1108 1629 cipere.

248 1681 346 1724 557.
380 1683 636 1738 Inscriptio
661 1684 849 1739 Capitis
867 1684 1072 1741 eiusque
1092 1698 1324 1731 canones.
1343 1712 1395 1715 —
1416 1685 1613 1730 Ultimum
1640 1687 1764 1732 huius

128 1750 233 1793 tituli
274 1766 293 1791 (t
317 1751 369 1794 de
404 1754 668 1795 matrimonio
697 1769 712 1789 »
757 1751 892 1810 Caput
926 1751 1009 1796 XII
1030 1760 1215 1798 remanet
1239 1755 1549 1812 explicandum,
1574 1759 1682 1815 quod
1708 1762 1758 1802 si-

127 1825 194 1864 cut
228 1825 267 1864 et
302 1826 533 1876 postremus
567 1821 675 1866 Libri
722 1822 771 1865 lV
812 1823 1091 1867 Decretalium
1133 1826 1288 1876 titulus,
1323 1831 1384 1870 est
1423 1830 1664 1885 inscriptum
1705 1829 1763 1873 De

125 1890 320 1934 secundis
355 1897 522 1949 propter
555 1893 852 1949 praecedentes
886 1897 966 1937 iam
1000 1895 1156 1939 solutas
1194 1899 1384 1953 coniugis
1419 1901 1582 1955 proprie
1614 1913 1757 1957 super-

125 1963 247 2014 stitis,
279 1963 456 2020 mcptiis,
498 1977 603 2020 quae
652 1965 925 2008 «secundum
973 1969 1181 2023 propriam
1230 1967 1451 2011 verborum
1495 1972 1760 2026 significatio-

126 2046 217 2076 nem
246 2049 264 2074 »
304 2033 414 2091 (can.
454 2034 523 2092 18)
556 2040 651 2078 sunt
684 2036 1001 2080 matrimonialis
1033 2043 1271 2082 contractus
1304 2040 1495 2096 equidem
1535 2043 1757 2097 secundus,

123 2105 192 2148 sed
221 2104 437 2149 ulteriores
461 2119 626 2164 quoque
651 2108 688 2149 in
714 2109 802 2150 eius
825 2107 988 2151 (luobus
1011 2108 1240 2153 canonibus
1263 2111 1592 2166 considerantur,
1617 2126 1759 2171 quam-

126 2177 188 2218 vis
216 2189 268 2219 eo
300 2177 410 2233 quod
447 2190 539 2220 raro
575 2180 782 2232 eveniant,
818 2182 928 2221 recte
960 2179 1037 2222 sub
1062 2181 1329 2236 inscriptione
1353 2195 1431 2225 non
1460 2189 1751 2229 memorantur.

122 2244 219 2290 Can.
256 2247 368 2290 1142
405 2250 513 2304 ipsas
546 2250 710 2304 nuptias
745 2244 926 2305 respicit,
961 2249 1065 2293 alter
1102 2264 1199 2294 vero
1232 2264 1317 2296 can.
1361 2253 1471 2296 1143
1510 2254 1753 2298 sollemnem

123 2320 375 2361 matrimonii
412 2317 756 2362 benedictionem.

241 2389 338 2432 558.
373 2391 631 2437 Secundae
675 2393 878 2448 nuptiae
919 2394 966 2436 in
1009 2394 1204 2450 seipsis.
1239 2420 1291 2424 —
1343 2394 1450 2439 Dicit
1493 2396 1715 2453 Apostolus
1739 2397 1754 2420 ¹

127 2473 149 2500 «
171 2472 251 2502 non
285 2463 424 2517 nuptis
456 2465 496 2504 et
521 2462 684 2504 viduis:
720 2461 871 2505 bouum
906 2468 967 2506 est
1001 2462 1080 2506 illis
1113 2466 1144 2507 si
1179 2466 1238 2508 sic
1273 2473 1544 2522 permaneant
1575 2471 1681 2511 sicut
1714 2473 1753 2511 et

122 2542 211 2586 ego.
246 2529 364 2585 Quod
407 2533 440 2575 si
485 2545 562 2575 non
596 2545 639 2575 se
673 2534 897 2583 continent,
943 2533 1111 2578 nubant.
1157 2534 1303 2580 Melius
1345 2541 1407 2580 est
1445 2540 1553 2581 enim
1596 2539 1752 2583 nubere

121 2612 245 2657 quam
281 2604 406 2647 uri».
439 2601 747 2647 Convenienter
781 2606 905 2661 igitur
937 2607 996 2648 sic
1030 2608 1174 2662 incipit
1208 2621 1299 2650 can.
1335 2611 1460 2652 1142.
1494 2608 1610 2652 Lice!
1634 2616 1754 2653 easta

121 2669 321 2727 viduitas,
354 2677 437 2716 tam
473 2676 510 2716 in
549 2676 636 2717 viro
679 2686 801 2732 quam
846 2677 884 2718 in
931 2675 1118 2732 muliere,
1169 2675 1461 2723 honorabilior
1501 2681 1570 2737 sit,
1614 2684 1751 2725 aiente

122 2739 168 2783 D.
215 2741 338 2785 Paulo
363 2742 405 2786 ²:
454 2759 474 2785 «
499 2743 662 2788 Beatior
703 2750 842 2789 autem
885 2749 964 2789 erit
1005 2749 1037 2790 si
1080 2749 1140 2791 sic
1182 2753 1468 2806 permanserit,
1517 2752 1749 2795 secundum

237 2872 249 2893 ¹
276 2871 295 2905 I
319 2871 368 2906 ad
395 2872 571 2908 Corinth.
597 2873 719 2908 VII—8.
750 2894 792 2900 --
819 2874 834 2896 ²
858 2874 916 2910 Ib.
946 2886 1046 2910 vers.
1076 2877 1134 2914 40.
