1971 3261
143 138 234 175 Can.
262 138 329 173 821
528 138 611 172 TIT.
643 138 713 172 ΙΙΙ.
735 159 747 163 -
767 138 823 173 De
848 141 1103 178 sanctissima
1133 140 1386 173 Eucharistz'a
1716 142 1779 174 141

146 257 421 302 rubricarum.
437 270 542 314 quae
562 260 739 315 primam
758 257 985 301 solemnem
1010 258 1071 301 rel
1092 271 1185 302 cum
1206 263 1328 301 cantu
1352 261 1606 315 permittunt,
1624 259 1672 301 ad
1691 272 1778 302 nor-

149 341 255 372 mam
287 329 316 387 ξ
349 329 371 371 2
408 329 529 372 liuius
560 331 745 381 canonis,
782 328 855 382 rel,
888 329 1068 371 servatis
1116 328 1350 384 sert-andis²
1384 329 1520 387 quoad
1556 330 1776 373 dicendam

147 402 321 457 primam
357 398 520 442 Missam
554 401 642 443 siue
675 399 899 443 ablutionis
931 402 1180 456 sumptione,
1215 402 1247 443 si
1282 400 1383 444 alias
1421 400 1517 444 velit
1550 400 1778 456 celebrare,

146 485 269 514 tenant
307 476 469 513 tantuin
492 484 541 514 ex
568 470 647 513 illis
670 470 891 514 declaratis
918 471 1109 514 videlicet
1147 473 1337 528 primam,
1367 471 1427 515 vet
1454 471 1570 525 duas,
1605 485 1776 528 nempe:

146 544 321 599 primam
357 547 394 585 et
428 541 669 595 secundam„
705 541 849 585 saltem
884 544 915 585 si
952 544 1114 585 tertiam
1142 555 1220 585 non
1245 542 1532 586 celebraturus
1565 544 1629 597 sit,
1666 545 1778 586 iuxta

146 626 230 670 reg.
268 615 368 656 iuris
402 610 555 655 XXXV
591 614 628 654 in
666 613 722 654 6⁰.
764 612 896 655 «Plus
929 626 1094 669 sempor
1129 615 1165 655 in
1200 626 1243 656 se
1282 616 1462 657 continet
1488 613 1597 671 quod
1624 619 1683 657 est
1710 617 1779 656 mi-

144 697 220 727 nus
238 699 278 737 1),
312 685 407 741 quia
448 687 643 726 «tantum
670 700 688 723 »
727 688 785 726 est
821 686 997 740 positum
1033 697 1111 726 nou
1147 684 1196 727 ad
1232 684 1514 728 excludendas
1537 685 1653 740 duas,
1678 685 1774 728 dum

143 758 226 798 tres
259 756 568 811 permittuntur,
602 754 671 797 sed
711 756 844 810 potius
877 754 925 797 ad
962 768 1157 811 expresse
1193 755 1445 798 innuendum
1482 755 1590 812 quod
1627 758 1664 798 in
1701 755 1776 799 lioc

142 837 300 869 canone
336 824 477 881 regula
513 824 580 868 illa
615 826 716 868 iuris
751 827 902 868 veteris
937 825 1071 869 locum
1107 825 1315 877 obtineat3
1352 839 1398 870 ac
1421 826 1636 870 subditur:
1672 840 1778 884 quae

142 895 411 938 adstantibus
444 895 647 945 ammaim,
680 898 839 938 etiamsi
875 896 1015 939 domui
1041 899 1263 949 extraneis,
1292 895 1350 939 ad
1377 897 1594 954 praecepti
1617 911 1777 955 quoque

140 966 479 1024 satisfactionem
529 966 680 1014 valeat,
729 966 930 1023 singulari
985 966 1111 1010 vei-bo
1147 981 1243 1010 usus
1277 966 1486 1023 legislator
1520 970 1615 1025 quia
1651 980 1773 1011 unam

141 1038 287 1081 audire
301 1038 436 1095 quoad
454 1043 719 1094 praeceptum
735 1038 898 1093 sufficit,
915 1051 993 1081 nou
1017 1040 1269 1093 restringens
1302 1040 1360 1080 sic
1384 1039 1433 1081 ad
1468 1038 1578 1081 illam
1609 1056 1630 1080 α
1651 1052 1772 1083 unam

142 1114 340 1152 tantum»
380 1109 450 1152 sed
486 1109 534 1152 ad
576 1121 778 1152 «unam»
833 1122 882 1152 ex
919 1108 1137 1152 ritualibus
1187 1111 1321 1153 missis
1362 1112 1398 1152 vi
1434 1109 1557 1153 huius
1605 1113 1774 1154 canonis

142 1179 252 1224 licite
285 1179 528 1236 celebratis3
562 1194 665 1238 quas
689 1183 801 1224 iuxta
837 1181 973 1224 datam
1001 1184 1385 1237 interpretationem
1410 1181 1622 1225 celebrare
1637 1188 1773 1240 potest

139 1255 180 1293 et
227 1256 416 1293 sanctam
467 1252 794 1294 communionem
838 1251 1076 1309 petentibus
1126 1252 1376 1295 ministrare
1423 1252 1591 1309 supple:
1643 1257 1772 1309 potest

138 1321 274 1378 quoad
312 1327 474 1378 tempus
504 1322 554 1364 ad
591 1335 778 1365 normam
813 1335 904 1367 can.
940 1322 1037 1377 846,
1070 1322 1099 1381 ἓ
1135 1323 1169 1368 1.
1207 1323 1305 1375 867,
1339 1324 1357 1379 ξ
1393 1324 1449 1366 4¹

260 1392 355 1434 132.
378 1394 451 1438 De
464 1394 573 1439 loco
592 1407 742 1450 super
760 1407 904 1451 quem
923 1396 1000 1439 vel
1020 1396 1067 1439 in
1082 1408 1179 1451 quo
1198 1397 1350 1441 missa
1364 1396 1664 1441 celebranda
1683 1400 1769 1442 est.

136 1488 195 1493 —
228 1462 269 1505 ln
303 1461 497 1506 Rubricis
529 1463 729 1519 genei·al.⁵
762 1464 943 1507 Missalis
966 1464 1140 1508 Romani
1171 1467 1194 1521 ξ
1228 1464 1303 1508 XX
1335 1468 1551 1509 statuitur:
1592 1466 1772 1510 «Altare

138 1535 176 1576 in
210 1545 292 1591 quo
324 1539 634 1577 sacrosanctum
670 1533 816 1577 Missae
839 1536 1091 1578 sacrificium
1116 1534 1413 1579 celebrandum
1439 1541 1514 1589 est,
1538 1536 1660 1580 debet
1683 1550 1771 1581 esse

138 1603 364 1661 lapideum,
398 1604 465 1662 (en
502 1605 713 1662 materia)‚·
746 1609 785 1648 et
817 1605 868 1649 ab
902 1605 1106 1663 Episcopo
1139 1611 1426 1651 consecratum
1479 1607 1544 1664 (en
1589 1608 1770 1651 conditio

136 1678 392 1720 necessaria:
427 1680 466 1719 et
499 1689 594 1720 cum
630 1676 667 1720 id
705 1676 959 1734 intelligatur
992 1678 1043 1720 de
1077 1677 1194 1721 altari
1230 1679 1326 1733 tixo,
1360 1678 1565 1735 additur):
1605 1679 1666 1722 vet
1691 1679 1768 1721 sal-

135 1750 216 1789 tem
252 1759 321 1790 ara
357 1747 533 1802 lapidea,
567 1746 759 1791 similiter
791 1747 842 1792 ab
876 1747 1080 1805 Episcopo
1115 1753 1158 1792 ut
1190 1762 1314 1806 supra
1349 1755 1604 1803 consecrata,
1640 1752 1676 1792 in
1721 1764 1768 1793 eo

136 1819 288 1861 inserta
322 1817 491 1875 (nempe
524 1820 562 1860 iu
598 1817 700 1873 basi,
734 1819 803 1862 sed
839 1819 990 1862 suflicit
1023 1820 1315 1876 superposita),
1350 1833 1455 1877 quac
1500 1824 1580 1863 tam
1632 1821 1767 1877 ampla

133 1890 199 1943 sit,
233 1893 275 1932 ut
310 1888 495 1933 Hostiam
530 1894 569 1933 et
604 1892 803 1933 maiorem
841 1895 1000 1947 partem
1035 1890 1176 1934 calicis
1210 1893 1345 1947 capiat
1368 1907 1407 1936 n.
1442 1891 1610 1935 Materia
1637 1894 1768 1948 magis

134 1959 436 2003 determinatur
469 1974 540 2017 per
574 1960 670 2004 Dec.
709 1962 753 2005 S.
788 1959 832 2006 C.
868 1960 947 2006 Rit.
988 1961 1106 2004 1.¹¹¹²².
1148 1977 1167 2002 «
1192 1960 1296 2005 Dub.
1335 1961 1360 2004 l.
1396 1962 1457 2005 An
1493 1962 1638 2006 altaria
1675 1976 1766 2019 por-

134 2029 278 2085 tatilia,
309 2042 415 2088 quae
447 2035 541 2074 sunt
574 2044 625 2074 ex
661 2031 797 2087 lapide
832 2044 911 2074 non
946 2031 1117 2089 quidem
1152 2044 1402 2085 marmoreo,
1449 2033 1518 2076 sed
1572 2034 1676 2076 duro
1725 2038 1763 2077 et

133 2104 270 2144 tamen
304 2106 533 2158 compacto,
569 2102 716 2145 idonea
752 2115 824 2158 pro
858 2104 1071 2146 Sacriticio
1106 2101 1248 2146 haberi
1285 2103 1468 2159 possint?
1506 2103 1682 2147 Dubium
1720 2103 1764 2147 ll.

133 2171 195 2215 An
228 2171 395 2215 tolerari
430 2175 584 2229 possint
617 2172 762 2216 eadem
797 2172 941 2234 altaria
977 2172 1197 2229 portatilia,
1222 2185 1328 2231 quae
1353 2186 1401 2217 ex
1428 2173 1564 2230 lapide
1590 2177 1764 2231 puniceo

130 2243 220 2285 sive
252 2255 301 2286 ex
326 2256 456 2300 gypso
475 2244 735 2287 cotistaiit?...
759 2243 809 2287 Et
832 2246 870 2288 S.
897 2244 974 2288 Rit.
999 2243 1192 2300 Congr..‚.
1219 2244 1554 2301 respondendum
1580 2248 1737 2289 censuit
1758 2259 1766 2287 :

249 2374 260 2396 ¹
289 2373 468 2408 Similem
493 2374 561 2409 sed
587 2375 816 2420 ampliorem
856 2374 1088 2409 facultatem
1127 2375 1305 2409 concedit
1333 2375 1369 2409 S.
1401 2375 1544 2421 Congr.
1575 2376 1620 2410 de
1648 2376 1762 2421 Prop.

132 2419 226 2454 Fide
253 2421 294 2455 in
321 2421 506 2456 omnibus
531 2422 708 2467 quinque
734 2423 925 2464 tormulis,
953 2422 1163 2456 videlicet:
1196 2422 1494 2457 «Permittendi
1513 2424 1619 2458 utin
1647 2425 1764 2458 eccle-

131 2467 201 2501 siis
226 2469 288 2502 sui
316 2469 509 2503 territorii
536 2469 810 2515 (quibuslibet,
851 2481 919 2504 seu
946 2470 1128 2503 oratoriis
1162 2470 1343 2514 publicis,
1373 2482 1470 2516 quae
1504 2471 1587 2505 illis
1614 2472 1653 2505 in
1681 2472 1764 2505 iure

130 2516 454 2561 aequiparantur)
483 2520 558 2552 tres
586 2518 732 2552 IlIz‘ssae
760 2517 821 2561 (ab
849 2528 928 2551 uno
959 2516 1114 2562 quidem
1150 2517 1362 2562 sacerdote,
1400 2518 1638 2563 proindeque
1666 2518 1764 2553 duae

130 2562 194 2596 vel
219 2573 312 2604 una,
342 2564 456 2598 iuxta
482 2575 562 2609 reg.
602 2564 700 2598 iuris
738 2565 783 2599 35
820 2565 861 2598 in
887 2565 936 2598 69
963 2565 1129 2598 citatam
1160 2565 1202 2598 in
1238 2566 1369 2608 textu)
1398 2567 1537 2599 statim
1565 2571 1651 2610 post
1680 2578 1761 2600 me-

130 2609 237 2644 diam
262 2616 418 2646 noctem
445 2612 681 2646 Natiuitatis
708 2611 872 2646 Domini
906 2611 1213 2656 (supputandam
1233 2612 1447 2646 secundum
1467 2624 1550 2647 can.
1580 2613 1639 2655 33)
1666 2613 1760 2648 cele-

128 2656 233 2691 brari
257 2659 424 2703 possint,
454 2670 542 2693 cum
570 2663 767 2703 potestate
795 2658 1093 2693 administrandi
1131 2659 1303 2703 (illarum
1331 2661 1547 2703 occasione)
1579 2660 1762 2695 fidelibus

129 2715 160 2738 s.
189 2704 527 2749 Communionem,
569 2706 822 2751 (additurque
860 2707 1042 2750 monitio)
1078 2711 1192 2741 cauto
1219 2712 1351 2741 tamen
1380 2707 1534 2751 (saltem
1562 2708 1601 2741 in
1628 2707 1760 2741 eadem

127 2752 399 2797 permissione)
426 2758 472 2787 ut
498 2754 629 2788 omnia
667 2764 755 2787 cum
794 2753 924 2787 debita
950 2754 1175 2788 reverentia
1202 2754 1299 2788 fiant
1316 2770 1347 2787 ».
1390 2754 1606 2789 Videlicet:
1636 2755 1760 2793 quoad

127 2800 306 2843 praevias
330 2801 510 2836 fortassis
536 2801 827 2845 occupationes.
870 2806 989 2845 atque
1015 2800 1062 2835 ab
1088 2800 1152 2835 his
1178 2802 1245 2846 qui
1279 2802 1413 2836 missis
1440 2801 1667 2836 huiusmodi
1697 2803 1758 2836 in-

128 2852 300 2882 tersunt.

246 2895 259 2917 ‘3
285 2896 487 2931 Americae
513 2897 559 2931 N.
588 2897 699 2937 4032,
731 2896 773 2930 13
802 2896 889 2930 Iun.
922 2897 1024 2930 1899.
