<?xml version="1.0" encoding="UTF-8"?>
<!DOCTYPE html PUBLIC "-//W3C//DTD XHTML 1.0 Transitional//EN"
    "http://www.w3.org/TR/xhtml1/DTD/xhtml1-transitional.dtd">
<html xmlns="http://www.w3.org/1999/xhtml" xml:lang="en" lang="en">
 <head>
  <title>
</title>
<meta http-equiv="Content-Type" content="text/html;charset=utf-8" />
  <meta name='ocr-system' content='tesseract 3.04.00' />
  <meta name='ocr-capabilities' content='ocr_page ocr_carea ocr_par ocr_line ocrx_word'/>
</head>
<body>
  <div class='ocr_page' id='page_1' title='image "./p1commentariumte03blatuoft_0298.png"; bbox 0 0 1971 3261; ppageno 0'>
   <div class='ocr_carea' id='block_1_1' title="bbox 529 115 1755 155">
    <p class='ocr_par' dir='ltr' id='par_1_1' title="bbox 529 115 1755 155">
     <span class='ocr_line' id='line_1_1' title="bbox 529 115 1755 155; baseline 0.005 -6"><span class='ocrx_word' id='word_1_1' title='bbox 529 115 612 150; x_wconf 65' lang='grc' dir='ltr'>[ΛΒ.</span> <span class='ocrx_word' id='word_1_2' title='bbox 640 116 710 150; x_wconf 91' lang='grc' dir='ltr'>ΙΙΙ.</span> <span class='ocrx_word' id='word_1_3' title='bbox 737 136 749 141; x_wconf 92' lang='grc'><strong>-</strong></span> <span class='ocrx_word' id='word_1_4' title='bbox 776 116 886 150; x_wconf 76' lang='lat' dir='ltr'>PARS</span> <span class='ocrx_word' id='word_1_5' title='bbox 912 116 943 150; x_wconf 86' lang='lat' dir='ltr'>I.</span> <span class='ocrx_word' id='word_1_6' title='bbox 972 137 984 142; x_wconf 94' lang='lat'><em>-</em></span> <span class='ocrx_word' id='word_1_7' title='bbox 1011 117 1068 151; x_wconf 87' lang='lat' dir='ltr'>De</span> <span class='ocrx_word' id='word_1_8' title='bbox 1092 117 1357 153; x_wconf 65' lang='lat' dir='ltr'>&amp;loramentis</span> <span class='ocrx_word' id='word_1_9' title='bbox 1561 118 1653 155; x_wconf 81' lang='lat' dir='ltr'>Can.</span> <span class='ocrx_word' id='word_1_10' title='bbox 1679 120 1755 155; x_wconf 81' lang='lat'>910</span> 
     </span>
    </p>
   </div>
   <div class='ocr_carea' id='block_1_2' title="bbox 537 172 1690 189">
    <p class='ocr_par' dir='ltr' id='par_1_2' title="bbox 537 172 1690 189">
     <span class='ocr_line' id='line_1_2' title="bbox 537 172 1690 189; baseline 0 0"><span class='ocrx_word' id='word_1_11' title='bbox 537 172 1690 189; x_wconf 95' lang='lat' dir='ltr'> </span> 
     </span>
    </p>
   </div>
   <div class='ocr_carea' id='block_1_3' title="bbox 113 115 1756 1281">
    <p class='ocr_par' dir='ltr' id='par_1_3' title="bbox 125 115 195 149">
     <span class='ocr_line' id='line_1_3' title="bbox 125 115 195 149; baseline 0 0"><span class='ocrx_word' id='word_1_12' title='bbox 125 115 195 149; x_wconf 77' lang='lat'>284</span> 
     </span>
    </p>

    <p class='ocr_par' dir='ltr' id='par_1_4' title="bbox 118 219 1756 927">
     <span class='ocr_line' id='line_1_4' title="bbox 125 219 1756 292; baseline 0.004 -18"><span class='ocrx_word' id='word_1_13' title='bbox 125 234 162 275; x_wconf 91' lang='lat' dir='ltr'>in</span> <span class='ocrx_word' id='word_1_14' title='bbox 197 245 286 276; x_wconf 88' lang='lat' dir='ltr'>can.</span> <span class='ocrx_word' id='word_1_15' title='bbox 322 233 419 283; x_wconf 77' lang='lat'><em>909,</em></span> <span class='ocrx_word' id='word_1_16' title='bbox 454 245 501 276; x_wconf 87' lang='lat' dir='ltr'>ac</span> <span class='ocrx_word' id='word_1_17' title='bbox 549 236 853 290; x_wconf 83' lang='lat' dir='ltr'>consequenter</span> <span class='ocrx_word' id='word_1_18' title='bbox 894 237 1011 277; x_wconf 84' lang='lat' dir='ltr'>extra</span> <span class='ocrx_word' id='word_1_19' title='bbox 1046 233 1134 278; x_wconf 88' lang='lat' dir='ltr'>loca</span> <span class='ocrx_word' id='word_1_20' title='bbox 1177 247 1294 278; x_wconf 87' lang='lat' dir='ltr'>sacra</span> <span class='ocrx_word' id='word_1_21' title='bbox 1339 234 1394 279; x_wconf 91' lang='lat' dir='ltr'>ibi</span> <span class='ocrx_word' id='word_1_22' title='bbox 1431 219 1667 292; x_wconf 78' lang='lat' dir='ltr'>designata,</span> <span class='ocrx_word' id='word_1_23' title='bbox 1701 252 1756 281; x_wconf 73' lang='lat' dir='ltr'>ne</span> 
     </span>
     <span class='ocr_line' id='line_1_5' title="bbox 122 302 1753 364; baseline 0.004 -18"><span class='ocrx_word' id='word_1_24' title='bbox 122 302 370 357; x_wconf 73' lang='lat' dir='ltr'>audiantur,</span> <span class='ocrx_word' id='word_1_25' title='bbox 406 308 617 360; x_wconf 83' lang='lat' dir='ltr'>tamquam</span> <span class='ocrx_word' id='word_1_26' title='bbox 666 303 876 358; x_wconf 75' lang='lat' dir='ltr'>generalis</span> <span class='ocrx_word' id='word_1_27' title='bbox 911 304 1146 361; x_wconf 77' lang='lat' dir='ltr'>prohibitio,</span> <span class='ocrx_word' id='word_1_28' title='bbox 1180 318 1286 363; x_wconf 84' lang='lat' dir='ltr'>quae</span> <span class='ocrx_word' id='word_1_29' title='bbox 1334 306 1514 350; x_wconf 79' lang='lat' dir='ltr'>admittit</span> <span class='ocrx_word' id='word_1_30' title='bbox 1548 307 1753 364; x_wconf 87' lang='lat' dir='ltr'>legitimas</span> 
     </span>
     <span class='ocr_line' id='line_1_6' title="bbox 120 373 1754 434; baseline 0.003 -17"><span class='ocrx_word' id='word_1_31' title='bbox 120 377 384 431; x_wconf 76' lang='lat' dir='ltr'>exceptiones</span> <span class='ocrx_word' id='word_1_32' title='bbox 430 374 507 417; x_wconf 92' lang='lat' dir='ltr'>sub</span> <span class='ocrx_word' id='word_1_33' title='bbox 556 373 713 430; x_wconf 79' lang='lat' dir='ltr'>duplici</span> <span class='ocrx_word' id='word_1_34' title='bbox 757 375 964 418; x_wconf 85' lang='lat' dir='ltr'>servanda</span> <span class='ocrx_word' id='word_1_35' title='bbox 1013 376 1263 429; x_wconf 87' lang='lat' dir='ltr'>conditione,</span> <span class='ocrx_word' id='word_1_36' title='bbox 1297 390 1470 434; x_wconf 81' lang='lat' dir='ltr'>nempe:</span> <span class='ocrx_word' id='word_1_37' title='bbox 1502 378 1587 421; x_wconf 73' lang='lat' dir='ltr'>nisi</span> <span class='ocrx_word' id='word_1_38' title='bbox 1630 381 1668 434; x_wconf 87' lang='lat' dir='ltr'>a)</span> <span class='ocrx_word' id='word_1_39' title='bbox 1701 393 1754 423; x_wconf 75' lang='lat' dir='ltr'>eoe</span> 
     </span>
     <span class='ocr_line' id='line_1_7' title="bbox 119 444 1755 502; baseline 0.004 -15"><span class='ocrx_word' id='word_1_40' title='bbox 119 459 247 488; x_wconf 77' lang='lat' dir='ltr'>causa</span> <span class='ocrx_word' id='word_1_41' title='bbox 280 446 531 488; x_wconf 85' lang='lat' dir='ltr'>disiunctiva</span> <span class='ocrx_word' id='word_1_42' title='bbox 555 444 836 501; x_wconf 44' lang='lat' dir='ltr'>infirmitati&amp;</span> <span class='ocrx_word' id='word_1_43' title='bbox 861 458 967 502; x_wconf 82' lang='lat' dir='ltr'>quae</span> <span class='ocrx_word' id='word_1_44' title='bbox 998 449 1272 502; x_wconf 90' lang='lat' dir='ltr'>poenitentem</span> <span class='ocrx_word' id='word_1_45' title='bbox 1297 449 1582 493; x_wconf 83' lang='lat' dir='ltr'>confessionali</span> <span class='ocrx_word' id='word_1_46' title='bbox 1607 450 1755 495; x_wconf 90' lang='lat' dir='ltr'>adesse</span> 
     </span>
     <span class='ocr_line' id='line_1_8' title="bbox 120 515 1756 573; baseline 0.002 -14"><span class='ocrx_word' id='word_1_47' title='bbox 120 517 330 572; x_wconf 68' lang='lat' dir='ltr'>impediat,</span> <span class='ocrx_word' id='word_1_48' title='bbox 356 518 437 558; x_wconf 92' lang='lat' dir='ltr'>imo</span> <span class='ocrx_word' id='word_1_49' title='bbox 471 517 640 560; x_wconf 77' lang='lat' dir='ltr'>forsitan</span> <span class='ocrx_word' id='word_1_50' title='bbox 676 515 813 559; x_wconf 86' lang='lat' dir='ltr'>locum</span> <span class='ocrx_word' id='word_1_51' title='bbox 846 529 1011 560; x_wconf 89' lang='lat' dir='ltr'>sacrum</span> <span class='ocrx_word' id='word_1_52' title='bbox 1046 517 1173 573; x_wconf 74' lang='lat' dir='ltr'>adire,</span> <span class='ocrx_word' id='word_1_53' title='bbox 1209 517 1349 561; x_wconf 72' lang='lat' dir='ltr'>aliave</span> <span class='ocrx_word' id='word_1_54' title='bbox 1380 532 1502 563; x_wconf 88' lang='lat' dir='ltr'>causa</span> <span class='ocrx_word' id='word_1_55' title='bbox 1541 533 1662 563; x_wconf 71' lang='lat' dir='ltr'>verae</span> <span class='ocrx_word' id='word_1_56' title='bbox 1685 535 1756 564; x_wconf 74' lang='lat' dir='ltr'>ne·</span> 
     </span>
     <span class='ocr_line' id='line_1_9' title="bbox 119 586 1748 648; baseline 0.005 -21"><span class='ocrx_word' id='word_1_57' title='bbox 119 586 328 629; x_wconf 61' lang='lat' dir='ltr'>cessimus</span> <span class='ocrx_word' id='word_1_58' title='bbox 361 589 615 630; x_wconf 90' lang='lat' dir='ltr'>contrarium</span> <span class='ocrx_word' id='word_1_59' title='bbox 651 586 747 630; x_wconf 84' lang='lat' dir='ltr'>huic</span> <span class='ocrx_word' id='word_1_60' title='bbox 782 599 951 630; x_wconf 88' lang='lat' dir='ltr'>normae</span> <span class='ocrx_word' id='word_1_61' title='bbox 983 589 1165 644; x_wconf 84' lang='lat' dir='ltr'>generali</span> <span class='ocrx_word' id='word_1_62' title='bbox 1203 590 1440 646; x_wconf 77' lang='lat' dir='ltr'>peragendi,</span> <span class='ocrx_word' id='word_1_63' title='bbox 1475 590 1518 648; x_wconf 90' lang='lat' dir='ltr'>b)</span> <span class='ocrx_word' id='word_1_64' title='bbox 1552 597 1592 634; x_wconf 78' lang='lat' dir='ltr'>et</span> <span class='ocrx_word' id='word_1_65' title='bbox 1624 591 1748 635; x_wconf 64' lang='lat' dir='ltr'>adlei—</span> 
     </span>
     <span class='ocr_line' id='line_1_10' title="bbox 118 656 1747 716; baseline 0.004 -17"><span class='ocrx_word' id='word_1_66' title='bbox 118 656 216 699; x_wconf 63' lang='lat' dir='ltr'>bitis</span> <span class='ocrx_word' id='word_1_67' title='bbox 248 656 426 699; x_wconf 74' lang='lat' dir='ltr'>cautelis</span> <span class='ocrx_word' id='word_1_68' title='bbox 459 670 506 700; x_wconf 85' lang='lat' dir='ltr'>ex</span> <span class='ocrx_word' id='word_1_69' title='bbox 544 669 702 700; x_wconf 90' lang='lat' dir='ltr'>canone</span> <span class='ocrx_word' id='word_1_70' title='bbox 735 657 1077 713; x_wconf 87' lang='lat' dir='ltr'>indeterminatis,</span> <span class='ocrx_word' id='word_1_71' title='bbox 1110 659 1180 702; x_wconf 91' lang='lat' dir='ltr'>sed</span> <span class='ocrx_word' id='word_1_72' title='bbox 1231 673 1335 716; x_wconf 69' lang='lat' dir='ltr'>(secas</span> <span class='ocrx_word' id='word_1_73' title='bbox 1372 659 1632 704; x_wconf 72' lang='lat' dir='ltr'>Ordt&#39;nart&#39;us</span> <span class='ocrx_word' id='word_1_74' title='bbox 1664 661 1747 706; x_wconf 71' lang='lat' dir='ltr'>loci</span> 
     </span>
     <span class='ocr_line' id='line_1_11' title="bbox 120 727 1746 785; baseline 0.005 -16"><span class='ocrx_word' id='word_1_75' title='bbox 120 733 286 784; x_wconf 90' lang='lat' dir='ltr'>propter</span> <span class='ocrx_word' id='word_1_76' title='bbox 318 727 452 783; x_wconf 80' lang='lat' dir='ltr'>liuius,</span> <span class='ocrx_word' id='word_1_77' title='bbox 488 733 736 784; x_wconf 68' lang='lat' dir='ltr'>temporum,</span> <span class='ocrx_word' id='word_1_78' title='bbox 761 741 808 771; x_wconf 87' lang='lat' dir='ltr'>ac</span> <span class='ocrx_word' id='word_1_79' title='bbox 833 741 1102 785; x_wconf 89' lang='lat' dir='ltr'>personarum</span> <span class='ocrx_word' id='word_1_80' title='bbox 1137 743 1379 774; x_wconf 88' lang='lat' dir='ltr'>communes</span> <span class='ocrx_word' id='word_1_81' title='bbox 1412 734 1746 777; x_wconf 76' lang='lat' dir='ltr'>circumstantias</span> 
     </span>
     <span class='ocr_line' id='line_1_12' title="bbox 118 798 1745 860; baseline 0.004 -18"><span class='ocrx_word' id='word_1_82' title='bbox 118 804 377 857; x_wconf 72' lang='lat' dir='ltr'>opportunas</span> <span class='ocrx_word' id='word_1_83' title='bbox 402 798 669 847; x_wconf 52' lang='lat' dir='ltr'>indicaverim</span> <span class='ocrx_word' id='word_1_84' title='bbox 692 800 874 843; x_wconf 83' lang='lat' dir='ltr'>fortassis</span> <span class='ocrx_word' id='word_1_85' title='bbox 897 799 1043 843; x_wconf 88' lang='lat' dir='ltr'>iubens</span> <span class='ocrx_word' id='word_1_86' title='bbox 1075 813 1122 844; x_wconf 90' lang='lat' dir='ltr'>ac</span> <span class='ocrx_word' id='word_1_87' title='bbox 1149 801 1430 845; x_wconf 80' lang='lat' dir='ltr'>determinans</span> <span class='ocrx_word' id='word_1_88' title='bbox 1453 803 1562 860; x_wconf 82' lang='lat' dir='ltr'>quod</span> <span class='ocrx_word' id='word_1_89' title='bbox 1599 806 1636 846; x_wconf 92' lang='lat' dir='ltr'>in</span> <span class='ocrx_word' id='word_1_90' title='bbox 1661 804 1745 850; x_wconf 89' lang='lat' dir='ltr'>Rit.</span> 
     </span>
     <span class='ocr_line' id='line_1_13' title="bbox 118 869 1104 927; baseline 0 -15"><span class='ocrx_word' id='word_1_91' title='bbox 118 869 235 913; x_wconf 85' lang='lat' dir='ltr'>Rom.</span> <span class='ocrx_word' id='word_1_92' title='bbox 270 869 365 927; x_wconf 89' lang='lat' dir='ltr'>(loc.</span> <span class='ocrx_word' id='word_1_93' title='bbox 401 869 489 926; x_wconf 88' lang='lat' dir='ltr'>cit.)</span> <span class='ocrx_word' id='word_1_94' title='bbox 523 870 736 914; x_wconf 82' lang='lat' dir='ltr'>Sacerdoti</span> <span class='ocrx_word' id='word_1_95' title='bbox 771 871 1104 914; x_wconf 86' lang='lat' dir='ltr'>commendatur.</span> 
     </span>
    </p>

    <p class='ocr_par' dir='ltr' id='par_1_5' title="bbox 113 940 1749 1281">
     <span class='ocr_line' id='line_1_14' title="bbox 233 940 1745 999; baseline 0.003 -16"><span class='ocrx_word' id='word_1_96' title='bbox 233 941 264 984; x_wconf 93' lang='lat' dir='ltr'>E</span> <span class='ocrx_word' id='word_1_97' title='bbox 297 946 439 984; x_wconf 85' lang='lat' dir='ltr'>contra</span> <span class='ocrx_word' id='word_1_98' title='bbox 472 941 657 984; x_wconf 87' lang='lat' dir='ltr'>declarat</span> <span class='ocrx_word' id='word_1_99' title='bbox 689 943 714 995; x_wconf 61' lang='grc' dir='ltr'>ἓ</span> <span class='ocrx_word' id='word_1_100' title='bbox 749 941 784 984; x_wconf 69' lang='lat'>⁶2.</span> <span class='ocrx_word' id='word_1_101' title='bbox 825 940 1116 999; x_wconf 70' lang='lat' dir='ltr'>Confessiones</span> <span class='ocrx_word' id='word_1_102' title='bbox 1149 947 1191 985; x_wconf 92' lang='lat' dir='ltr'>ut</span> <span class='ocrx_word' id='word_1_103' title='bbox 1239 955 1362 999; x_wconf 89' lang='lat' dir='ltr'>supra</span> <span class='ocrx_word' id='word_1_104' title='bbox 1398 943 1583 987; x_wconf 70' lang='lat' dir='ltr'>virorum</span> <span class='ocrx_word' id='word_1_105' title='bbox 1615 946 1745 989; x_wconf 77' lang='lat' dir='ltr'>etiam</span> 
     </span>
     <span class='ocr_line' id='line_1_15' title="bbox 117 1011 1742 1074; baseline 0.004 -20"><span class='ocrx_word' id='word_1_106' title='bbox 117 1012 159 1055; x_wconf 77' lang='grc' dir='ltr'>ιῗη</span> <span class='ocrx_word' id='word_1_107' title='bbox 191 1011 363 1055; x_wconf 76' lang='lat' dir='ltr'>aedibus</span> <span class='ocrx_word' id='word_1_108' title='bbox 392 1012 575 1069; x_wconf 71' lang='lat' dir='ltr'>privatis</span> <span class='ocrx_word' id='word_1_109' title='bbox 610 1014 906 1068; x_wconf 88' lang='lat' dir='ltr'>poenitentium</span> <span class='ocrx_word' id='word_1_110' title='bbox 946 1012 1007 1056; x_wconf 90' lang='lat' dir='ltr'>vel</span> <span class='ocrx_word' id='word_1_111' title='bbox 1032 1013 1222 1069; x_wconf 79' lang='lat' dir='ltr'>aliorum,</span> <span class='ocrx_word' id='word_1_112' title='bbox 1246 1019 1363 1057; x_wconf 87' lang='lat' dir='ltr'>extra</span> <span class='ocrx_word' id='word_1_113' title='bbox 1387 1017 1612 1059; x_wconf 89' lang='lat' dir='ltr'>oratorium</span> <span class='ocrx_word' id='word_1_114' title='bbox 1643 1029 1742 1074; x_wconf 85' lang='lat' dir='ltr'>quo-</span> 
     </span>
     <span class='ocr_line' id='line_1_16' title="bbox 113 1083 1749 1146; baseline 0.002 -19"><span class='ocrx_word' id='word_1_115' title='bbox 113 1096 194 1141; x_wconf 82' lang='lat' dir='ltr'>que</span> <span class='ocrx_word' id='word_1_116' title='bbox 227 1083 517 1135; x_wconf 90' lang='lat' dir='ltr'>domesticum,</span> <span class='ocrx_word' id='word_1_117' title='bbox 554 1083 614 1126; x_wconf 75' lang='lat' dir='ltr'>vel</span> <span class='ocrx_word' id='word_1_118' title='bbox 653 1085 784 1140; x_wconf 84' lang='lat' dir='ltr'>magis</span> <span class='ocrx_word' id='word_1_119' title='bbox 815 1087 1114 1127; x_wconf 86' lang='lat' dir='ltr'>convenienter</span> <span class='ocrx_word' id='word_1_120' title='bbox 1153 1086 1191 1127; x_wconf 90' lang='lat' dir='ltr'>in</span> <span class='ocrx_word' id='word_1_121' title='bbox 1237 1097 1298 1140; x_wconf 73' lang='lat' dir='ltr'>eo,</span> <span class='ocrx_word' id='word_1_122' title='bbox 1332 1087 1364 1128; x_wconf 91' lang='lat' dir='ltr'>si</span> <span class='ocrx_word' id='word_1_123' title='bbox 1398 1086 1516 1141; x_wconf 78' lang='lat' dir='ltr'>adsit,</span> <span class='ocrx_word' id='word_1_124' title='bbox 1552 1087 1749 1146; x_wconf 72' lang='lat' dir='ltr'>eoeeipere</span> 
     </span>
     <span class='ocr_line' id='line_1_17' title="bbox 113 1154 1744 1211; baseline 0.004 -15"><span class='ocrx_word' id='word_1_125' title='bbox 113 1154 222 1209; x_wconf 73' lang='lat' dir='ltr'>licet,</span> <span class='ocrx_word' id='word_1_126' title='bbox 257 1156 345 1197; x_wconf 92' lang='lat' dir='ltr'>iure</span> <span class='ocrx_word' id='word_1_127' title='bbox 379 1154 546 1211; x_wconf 80' lang='lat' dir='ltr'>quidem</span> <span class='ocrx_word' id='word_1_128' title='bbox 592 1154 888 1209; x_wconf 79' lang='lat' dir='ltr'>ecclesiastico,</span> <span class='ocrx_word' id='word_1_129' title='bbox 923 1167 999 1198; x_wconf 89' lang='lat' dir='ltr'>nec</span> <span class='ocrx_word' id='word_1_130' title='bbox 1038 1170 1057 1195; x_wconf 82' lang='lat'>«</span> <span class='ocrx_word' id='word_1_131' title='bbox 1081 1168 1205 1199; x_wconf 88' lang='lat' dir='ltr'>causa</span> <span class='ocrx_word' id='word_1_132' title='bbox 1239 1156 1539 1201; x_wconf 84' lang='lat' dir='ltr'>rationabilis»</span> <span class='ocrx_word' id='word_1_133' title='bbox 1578 1171 1628 1201; x_wconf 89' lang='lat' dir='ltr'>ex</span> <span class='ocrx_word' id='word_1_134' title='bbox 1663 1158 1744 1203; x_wconf 81' lang='lat' dir='ltr'>Rit.</span> 
     </span>
     <span class='ocr_line' id='line_1_18' title="bbox 116 1225 628 1281; baseline 0 -13"><span class='ocrx_word' id='word_1_135' title='bbox 116 1225 229 1268; x_wconf 87' lang='lat' dir='ltr'>Rom.</span> <span class='ocrx_word' id='word_1_136' title='bbox 266 1230 326 1268; x_wconf 89' lang='lat' dir='ltr'>est</span> <span class='ocrx_word' id='word_1_137' title='bbox 361 1225 628 1281; x_wconf 89' lang='lat' dir='ltr'>inspicienda.</span> 
     </span>
    </p>
   </div>
   <div class='ocr_carea' id='block_1_4' title="bbox 821 1419 1034 1456">
    <p class='ocr_par' dir='ltr' id='par_1_6' title="bbox 821 1419 1034 1456">
     <span class='ocr_line' id='line_1_19' title="bbox 821 1419 1034 1456; baseline -0.005 -1"><span class='ocrx_word' id='word_1_138' title='bbox 821 1419 968 1456; x_wconf 80' lang='lat' dir='ltr'><strong>CAPUT</strong></span> <span class='ocrx_word' id='word_1_139' title='bbox 999 1420 1034 1454; x_wconf 69' lang='lat' dir='ltr'>V.</span> 
     </span>
    </p>
   </div>
   <div class='ocr_carea' id='block_1_5' title="bbox 754 1504 1105 1546">
    <p class='ocr_par' dir='ltr' id='par_1_7' title="bbox 754 1504 1105 1546">
     <span class='ocr_line' id='line_1_20' title="bbox 754 1504 1105 1546; baseline 0.003 -8"><span class='ocrx_word' id='word_1_140' title='bbox 754 1505 807 1538; x_wconf 83' lang='lat' dir='ltr'>De</span> <span class='ocrx_word' id='word_1_141' title='bbox 833 1504 1105 1546; x_wconf 81' lang='lat' dir='ltr'>indulgentiis.</span> 
     </span>
    </p>
   </div>
   <div class='ocr_carea' id='block_1_6' title="bbox 407 1644 1455 1703">
    <p class='ocr_par' dir='ltr' id='par_1_8' title="bbox 407 1644 1455 1703">
     <span class='ocr_line' id='line_1_21' title="bbox 407 1644 1455 1703; baseline 0.002 -15"><span class='ocrx_word' id='word_1_142' title='bbox 407 1646 503 1688; x_wconf 74' lang='lat' dir='ltr'>Aur.</span> <span class='ocrx_word' id='word_1_143' title='bbox 539 1646 566 1690; x_wconf 91' lang='lat' dir='ltr'>l.</span> <span class='ocrx_word' id='word_1_144' title='bbox 604 1672 655 1676; x_wconf 97' lang='lat'><strong>—</strong></span> <span class='ocrx_word' id='word_1_145' title='bbox 695 1645 752 1688; x_wconf 85' lang='lat' dir='ltr'>De</span> <span class='ocrx_word' id='word_1_146' title='bbox 785 1644 1147 1703; x_wconf 68' lang='lat' dir='ltr'>inclulqeutiaram</span> <span class='ocrx_word' id='word_1_147' title='bbox 1182 1647 1455 1690; x_wconf 61' lang='lat' dir='ltr'>consessione.</span> 
     </span>
    </p>
   </div>
   <div class='ocr_carea' id='block_1_7' title="bbox 961 1770 1739 1913">
    <p class='ocr_par' dir='ltr' id='par_1_9' title="bbox 961 1770 1739 1913">
     <span class='ocr_line' id='line_1_22' title="bbox 963 1770 1739 1815; baseline 0.008 -12"><span class='ocrx_word' id='word_1_148' title='bbox 963 1770 1045 1811; x_wconf 88' lang='lat' dir='ltr'>sint,</span> <span class='ocrx_word' id='word_1_149' title='bbox 1072 1770 1158 1805; x_wconf 85' lang='lat' dir='ltr'>alias</span> <span class='ocrx_word' id='word_1_150' title='bbox 1184 1771 1386 1815; x_wconf 79' lang='lat' dir='ltr'>adiungere,</span> <span class='ocrx_word' id='word_1_151' title='bbox 1421 1772 1487 1806; x_wconf 87' lang='lat' dir='ltr'>nisi</span> <span class='ocrx_word' id='word_1_152' title='bbox 1521 1783 1630 1808; x_wconf 91' lang='lat' dir='ltr'>novae</span> <span class='ocrx_word' id='word_1_153' title='bbox 1657 1784 1739 1808; x_wconf 90' lang='lat' dir='ltr'>con-</span> 
     </span>
     <span class='ocr_line' id='line_1_23' title="bbox 961 1817 1695 1864; baseline 0.005 -13"><span class='ocrx_word' id='word_1_154' title='bbox 961 1817 1111 1853; x_wconf 90' lang='lat' dir='ltr'>ditiones</span> <span class='ocrx_word' id='word_1_155' title='bbox 1128 1817 1373 1864; x_wconf 86' lang='lat' dir='ltr'>adimplendae</span> <span class='ocrx_word' id='word_1_156' title='bbox 1402 1820 1695 1864; x_wconf 81' lang='lat' dir='ltr'>praescribantur.</span> 
     </span>
     <span class='ocr_line' id='line_1_24' title="bbox 1009 1863 1736 1913; baseline 0.004 -14"><span class='ocrx_word' id='word_1_157' title='bbox 1009 1864 1094 1900; x_wconf 57' lang='lat' dir='ltr'>CAN.</span> <span class='ocrx_word' id='word_1_158' title='bbox 1117 1863 1197 1899; x_wconf 78' lang='lat'>914.</span> <span class='ocrx_word' id='word_1_159' title='bbox 1229 1886 1246 1891; x_wconf 98' lang='lat'><em>-</em></span> <span class='ocrx_word' id='word_1_160' title='bbox 1276 1865 1557 1902; x_wconf 86' lang='lat' dir='ltr'>Benedictionem</span> <span class='ocrx_word' id='word_1_161' title='bbox 1578 1868 1736 1913; x_wconf 88' lang='lat' dir='ltr'>papalem</span> 
     </span>
    </p>
   </div>
   <div class='ocr_carea' id='block_1_8' title="bbox 111 1768 890 1911">
    <p class='ocr_par' dir='ltr' id='par_1_10' title="bbox 111 1768 890 1911">
     <span class='ocr_line' id='line_1_25' title="bbox 157 1768 890 1815; baseline -0.003 -9"><span class='ocrx_word' id='word_1_162' title='bbox 157 1770 241 1806; x_wconf 60' lang='lat' dir='ltr'>CAN.</span> <span class='ocrx_word' id='word_1_163' title='bbox 272 1769 352 1804; x_wconf 75' lang='grc'><strong>911.</strong></span> <span class='ocrx_word' id='word_1_164' title='bbox 385 1791 400 1795; x_wconf 91' lang='grc'>-</span> <span class='ocrx_word' id='word_1_165' title='bbox 430 1768 563 1805; x_wconf 77' lang='lat' dir='ltr'>Omnes</span> <span class='ocrx_word' id='word_1_166' title='bbox 600 1770 716 1815; x_wconf 87' lang='lat' dir='ltr'>magni</span> <span class='ocrx_word' id='word_1_167' title='bbox 760 1769 890 1804; x_wconf 81' lang='lat' dir='ltr'>faciant</span> 
     </span>
     <span class='ocr_line' id='line_1_26' title="bbox 111 1817 887 1862; baseline -0.001 -10"><span class='ocrx_word' id='word_1_168' title='bbox 111 1817 347 1862; x_wconf 80' lang='lat' dir='ltr'>indulgentias</span> <span class='ocrx_word' id='word_1_169' title='bbox 388 1828 447 1852; x_wconf 90' lang='lat' dir='ltr'>seu</span> <span class='ocrx_word' id='word_1_170' title='bbox 490 1817 731 1853; x_wconf 79' lang='lat' dir='ltr'>remissionem</span> <span class='ocrx_word' id='word_1_171' title='bbox 771 1828 887 1853; x_wconf 87' lang='lat' dir='ltr'>coram</span> 
     </span>
     <span class='ocr_line' id='line_1_27' title="bbox 112 1865 889 1911; baseline 0.001 -13"><span class='ocrx_word' id='word_1_172' title='bbox 112 1865 178 1900; x_wconf 80' lang='lat' dir='ltr'>Deo</span> <span class='ocrx_word' id='word_1_173' title='bbox 200 1876 329 1910; x_wconf 87' lang='lat' dir='ltr'>poenae</span> <span class='ocrx_word' id='word_1_174' title='bbox 355 1865 557 1910; x_wconf 88' lang='lat' dir='ltr'>temporalis</span> <span class='ocrx_word' id='word_1_175' title='bbox 575 1865 714 1900; x_wconf 85' lang='lat' dir='ltr'>debitae</span> <span class='ocrx_word' id='word_1_176' title='bbox 734 1876 793 1910; x_wconf 84' lang='lat' dir='ltr'>pro</span> <span class='ocrx_word' id='word_1_177' title='bbox 814 1876 889 1911; x_wconf 86' lang='lat' dir='ltr'>pee—</span> 
     </span>
    </p>
   </div>
   <div class='ocr_carea' id='block_1_9' title="bbox 105 1912 890 2901">
    <p class='ocr_par' dir='ltr' id='par_1_11' title="bbox 109 1912 890 2147">
     <span class='ocr_line' id='line_1_28' title="bbox 109 1912 889 1958; baseline 0.001 -12"><span class='ocrx_word' id='word_1_178' title='bbox 109 1913 205 1951; x_wconf 79' lang='lat' dir='ltr'>catis,</span> <span class='ocrx_word' id='word_1_179' title='bbox 232 1912 274 1947; x_wconf 86' lang='lat' dir='ltr'>ad</span> <span class='ocrx_word' id='word_1_180' title='bbox 304 1912 440 1958; x_wconf 86' lang='lat' dir='ltr'>culpam</span> <span class='ocrx_word' id='word_1_181' title='bbox 469 1912 559 1957; x_wconf 84' lang='lat' dir='ltr'>quod</span> <span class='ocrx_word' id='word_1_182' title='bbox 586 1913 712 1947; x_wconf 83' lang='lat' dir='ltr'>attinet</span> <span class='ocrx_word' id='word_1_183' title='bbox 739 1912 807 1947; x_wconf 88' lang='lat' dir='ltr'>iam</span> <span class='ocrx_word' id='word_1_184' title='bbox 836 1913 889 1947; x_wconf 90' lang='lat' dir='ltr'>de-</span> 
     </span>
     <span class='ocr_line' id='line_1_29' title="bbox 110 1960 887 2005; baseline 0.001 -12"><span class='ocrx_word' id='word_1_185' title='bbox 110 1960 197 1999; x_wconf 73' lang='lat' dir='ltr'>letis,</span> <span class='ocrx_word' id='word_1_186' title='bbox 225 1971 329 2005; x_wconf 85' lang='lat' dir='ltr'>quam</span> <span class='ocrx_word' id='word_1_187' title='bbox 366 1960 601 1994; x_wconf 86' lang='lat' dir='ltr'>ecclesiastiea</span> <span class='ocrx_word' id='word_1_188' title='bbox 634 1960 823 1995; x_wconf 82' lang='lat' dir='ltr'>auctoritas</span> <span class='ocrx_word' id='word_1_189' title='bbox 849 1970 887 1995; x_wconf 81' lang='lat' dir='ltr'>ex</span> 
     </span>
     <span class='ocr_line' id='line_1_30' title="bbox 109 2006 890 2053; baseline 0 -12"><span class='ocrx_word' id='word_1_190' title='bbox 109 2007 270 2042; x_wconf 76' lang='lat' dir='ltr'>thesauro</span> <span class='ocrx_word' id='word_1_191' title='bbox 300 2006 469 2042; x_wconf 83' lang='lat' dir='ltr'>Ecclesiae</span> <span class='ocrx_word' id='word_1_192' title='bbox 506 2007 665 2042; x_wconf 87' lang='lat' dir='ltr'>concedit</span> <span class='ocrx_word' id='word_1_193' title='bbox 703 2018 762 2053; x_wconf 87' lang='lat' dir='ltr'>pro</span> <span class='ocrx_word' id='word_1_194' title='bbox 801 2007 890 2041; x_wconf 78' lang='lat' dir='ltr'>vivis</span> 
     </span>
     <span class='ocr_line' id='line_1_31' title="bbox 111 2054 888 2100; baseline 0.001 -12"><span class='ocrx_word' id='word_1_195' title='bbox 111 2065 169 2100; x_wconf 90' lang='lat' dir='ltr'>per</span> <span class='ocrx_word' id='word_1_196' title='bbox 196 2054 337 2089; x_wconf 84' lang='lat' dir='ltr'>modum</span> <span class='ocrx_word' id='word_1_197' title='bbox 364 2054 604 2093; x_wconf 83' lang='lat' dir='ltr'>absolutionis,</span> <span class='ocrx_word' id='word_1_198' title='bbox 636 2065 694 2100; x_wconf 89' lang='lat' dir='ltr'>pro</span> <span class='ocrx_word' id='word_1_199' title='bbox 712 2054 888 2090; x_wconf 85' lang='lat' dir='ltr'>defunctis</span> 
     </span>
     <span class='ocr_line' id='line_1_32' title="bbox 111 2101 532 2147; baseline -0.002 -11"><span class='ocrx_word' id='word_1_200' title='bbox 111 2112 169 2147; x_wconf 84' lang='lat' dir='ltr'>per</span> <span class='ocrx_word' id='word_1_201' title='bbox 197 2101 336 2136; x_wconf 83' lang='lat' dir='ltr'>modurn</span> <span class='ocrx_word' id='word_1_202' title='bbox 365 2102 532 2146; x_wconf 85' lang='lat' dir='ltr'>suffragii.</span> 
     </span>
    </p>

    <p class='ocr_par' dir='ltr' id='par_1_12' title="bbox 107 2147 887 2430">
     <span class='ocr_line' id='line_1_33' title="bbox 157 2147 886 2184; baseline 0 0"><span class='ocrx_word' id='word_1_203' title='bbox 157 2147 238 2184; x_wconf 64' lang='lat' dir='ltr'>CAN.</span> <span class='ocrx_word' id='word_1_204' title='bbox 267 2147 348 2183; x_wconf 72' lang='lat'>912.</span> <span class='ocrx_word' id='word_1_205' title='bbox 369 2169 392 2174; x_wconf 94' lang='lat'>—</span> <span class='ocrx_word' id='word_1_206' title='bbox 412 2148 548 2184; x_wconf 85' lang='lat' dir='ltr'>Praeter</span> <span class='ocrx_word' id='word_1_207' title='bbox 576 2148 770 2184; x_wconf 90' lang='lat' dir='ltr'>Romanum</span> <span class='ocrx_word' id='word_1_208' title='bbox 800 2149 886 2184; x_wconf 86' lang='lat' dir='ltr'>Pon-</span> 
     </span>
     <span class='ocr_line' id='line_1_34' title="bbox 109 2195 887 2242; baseline 0.001 -12"><span class='ocrx_word' id='word_1_209' title='bbox 109 2195 251 2234; x_wconf 85' lang='lat' dir='ltr'>tificem.</span> <span class='ocrx_word' id='word_1_210' title='bbox 280 2196 333 2230; x_wconf 88' lang='lat' dir='ltr'>cui</span> <span class='ocrx_word' id='word_1_211' title='bbox 362 2196 466 2230; x_wconf 91' lang='lat' dir='ltr'>totius</span> <span class='ocrx_word' id='word_1_212' title='bbox 497 2196 689 2242; x_wconf 87' lang='lat' dir='ltr'>spiritualis</span> <span class='ocrx_word' id='word_1_213' title='bbox 716 2196 887 2232; x_wconf 79' lang='lat' dir='ltr'>Ecclesiae</span> 
     </span>
     <span class='ocr_line' id='line_1_35' title="bbox 108 2242 883 2279; baseline 0.001 -2"><span class='ocrx_word' id='word_1_214' title='bbox 108 2243 260 2278; x_wconf 83' lang='lat' dir='ltr'>thesauri</span> <span class='ocrx_word' id='word_1_215' title='bbox 299 2254 320 2278; x_wconf 94' lang='lat' dir='ltr'>a</span> <span class='ocrx_word' id='word_1_216' title='bbox 354 2242 490 2278; x_wconf 73' lang='lat' dir='ltr'>Christo</span> <span class='ocrx_word' id='word_1_217' title='bbox 528 2243 673 2278; x_wconf 90' lang='lat' dir='ltr'>Domino</span> <span class='ocrx_word' id='word_1_218' title='bbox 700 2244 883 2279; x_wconf 88' lang='lat' dir='ltr'>commissa</span> 
     </span>
     <span class='ocr_line' id='line_1_36' title="bbox 108 2290 885 2336; baseline 0 -11"><span class='ocrx_word' id='word_1_219' title='bbox 108 2295 158 2325; x_wconf 87' lang='lat' dir='ltr'>est</span> <span class='ocrx_word' id='word_1_220' title='bbox 184 2290 410 2335; x_wconf 86' lang='lat' dir='ltr'>dispensatio.</span> <span class='ocrx_word' id='word_1_221' title='bbox 441 2291 460 2324; x_wconf 91' lang='lat' dir='ltr'>ii</span> <span class='ocrx_word' id='word_1_222' title='bbox 498 2295 634 2326; x_wconf 88' lang='lat' dir='ltr'>tantum</span> <span class='ocrx_word' id='word_1_223' title='bbox 656 2296 800 2336; x_wconf 88' lang='lat' dir='ltr'>possunt</span> <span class='ocrx_word' id='word_1_224' title='bbox 828 2302 885 2336; x_wconf 91' lang='lat' dir='ltr'>po-</span> 
     </span>
     <span class='ocr_line' id='line_1_37' title="bbox 107 2337 883 2383; baseline 0.001 -12"><span class='ocrx_word' id='word_1_225' title='bbox 107 2342 230 2373; x_wconf 79' lang='lat' dir='ltr'>testate</span> <span class='ocrx_word' id='word_1_226' title='bbox 255 2337 430 2372; x_wconf 88' lang='lat' dir='ltr'>ordinaria</span> <span class='ocrx_word' id='word_1_227' title='bbox 464 2338 702 2383; x_wconf 82' lang='lat' dir='ltr'>indulgentias</span> <span class='ocrx_word' id='word_1_228' title='bbox 735 2338 883 2383; x_wconf 84' lang='lat' dir='ltr'>elargiri,</span> 
     </span>
     <span class='ocr_line' id='line_1_38' title="bbox 108 2384 883 2430; baseline 0 -11"><span class='ocrx_word' id='word_1_229' title='bbox 108 2384 237 2430; x_wconf 86' lang='lat' dir='ltr'>quibus</span> <span class='ocrx_word' id='word_1_230' title='bbox 256 2384 288 2418; x_wconf 91' lang='lat' dir='ltr'>id</span> <span class='ocrx_word' id='word_1_231' title='bbox 304 2395 462 2430; x_wconf 84' lang='lat' dir='ltr'>expresse</span> <span class='ocrx_word' id='word_1_232' title='bbox 481 2396 498 2420; x_wconf 89' lang='lat' dir='ltr'>a</span> <span class='ocrx_word' id='word_1_233' title='bbox 516 2386 587 2420; x_wconf 88' lang='lat' dir='ltr'>iure</span> <span class='ocrx_word' id='word_1_234' title='bbox 602 2396 805 2421; x_wconf 88' lang='lat' dir='ltr'>concessum</span> <span class='ocrx_word' id='word_1_235' title='bbox 820 2390 883 2421; x_wconf 86' lang='lat' dir='ltr'>est.</span> 
     </span>
    </p>

    <p class='ocr_par' dir='ltr' id='par_1_13' title="bbox 106 2430 885 2523">
     <span class='ocr_line' id='line_1_39' title="bbox 153 2430 885 2468; baseline 0 -1"><span class='ocrx_word' id='word_1_236' title='bbox 153 2431 238 2467; x_wconf 57' lang='lat' dir='ltr'>CAN.</span> <span class='ocrx_word' id='word_1_237' title='bbox 268 2430 347 2466; x_wconf 83' lang='lat'><strong>913.</strong></span> <span class='ocrx_word' id='word_1_238' title='bbox 369 2453 384 2456; x_wconf 98' lang='lat'>-</span> <span class='ocrx_word' id='word_1_239' title='bbox 406 2432 587 2467; x_wconf 84' lang='lat' dir='ltr'>lnferiores</span> <span class='ocrx_word' id='word_1_240' title='bbox 614 2432 770 2468; x_wconf 85' lang='lat' dir='ltr'>Romano</span> <span class='ocrx_word' id='word_1_241' title='bbox 802 2433 885 2468; x_wconf 87' lang='lat' dir='ltr'>Pon-</span> 
     </span>
     <span class='ocr_line' id='line_1_40' title="bbox 106 2478 424 2523; baseline 0 -10"><span class='ocrx_word' id='word_1_242' title='bbox 106 2478 197 2514; x_wconf 88' lang='lat' dir='ltr'>tifice</span> <span class='ocrx_word' id='word_1_243' title='bbox 224 2483 424 2523; x_wconf 80' lang='lat' dir='ltr'>nequeunt:</span> 
     </span>
    </p>

    <p class='ocr_par' dir='ltr' id='par_1_14' title="bbox 106 2525 884 2666">
     <span class='ocr_line' id='line_1_41' title="bbox 204 2525 884 2562; baseline 0.003 -3"><span class='ocrx_word' id='word_1_244' title='bbox 204 2526 250 2561; x_wconf 89' lang='grc' dir='ltr'>1.Ο</span> <span class='ocrx_word' id='word_1_245' title='bbox 276 2525 485 2561; x_wconf 82' lang='lat' dir='ltr'>Facultatem</span> <span class='ocrx_word' id='word_1_246' title='bbox 522 2527 733 2562; x_wconf 85' lang='lat' dir='ltr'>concedendi</span> <span class='ocrx_word' id='word_1_247' title='bbox 771 2527 884 2562; x_wconf 88' lang='lat' dir='ltr'>indul·</span> 
     </span>
     <span class='ocr_line' id='line_1_42' title="bbox 106 2573 883 2617; baseline 0.001 -10"><span class='ocrx_word' id='word_1_248' title='bbox 106 2573 240 2617; x_wconf 85' lang='lat' dir='ltr'>gentias</span> <span class='ocrx_word' id='word_1_249' title='bbox 265 2573 344 2608; x_wconf 88' lang='lat' dir='ltr'>aliis</span> <span class='ocrx_word' id='word_1_250' title='bbox 370 2573 596 2615; x_wconf 85' lang='lat' dir='ltr'>committere,</span> <span class='ocrx_word' id='word_1_251' title='bbox 632 2574 698 2608; x_wconf 86' lang='lat' dir='ltr'>nisi</span> <span class='ocrx_word' id='word_1_252' title='bbox 736 2574 769 2608; x_wconf 92' lang='lat' dir='ltr'>id</span> <span class='ocrx_word' id='word_1_253' title='bbox 796 2574 845 2609; x_wconf 91' lang='lat' dir='ltr'>eis</span> <span class='ocrx_word' id='word_1_254' title='bbox 863 2585 883 2609; x_wconf 89' lang='lat' dir='ltr'>a</span> 
     </span>
     <span class='ocr_line' id='line_1_43' title="bbox 106 2619 882 2666; baseline 0.001 -11"><span class='ocrx_word' id='word_1_255' title='bbox 106 2619 192 2656; x_wconf 84' lang='lat' dir='ltr'>Sede</span> <span class='ocrx_word' id='word_1_256' title='bbox 202 2621 225 2655; x_wconf 85' lang='grc' dir='ltr'>Α</span> <span class='ocrx_word' id='word_1_257' title='bbox 235 2620 394 2666; x_wconf 84' lang='lat' dir='ltr'>postolica</span> <span class='ocrx_word' id='word_1_258' title='bbox 406 2631 566 2666; x_wconf 83' lang='lat' dir='ltr'>expresse</span> <span class='ocrx_word' id='word_1_259' title='bbox 579 2622 680 2656; x_wconf 86' lang='lat' dir='ltr'>fuerit</span> <span class='ocrx_word' id='word_1_260' title='bbox 692 2621 882 2663; x_wconf 82' lang='lat' dir='ltr'>indultum3</span> 
     </span>
    </p>

    <p class='ocr_par' dir='ltr' id='par_1_15' title="bbox 105 2666 880 2760">
     <span class='ocr_line' id='line_1_44' title="bbox 200 2666 880 2712; baseline 0.003 -11"><span class='ocrx_word' id='word_1_261' title='bbox 200 2668 238 2701; x_wconf 63' lang='lat'>90</span> <span class='ocrx_word' id='word_1_262' title='bbox 263 2666 512 2712; x_wconf 81' lang='lat' dir='ltr'>indulgentiae</span> <span class='ocrx_word' id='word_1_263' title='bbox 544 2669 731 2704; x_wconf 77' lang='lat' dir='ltr'>concedere</span> <span class='ocrx_word' id='word_1_264' title='bbox 757 2668 880 2703; x_wconf 87' lang='lat' dir='ltr'>defun-</span> 
     </span>
     <span class='ocr_line' id='line_1_45' title="bbox 105 2714 445 2760; baseline -0.003 -11"><span class='ocrx_word' id='word_1_265' title='bbox 105 2715 169 2749; x_wconf 78' lang='lat' dir='ltr'>ctis</span> <span class='ocrx_word' id='word_1_266' title='bbox 195 2714 445 2760; x_wconf 78' lang='lat' dir='ltr'>applicabiles;</span> 
     </span>
    </p>

    <p class='ocr_par' dir='ltr' id='par_1_16' title="bbox 105 2761 880 2901">
     <span class='ocr_line' id='line_1_46' title="bbox 201 2761 880 2807; baseline 0.001 -12"><span class='ocrx_word' id='word_1_267' title='bbox 201 2762 238 2795; x_wconf 79' lang='lat'>30</span> <span class='ocrx_word' id='word_1_268' title='bbox 265 2761 383 2797; x_wconf 91' lang='lat' dir='ltr'>Eidem</span> <span class='ocrx_word' id='word_1_269' title='bbox 424 2762 470 2797; x_wconf 86' lang='lat' dir='ltr'>rei</span> <span class='ocrx_word' id='word_1_270' title='bbox 510 2773 569 2797; x_wconf 89' lang='lat' dir='ltr'>seu</span> <span class='ocrx_word' id='word_1_271' title='bbox 609 2763 699 2797; x_wconf 87' lang='lat' dir='ltr'>actui</span> <span class='ocrx_word' id='word_1_272' title='bbox 743 2763 880 2807; x_wconf 84' lang='lat' dir='ltr'>pietatis</span> 
     </span>
     <span class='ocr_line' id='line_1_47' title="bbox 105 2808 879 2855; baseline 0.001 -12"><span class='ocrx_word' id='word_1_273' title='bbox 105 2809 155 2844; x_wconf 85' lang='lat' dir='ltr'>vel</span> <span class='ocrx_word' id='word_1_274' title='bbox 184 2809 357 2852; x_wconf 84' lang='lat' dir='ltr'>sodalitio,</span> <span class='ocrx_word' id='word_1_275' title='bbox 378 2810 435 2844; x_wconf 87' lang='lat' dir='ltr'>cui</span> <span class='ocrx_word' id='word_1_276' title='bbox 473 2810 539 2844; x_wconf 87' lang='lat' dir='ltr'>iam</span> <span class='ocrx_word' id='word_1_277' title='bbox 567 2820 586 2844; x_wconf 89' lang='lat' dir='ltr'>a</span> <span class='ocrx_word' id='word_1_278' title='bbox 621 2808 708 2844; x_wconf 84' lang='lat' dir='ltr'>Sede</span> <span class='ocrx_word' id='word_1_279' title='bbox 735 2812 879 2855; x_wconf 77' lang='lat' dir='ltr'>Aposto-</span> 
     </span>
     <span class='ocr_line' id='line_1_48' title="bbox 106 2856 879 2901; baseline 0.003 -11"><span class='ocrx_word' id='word_1_280' title='bbox 106 2857 171 2891; x_wconf 86' lang='lat' dir='ltr'>lica</span> <span class='ocrx_word' id='word_1_281' title='bbox 199 2856 248 2891; x_wconf 78' lang='lat' dir='ltr'>vel</span> <span class='ocrx_word' id='word_1_282' title='bbox 275 2856 318 2891; x_wconf 88' lang='lat' dir='ltr'>ab</span> <span class='ocrx_word' id='word_1_283' title='bbox 344 2856 411 2891; x_wconf 80' lang='lat' dir='ltr'>alio</span> <span class='ocrx_word' id='word_1_284' title='bbox 437 2856 677 2901; x_wconf 84' lang='lat' dir='ltr'>indulgentiae</span> <span class='ocrx_word' id='word_1_285' title='bbox 695 2867 879 2892; x_wconf 85' lang='lat' dir='ltr'>concessae</span> 
     </span>
    </p>
   </div>
   <div class='ocr_carea' id='block_1_10' title="bbox 949 1912 1740 2904">
    <p class='ocr_par' dir='ltr' id='par_1_17' title="bbox 956 1912 1740 2479">
     <span class='ocr_line' id='line_1_49' title="bbox 961 1912 1735 1959; baseline 0.005 -13"><span class='ocrx_word' id='word_1_286' title='bbox 961 1922 1040 1946; x_wconf 83' lang='lat' dir='ltr'>cum</span> <span class='ocrx_word' id='word_1_287' title='bbox 1078 1912 1297 1957; x_wconf 83' lang='lat' dir='ltr'>indulgentia</span> <span class='ocrx_word' id='word_1_288' title='bbox 1337 1913 1503 1959; x_wconf 86' lang='lat' dir='ltr'>plenaria,</span> <span class='ocrx_word' id='word_1_289' title='bbox 1543 1915 1735 1950; x_wconf 88' lang='lat' dir='ltr'>secundum</span> 
     </span>
     <span class='ocr_line' id='line_1_50' title="bbox 963 1959 1736 2008; baseline 0.004 -15"><span class='ocrx_word' id='word_1_290' title='bbox 963 1959 1211 2005; x_wconf 84' lang='lat' dir='ltr'>praescriptam</span> <span class='ocrx_word' id='word_1_291' title='bbox 1234 1960 1431 2005; x_wconf 83' lang='lat' dir='ltr'>formulam,</span> <span class='ocrx_word' id='word_1_292' title='bbox 1462 1961 1632 2007; x_wconf 86' lang='lat' dir='ltr'>impertiri</span> <span class='ocrx_word' id='word_1_293' title='bbox 1660 1973 1736 2008; x_wconf 88' lang='lat' dir='ltr'>pos-</span> 
     </span>
     <span class='ocr_line' id='line_1_51' title="bbox 960 2006 1737 2054; baseline 0.005 -13"><span class='ocrx_word' id='word_1_294' title='bbox 960 2012 1043 2041; x_wconf 87' lang='lat' dir='ltr'>sunt</span> <span class='ocrx_word' id='word_1_295' title='bbox 1074 2006 1246 2053; x_wconf 74' lang='lat' dir='ltr'>Episcopi,</span> <span class='ocrx_word' id='word_1_296' title='bbox 1265 2008 1300 2042; x_wconf 90' lang='lat' dir='ltr'>in</span> <span class='ocrx_word' id='word_1_297' title='bbox 1332 2020 1393 2044; x_wconf 89' lang='lat' dir='ltr'>sua</span> <span class='ocrx_word' id='word_1_298' title='bbox 1420 2009 1568 2054; x_wconf 82' lang='lat' dir='ltr'>quisque</span> <span class='ocrx_word' id='word_1_299' title='bbox 1586 2009 1737 2045; x_wconf 86' lang='lat' dir='ltr'>dioecesi</span> 
     </span>
     <span class='ocr_line' id='line_1_52' title="bbox 960 2053 1740 2098; baseline 0.004 -9"><span class='ocrx_word' id='word_1_300' title='bbox 960 2053 1012 2089; x_wconf 91' lang='lat' dir='ltr'>bis</span> <span class='ocrx_word' id='word_1_301' title='bbox 1041 2055 1075 2088; x_wconf 88' lang='lat' dir='ltr'>in</span> <span class='ocrx_word' id='word_1_302' title='bbox 1102 2066 1209 2098; x_wconf 75' lang='lat' dir='ltr'>anno,</span> <span class='ocrx_word' id='word_1_303' title='bbox 1240 2055 1301 2090; x_wconf 89' lang='lat' dir='ltr'>boc</span> <span class='ocrx_word' id='word_1_304' title='bbox 1327 2060 1378 2091; x_wconf 89' lang='lat' dir='ltr'>est</span> <span class='ocrx_word' id='word_1_305' title='bbox 1404 2056 1459 2091; x_wconf 90' lang='lat' dir='ltr'>die</span> <span class='ocrx_word' id='word_1_306' title='bbox 1485 2056 1648 2091; x_wconf 86' lang='lat' dir='ltr'>sollemni</span> <span class='ocrx_word' id='word_1_307' title='bbox 1677 2057 1740 2092; x_wconf 82' lang='lat' dir='ltr'>Pa-</span> 
     </span>
     <span class='ocr_line' id='line_1_53' title="bbox 959 2101 1736 2140; baseline 0.006 -5"><span class='ocrx_word' id='word_1_308' title='bbox 959 2101 1088 2136; x_wconf 87' lang='lat' dir='ltr'>scbatis</span> <span class='ocrx_word' id='word_1_309' title='bbox 1116 2101 1390 2138; x_wconf 81' lang='lat' dir='ltr'>Resurrectionis</span> <span class='ocrx_word' id='word_1_310' title='bbox 1416 2112 1449 2138; x_wconf 83' lang='lat' dir='ltr'>et</span> <span class='ocrx_word' id='word_1_311' title='bbox 1474 2103 1543 2138; x_wconf 88' lang='lat' dir='ltr'>alio</span> <span class='ocrx_word' id='word_1_312' title='bbox 1569 2103 1624 2139; x_wconf 93' lang='lat' dir='ltr'>die</span> <span class='ocrx_word' id='word_1_313' title='bbox 1653 2104 1736 2140; x_wconf 84' lang='lat' dir='ltr'>festo</span> 
     </span>
     <span class='ocr_line' id='line_1_54' title="bbox 959 2149 1733 2196; baseline 0.005 -14"><span class='ocrx_word' id='word_1_314' title='bbox 959 2149 1119 2184; x_wconf 79' lang='lat' dir='ltr'>sollemni</span> <span class='ocrx_word' id='word_1_315' title='bbox 1151 2149 1194 2184; x_wconf 85' lang='lat' dir='ltr'>ab</span> <span class='ocrx_word' id='word_1_316' title='bbox 1230 2150 1314 2196; x_wconf 89' lang='lat' dir='ltr'>ipsis</span> <span class='ocrx_word' id='word_1_317' title='bbox 1339 2150 1567 2195; x_wconf 84' lang='lat' dir='ltr'>designando.</span> <span class='ocrx_word' id='word_1_318' title='bbox 1598 2151 1733 2186; x_wconf 83' lang='lat' dir='ltr'>etiamsi</span> 
     </span>
     <span class='ocr_line' id='line_1_55' title="bbox 959 2195 1738 2234; baseline 0.006 -5"><span class='ocrx_word' id='word_1_319' title='bbox 959 2195 1063 2231; x_wconf 87' lang='lat' dir='ltr'>iidem</span> <span class='ocrx_word' id='word_1_320' title='bbox 1097 2196 1221 2231; x_wconf 81' lang='lat' dir='ltr'>Missae</span> <span class='ocrx_word' id='word_1_321' title='bbox 1246 2197 1406 2232; x_wconf 91' lang='lat' dir='ltr'>sollemni</span> <span class='ocrx_word' id='word_1_322' title='bbox 1437 2198 1636 2233; x_wconf 87' lang='lat' dir='ltr'>adstiterint</span> <span class='ocrx_word' id='word_1_323' title='bbox 1662 2204 1738 2234; x_wconf 77' lang='lat' dir='ltr'>tan-</span> 
     </span>
     <span class='ocr_line' id='line_1_56' title="bbox 958 2244 1733 2287; baseline 0.004 -10"><span class='ocrx_word' id='word_1_324' title='bbox 958 2248 1051 2287; x_wconf 76' lang='lat' dir='ltr'>tum3</span> <span class='ocrx_word' id='word_1_325' title='bbox 1082 2244 1232 2279; x_wconf 88' lang='lat' dir='ltr'>Abbates</span> <span class='ocrx_word' id='word_1_326' title='bbox 1258 2249 1374 2279; x_wconf 89' lang='lat' dir='ltr'>autem</span> <span class='ocrx_word' id='word_1_327' title='bbox 1406 2245 1457 2280; x_wconf 86' lang='lat' dir='ltr'>vel</span> <span class='ocrx_word' id='word_1_328' title='bbox 1486 2245 1631 2280; x_wconf 87' lang='lat' dir='ltr'>Praelati</span> <span class='ocrx_word' id='word_1_329' title='bbox 1659 2246 1733 2280; x_wconf 76' lang='lat' dir='ltr'>nul-</span> 
     </span>
     <span class='ocr_line' id='line_1_57' title="bbox 958 2290 1731 2338; baseline 0.004 -14"><span class='ocrx_word' id='word_1_330' title='bbox 958 2291 1037 2331; x_wconf 70' lang='lat' dir='ltr'>lius,</span> <span class='ocrx_word' id='word_1_331' title='bbox 1063 2290 1185 2325; x_wconf 84' lang='lat' dir='ltr'>Viearii</span> <span class='ocrx_word' id='word_1_332' title='bbox 1214 2296 1247 2326; x_wconf 90' lang='lat' dir='ltr'>et</span> <span class='ocrx_word' id='word_1_333' title='bbox 1264 2291 1426 2327; x_wconf 82' lang='lat' dir='ltr'>Praefecti</span> <span class='ocrx_word' id='word_1_334' title='bbox 1448 2292 1646 2338; x_wconf 84' lang='lat' dir='ltr'>Apostoliei.</span> <span class='ocrx_word' id='word_1_335' title='bbox 1669 2294 1731 2329; x_wconf 86' lang='lat' dir='ltr'>etsi</span> 
     </span>
     <span class='ocr_line' id='line_1_58' title="bbox 956 2338 1734 2385; baseline 0.004 -13"><span class='ocrx_word' id='word_1_336' title='bbox 956 2338 1141 2384; x_wconf 85' lang='lat' dir='ltr'>episcopali</span> <span class='ocrx_word' id='word_1_337' title='bbox 1161 2339 1331 2383; x_wconf 85' lang='lat' dir='ltr'>dignitate</span> <span class='ocrx_word' id='word_1_338' title='bbox 1356 2344 1506 2380; x_wconf 87' lang='lat' dir='ltr'>careant,</span> <span class='ocrx_word' id='word_1_339' title='bbox 1536 2339 1566 2374; x_wconf 92' lang='lat' dir='ltr'>id</span> <span class='ocrx_word' id='word_1_340' title='bbox 1591 2345 1734 2385; x_wconf 87' lang='lat' dir='ltr'>possunt</span> 
     </span>
     <span class='ocr_line' id='line_1_59' title="bbox 957 2385 1734 2422; baseline 0.004 -3"><span class='ocrx_word' id='word_1_341' title='bbox 957 2385 991 2419; x_wconf 91' lang='lat' dir='ltr'>in</span> <span class='ocrx_word' id='word_1_342' title='bbox 1020 2386 1092 2420; x_wconf 89' lang='lat' dir='ltr'>suis</span> <span class='ocrx_word' id='word_1_343' title='bbox 1119 2385 1300 2420; x_wconf 87' lang='lat' dir='ltr'>territoriis</span> <span class='ocrx_word' id='word_1_344' title='bbox 1326 2397 1396 2421; x_wconf 88' lang='lat' dir='ltr'>uno</span> <span class='ocrx_word' id='word_1_345' title='bbox 1433 2391 1570 2421; x_wconf 89' lang='lat' dir='ltr'>tantum</span> <span class='ocrx_word' id='word_1_346' title='bbox 1598 2399 1640 2421; x_wconf 84' lang='lat' dir='ltr'>ex</span> <span class='ocrx_word' id='word_1_347' title='bbox 1667 2387 1734 2422; x_wconf 87' lang='lat' dir='ltr'>sol-</span> 
     </span>
     <span class='ocr_line' id='line_1_60' title="bbox 956 2432 1596 2479; baseline 0.005 -13"><span class='ocrx_word' id='word_1_348' title='bbox 956 2432 1186 2468; x_wconf 89' lang='lat' dir='ltr'>lemnioribus</span> <span class='ocrx_word' id='word_1_349' title='bbox 1215 2444 1272 2479; x_wconf 88' lang='lat' dir='ltr'>per</span> <span class='ocrx_word' id='word_1_350' title='bbox 1299 2444 1433 2468; x_wconf 91' lang='lat' dir='ltr'>annum</span> <span class='ocrx_word' id='word_1_351' title='bbox 1461 2433 1596 2469; x_wconf 78' lang='lat' dir='ltr'>diebus.</span> 
     </span>
    </p>

    <p class='ocr_par' dir='ltr' id='par_1_18' title="bbox 949 2478 1736 2904">
     <span class='ocr_line' id='line_1_61' title="bbox 1003 2478 1732 2526; baseline 0.001 -11"><span class='ocrx_word' id='word_1_352' title='bbox 1003 2480 1083 2515; x_wconf 65' lang='lat' dir='ltr'><strong>CAN.</strong></span> <span class='ocrx_word' id='word_1_353' title='bbox 1113 2478 1193 2514; x_wconf 69' lang='lat'>915.</span> <span class='ocrx_word' id='word_1_354' title='bbox 1227 2501 1241 2506; x_wconf 91' lang='lat'>-</span> <span class='ocrx_word' id='word_1_355' title='bbox 1272 2479 1466 2525; x_wconf 63' lang='lat' dir='ltr'>Regulam-es,</span> <span class='ocrx_word' id='word_1_356' title='bbox 1501 2480 1558 2526; x_wconf 90' lang='lat' dir='ltr'>qui</span> <span class='ocrx_word' id='word_1_357' title='bbox 1598 2480 1732 2526; x_wconf 90' lang='lat' dir='ltr'>privile-</span> 
     </span>
     <span class='ocr_line' id='line_1_62' title="bbox 954 2527 1730 2572; baseline 0.003 -11"><span class='ocrx_word' id='word_1_358' title='bbox 954 2527 1049 2571; x_wconf 84' lang='lat' dir='ltr'>gium</span> <span class='ocrx_word' id='word_1_359' title='bbox 1066 2527 1195 2562; x_wconf 87' lang='lat' dir='ltr'>babent</span> <span class='ocrx_word' id='word_1_360' title='bbox 1212 2527 1432 2572; x_wconf 88' lang='lat' dir='ltr'>impertiendi</span> <span class='ocrx_word' id='word_1_361' title='bbox 1453 2527 1730 2564; x_wconf 84' lang='lat' dir='ltr'>benedictionem</span> 
     </span>
     <span class='ocr_line' id='line_1_63' title="bbox 955 2575 1736 2620; baseline 0.003 -12"><span class='ocrx_word' id='word_1_362' title='bbox 955 2575 1125 2620; x_wconf 82' lang='lat' dir='ltr'>papalem,</span> <span class='ocrx_word' id='word_1_363' title='bbox 1148 2585 1217 2609; x_wconf 89' lang='lat' dir='ltr'>non</span> <span class='ocrx_word' id='word_1_364' title='bbox 1237 2576 1347 2609; x_wconf 90' lang='lat' dir='ltr'>solum</span> <span class='ocrx_word' id='word_1_365' title='bbox 1375 2575 1586 2620; x_wconf 84' lang='lat' dir='ltr'>obligatione</span> <span class='ocrx_word' id='word_1_366' title='bbox 1614 2579 1736 2611; x_wconf 85' lang='lat' dir='ltr'>tenen·</span> 
     </span>
     <span class='ocr_line' id='line_1_64' title="bbox 954 2621 1727 2668; baseline 0.004 -13"><span class='ocrx_word' id='word_1_367' title='bbox 954 2626 1009 2656; x_wconf 92' lang='lat' dir='ltr'>tur</span> <span class='ocrx_word' id='word_1_368' title='bbox 1043 2621 1203 2656; x_wconf 81' lang='lat' dir='ltr'>servandi</span> <span class='ocrx_word' id='word_1_369' title='bbox 1246 2622 1428 2657; x_wconf 81' lang='lat' dir='ltr'>formulam</span> <span class='ocrx_word' id='word_1_370' title='bbox 1466 2622 1727 2668; x_wconf 79' lang='lat' dir='ltr'>praescriptam,</span> 
     </span>
     <span class='ocr_line' id='line_1_65' title="bbox 953 2669 1729 2715; baseline 0.003 -13"><span class='ocrx_word' id='word_1_371' title='bbox 953 2669 1010 2703; x_wconf 88' lang='lat' dir='ltr'>sed</span> <span class='ocrx_word' id='word_1_372' title='bbox 1038 2669 1102 2703; x_wconf 87' lang='lat' dir='ltr'>hoc</span> <span class='ocrx_word' id='word_1_373' title='bbox 1140 2669 1317 2714; x_wconf 84' lang='lat' dir='ltr'>privilegio</span> <span class='ocrx_word' id='word_1_374' title='bbox 1356 2669 1403 2703; x_wconf 91' lang='lat' dir='ltr'>uti</span> <span class='ocrx_word' id='word_1_375' title='bbox 1440 2674 1633 2715; x_wconf 78' lang='lat' dir='ltr'>nequeunt,</span> <span class='ocrx_word' id='word_1_376' title='bbox 1664 2670 1729 2704; x_wconf 91' lang='lat' dir='ltr'>nisi</span> 
     </span>
     <span class='ocr_line' id='line_1_66' title="bbox 952 2715 1732 2753; baseline 0.003 -3"><span class='ocrx_word' id='word_1_377' title='bbox 952 2715 987 2750; x_wconf 87' lang='lat' dir='ltr'>in</span> <span class='ocrx_word' id='word_1_378' title='bbox 1015 2716 1087 2750; x_wconf 88' lang='lat' dir='ltr'>suis</span> <span class='ocrx_word' id='word_1_379' title='bbox 1113 2716 1267 2751; x_wconf 87' lang='lat' dir='ltr'>eeclesiis</span> <span class='ocrx_word' id='word_1_380' title='bbox 1293 2721 1327 2751; x_wconf 79' lang='lat' dir='ltr'>ct</span> <span class='ocrx_word' id='word_1_381' title='bbox 1353 2716 1387 2750; x_wconf 92' lang='lat' dir='ltr'>in</span> <span class='ocrx_word' id='word_1_382' title='bbox 1415 2717 1569 2753; x_wconf 86' lang='lat' dir='ltr'>ecclesiis</span> <span class='ocrx_word' id='word_1_383' title='bbox 1597 2717 1732 2752; x_wconf 90' lang='lat' dir='ltr'>monia—</span> 
     </span>
     <span class='ocr_line' id='line_1_67' title="bbox 952 2762 1728 2809; baseline 0.003 -13"><span class='ocrx_word' id='word_1_384' title='bbox 952 2763 1037 2797; x_wconf 90' lang='lat' dir='ltr'>lium</span> <span class='ocrx_word' id='word_1_385' title='bbox 1066 2763 1115 2798; x_wconf 88' lang='lat' dir='ltr'>vel</span> <span class='ocrx_word' id='word_1_386' title='bbox 1144 2763 1377 2798; x_wconf 87' lang='lat' dir='ltr'>tertiariorum</span> <span class='ocrx_word' id='word_1_387' title='bbox 1405 2775 1466 2799; x_wconf 92' lang='lat' dir='ltr'>suo</span> <span class='ocrx_word' id='word_1_388' title='bbox 1493 2762 1617 2798; x_wconf 91' lang='lat' dir='ltr'>Ordini</span> <span class='ocrx_word' id='word_1_389' title='bbox 1647 2764 1728 2809; x_wconf 88' lang='lat' dir='ltr'>legi-</span> 
     </span>
     <span class='ocr_line' id='line_1_68' title="bbox 950 2811 1727 2855; baseline 0.001 -10"><span class='ocrx_word' id='word_1_390' title='bbox 950 2811 1034 2845; x_wconf 90' lang='lat' dir='ltr'>time</span> <span class='ocrx_word' id='word_1_391' title='bbox 1059 2815 1346 2855; x_wconf 59' lang='lat' dir='ltr'>aggregatorum</span> <span class='ocrx_word' id='word_1_392' title='bbox 1368 2821 1438 2846; x_wconf 89' lang='lat' dir='ltr'>non</span> <span class='ocrx_word' id='word_1_393' title='bbox 1466 2816 1580 2846; x_wconf 90' lang='lat' dir='ltr'>autem</span> <span class='ocrx_word' id='word_1_394' title='bbox 1608 2811 1727 2846; x_wconf 88' lang='lat' dir='ltr'>eodem</span> 
     </span>
     <span class='ocr_line' id='line_1_69' title="bbox 949 2857 1727 2904; baseline 0.001 -12"><span class='ocrx_word' id='word_1_395' title='bbox 949 2857 1005 2892; x_wconf 91' lang='lat' dir='ltr'>die</span> <span class='ocrx_word' id='word_1_396' title='bbox 1022 2861 1055 2892; x_wconf 91' lang='lat' dir='ltr'>et</span> <span class='ocrx_word' id='word_1_397' title='bbox 1073 2857 1145 2893; x_wconf 88' lang='lat' dir='ltr'>loco</span> <span class='ocrx_word' id='word_1_398' title='bbox 1163 2868 1230 2903; x_wconf 88' lang='lat' dir='ltr'>quo</span> <span class='ocrx_word' id='word_1_399' title='bbox 1246 2857 1432 2904; x_wconf 87' lang='lat' dir='ltr'>Episcopus</span> <span class='ocrx_word' id='word_1_400' title='bbox 1446 2868 1521 2893; x_wconf 90' lang='lat' dir='ltr'>eam</span> <span class='ocrx_word' id='word_1_401' title='bbox 1539 2857 1727 2903; x_wconf 89' lang='lat' dir='ltr'>impertiat.</span> 
     </span>
    </p>
   </div>
   <div class='ocr_carea' id='block_1_11' title="bbox 1897 0 1971 3261">
    <p class='ocr_par' dir='ltr' id='par_1_19' title="bbox 1897 0 1971 3261">
     <span class='ocr_line' id='line_1_70' title="bbox 1897 0 1971 3261; baseline 0 0"><span class='ocrx_word' id='word_1_402' title='bbox 1897 0 1971 3261; x_wconf 95' lang='lat' dir='ltr'> </span> 
     </span>
    </p>
   </div>
  </div>
 </body>
</html>
