1971 3261
157 127 246 164 Gan.
270 127 426 162 981-982
727 130 810 163 Trr.
839 130 900 164 VI.
930 152 938 155 -
970 132 1022 165 De
1053 133 1195 167 Ordine
1710 134 1777 168 411

157 246 200 281 ad
228 257 274 280 ss.
302 245 441 280 ordines
467 256 502 281 se
532 238 721 291 promox'seri
753 248 994 292 praetendant,
1012 255 1043 285 et
1062 261 1081 285 a
1103 251 1281 285 nonnullis
1297 250 1472 297 Epist-opis
1492 252 1620 297 passim
1650 263 1782 298 promo·

159 308 317 343 veantur,
346 308 449 349 atque
478 303 556 338 inde
586 304 789 350 plerumque
819 305 901 340 illud
932 307 1181 343 inconveniens
1216 310 1364 346 eveniat.
1395 315 1429 343 ut
1457 310 1504 343 sic
1537 310 1679 355 promoti
1707 315 1739 344 et
1766 322 1782 344 e

156 362 307 398 claustro
324 367 489 397 exeuntes
506 367 538 397 et
559 373 616 407 per
636 363 813 398 saeculum
836 371 1013 407 vagantes,
1037 368 1085 401 tel
1109 368 1306 403 mendicare
1326 369 1373 403 vel
1395 369 1571 403 sordidum
1600 374 1781 415 quaestum

154 431 358 456 exercere...
387 426 567 466 cogantur.

275 483 294 522 ξ
320 482 352 514 It.
381 479 446 515 Nos
475 480 638 525 igitur....
667 481 843 517 decretum
875 483 1100 528 praedit-tum,
1127 486 1167 520 de
1193 486 1326 520 clericis
1353 487 1588 521 saecularibus
1625 488 1781 532 loquens,

155 539 198 574 ad
224 550 347 574 omnes
372 544 404 574 et
430 539 597 584 singulosv
624 540 728 575 etiam
756 541 1007 587 cuiuscumque
1035 544 1179 578 (lrdinis
1205 545 1346 579 clericos
1374 545 1548 589 religiosos
1574 547 1644 580 sive
1670 557 1783 581 saecu-

158 598 258 640 lares,
280 609 373 634 more
400 598 656 643 religiosorum,
675 600 830 634 viventes
850 600 885 634 in
905 603 1097 642 communi,
1121 615 1179 636 mm
1205 605 1383 649 professos,
1405 605 1526 639 harum
1554 605 1640 639 serie
1666 610 1782 639 exten-

154 656 270 692 dimus
297 661 329 692 et
354 657 613 703 ampliamus...
640 673 668 692 υ.
699 658 830 701 Postea,
860 659 1002 694 inducta
1031 672 1088 705 per
1117 661 1213 696 l'ium
1243 662 1304 696 ΙΨ.
1333 662 1371 696 tx
1404 664 1435 696 in
1465 663 1658 697 (lrdinilius
1685 674 1781 707 regu-

156 715 286 750 laribus
326 716 489 751 triennali
533 717 745 762 professione
785 722 941 753 votorum
981 719 1193 764 simplicium
1232 725 1313 755 ante
1353 722 1574 766 professionis
1617 721 1782 757 solemnis

154 775 393 819 emissionem,
411 786 561 821 sequens
579 776 725 811 dubium
748 777 958 822 propositum
990 778 1070 812 fuit:
1105 793 1118 809 «
1145 779 1176 813 Γ)
1193 779 1384 814 l'ossuntnt·
1413 780 1534 814 Novitii
1566 786 1638 826 post
1656 781 1781 815 emissa

155 838 231 869 vota
268 833 454 879 simplicia,
487 839 568 869 ante
605 835 827 871 emissionem
867 836 1076 871 solemnium
1112 838 1153 872 ad
1185 850 1230 871 ss.
1261 839 1410 873 ordines
1451 840 1640 884 promoveri
1682 841 1781 874 titulo

155 893 382 939 paupertatiS‚
412 904 481 928 non
509 893 670 929 obstante
696 894 734 930 C.
764 900 786 913 ‘⁸
812 894 988 930 Romanus
1012 923 1033 936 ,.
1064 896 1097 933 S.
1127 896 1172 930 Pii
1206 896 1220 930 N
1257 898 1311 931 die
1342 898 1380 931 12
1409 898 1610 933 Novembris
1636 911 1667 933 a.
1695 897 1780 934 1568

152 951 186 985 in
216 951 327 987 lucem
354 952 445 987 edita
461 952 522 987 ἱ)...
542 954 563 987 ¹.
591 952 714 989 Ssmus
743 953 1007 989 rescribendum
1038 956 1236 990 mandax-it:
1267 956 1316 990 Ad
1350 957 1375 990 1.
1405 956 1564 1001 Negatixe
1590 958 1700 1002 quoad
1728 969 1781 991 or-

149 1011 251 1046 dines
277 1022 391 1046 sacros
413 1026 442 1046 υ.
475 1033 512 1036 -
542 1011 659 1059 Restat
689 1013 803 1048 videre
831 1013 884 1048 ius
911 1013 953 1048 de
980 1014 1043 1048 hac
1070 1025 1105 1049 re
1131 1015 1241 1059 quoad
1277 1016 1444 1060 professos
1463 1014 1779 1061 Congregationum

152 1075 306 1105 votorum
335 1071 562 1116 simplicium.
592 1070 654 1106 His
682 1072 862 1117 responsio
887 1072 967 1107 data
996 1073 1104 1107 multo
1132 1073 1240 1118 magis
1267 1079 1415 1119 aptatur,
1442 1075 1522 1120 quia
1551 1075 1671 1109 titulus
1700 1087 1781 1121 pau·

153 1129 294 1174 pertatis
321 1129 414 1164 iuxta
441 1141 563 1165 omnes
593 1129 658 1165 DD.
687 1131 853 1176 competit
886 1131 999 1166 solum
1039 1133 1174 1177 proprie
1204 1133 1304 1167 dietis
1331 1134 1558 1177 regularibus.
1588 1134 1685 1177 Quod
1713 1134 1781 1169 evi-

147 1189 236 1223 dens
264 1188 299 1223 fit
326 1199 386 1234 per
421 1189 638 1224 sanc-tionem
681 1184 864 1235 poenalem
905 1189 1034 1226 Const.i
1066 1206 1079 1221 a
1102 1191 1241 1236 Aplcae.
1272 1192 1371 1226 Sedis
1392 1206 1406 1223 1>
1437 1204 1455 1226 a
1485 1192 1541 1227 l'io
1570 1193 1628 1227 l'l'.
1658 1192 1696 1227 tx
1728 1193 1779 1227 in-

148 1252 287 1287 sertam,
315 1258 403 1293 quae
428 1247 508 1282 talis
533 1253 605 1283 est:
640 1263 653 1280 α
676 1248 955 1294 Suspensionem
997 1261 1056 1295 per
1092 1262 1226 1285 annum
1254 1262 1274 1286 a
1300 1251 1480 1286 collatione
1517 1252 1678 1287 ordinum
1708 1253 1779 1297 ipso

150 1306 222 1341 iure
250 1306 406 1347 incurrit,
433 1307 491 1352 qui
519 1313 660 1353 excepto
700 1320 782 1343 casu
823 1308 966 1353 legitimi
1004 1309 1183 1355 privilegii,
1211 1309 1380 1345 Ordinem
1422 1321 1555 1345 sacrum
1596 1311 1778 1345 contulerit

146 1364 278 1410 absque
303 1365 403 1401 titulo
430 1365 587 1401 beneficii
618 1366 668 1402 vel
698 1367 903 1413 patrimonii
932 1368 1056 1403 clerico
1083 1369 1117 1403 in
1144 1369 1260 1414 aliqua
1280 1369 1555 1414 Congregatione
1582 1370 1722 1409 viventi,
1742 1371 1775 1404 in

145 1435 216 1470 qua
242 1424 408 1460 solemnis
445 1425 612 1471 professio
639 1437 708 1461 non
737 1427 921 1464 emittitur.
950 1428 1002 1463 vel
1037 1428 1140 1463 etiam
1178 1428 1347 1473 Religioso
1382 1429 1536 1464 nondum
1575 1429 1726 1475 professo
1746 1444 1776 1463 ».
1820 1470 1831 1481 η

145 1482 247 1526 Quae
274 1495 370 1519 nune
396 1489 447 1520 est
477 1485 670 1530 partialiter
696 1497 885 1532 suppressa
912 1487 941 1520 vi
970 1497 1046 1522 ean.
1066 1486 1169 1528 2373,
1189 1486 1225 1520 30
1243 1488 1346 1522 simul
1373 1499 1452 1522 cum
1480 1490 1515 1529 ἕο
1541 1487 1577 1522 ⁰20
1603 1488 1774 1533 sequenti.

265 1560 370 1605 Huic
406 1564 482 1605 iuri
523 1565 650 1606 veteri
688 1563 806 1619 plene
840 1567 1032 1620 congruit
1064 1565 1186 1608 simul
1223 1579 1316 1608 eum
1341 1578 1431 1610 ean.
1457 1566 1538 1608 979
1565 1579 1671 1609 nune
1706 1566 1774 1608 de—

146 1631 374 1676 clarandus
406 1647 495 1675 ean.
522 1636 629 1677 982.
664 1636 689 1688 ἓ
713 1638 746 1678 1.
776 1633 854 1678 Pro
885 1635 1154 1692 regularibus
1188 1650 1357 1693 nempe:
1397 1653 1418 1677 «
1441 1639 1509 1694 qui
1548 1642 1639 1679 tota
1674 1650 1775 1679 nun-

143 1707 350 1758 cuparum
383 1706 420 1746 in
455 1701 658 1748 Ordine»
697 1705 807 1762 (ean.
843 1706 940 1762 488,
976 1707 1053 1763 7⁰),
1091 1707 1239 1750 titulus
1277 1708 1502 1750 eanom'eus
1543 1707 1776 1751 declaratus

145 1779 358 1830 tamquam
394 1777 638 1832 requisitum
675 1779 713 1819 in
748 1789 839 1820 ean.
875 1778 974 1831 974,
1009 1780 1032 1831 ἕ
1068 1778 1105 1834 1,
1139 1779 1182 1821 70
1217 1784 1277 1821 es!
1307 1778 1523 1821 sollemnis
1556 1792 1633 1821 non
1679 1784 1775 1821 tem-

145 1847 308 1899 poraria
341 1845 547 1904 reliqz‘osa
574 1847 786 1904 professio
819 1862 891 1891 seu
926 1849 1088 1903 titulus,
1124 1855 1167 1891 nt
1200 1849 1484 1907 ‹licum-‚quia
1520 1852 1654 1892 minus
1688 1863 1774 1905 pro-

144 1917 245 1971 prie,
278 1917 564 1973 paupertatis,
597 1930 704 1975 quae
736 1921 873 1975 potius
905 1919 1087 1963 excludit
1128 1934 1199 1976 per
1231 1934 1276 1963 se
1307 1933 1532 1976 congruam
1577 1924 1774 1963 sustenta-

143 1988 310 2031 donent

259 2057 414 2101 Similis
448 2059 564 2102 titulo
600 2064 854 2117 paupertatis
886 2063 1056 2105 concedi
1096 2062 1251 2105 solebat
1289 2062 1430 2117 Apleo.
1468 2062 1691 2118 privilegio
1726 2065 1772 2105 ti-

141 2127 251 2171 tulus
292 2143 461 2172 mensae
497 2131 726 2174 eovmzum's
771 2135 961 2189 proprius
1004 2132 1404 2189 (jongregationibus
1448 2136 1535 2176 sine
1582 2139 1769 2176 votorum

137 2198 412 2255 solemnitate,
442 2201 503 2244 vel
539 2204 662 2245 etiam
697 2203 840 2246 titulus
874 2204 1103 2257 missionis,
1129 2207 1197 2261 qui
1224 2206 1282 2246 eis
1315 2206 1550 2247 eommunis
1583 2209 1643 2247 est
1676 2217 1768 2247 cum

139 2269 302 2313 clericis
334 2271 632 2317 saecularibus.
657 2272 1017 2317 Titulus‘mensae
1051 2277 1283 2317 eommunis
1316 2280 1375 2317 est
1404 2290 1423 2314 «
1450 2279 1607 2318 eertum
1643 2275 1772 2318 subsi-

137 2340 252 2383 dium
281 2343 388 2385 vitae
412 2341 583 2387 honeste
606 2346 900 2389 sustentandae
919 2359 967 2388 ex
990 2348 1298 2389 communitatis
1317 2345 1448 2401 bonis,
1471 2350 1638 2403 propter
1660 2347 1767 2403 quod

139 2413 266 2466 ipsius
299 2412 453 2456 alumni
490 2417 788 2470 permittuntur
821 2417 870 2459 ad
905 2429 1044 2459 saeros
1076 2416 1243 2459 ordines
1278 2419 1579 2472 promoveri».

255 2498 376 2543 Quoad
404 2501 465 2537 hos
492 2502 668 2547 religiosos
704 2509 859 2539 votorum
895 2505 1108 2550 simplicium
1143 2504 1356 2540 ordinandos
1384 2505 1417 2539 in
1446 2505 1562 2544 sacris,
1593 2510 1674 2540 ante
1702 2505 1766 2541 (Io-

131 2557 256 2594 dicem
285 2560 495 2596 servandum
515 2567 587 2597 erat
609 2561 714 2598 Dec.m
738 2577 752 2595 α
774 2563 893 2598 Auctis
918 2564 1104 2598 admodum
1123 2578 1137 2594 ι)
1160 2564 1251 2599 eirca
1268 2564 1408 2599 titulum
1428 2565 1667 2601 ordinationis.
1684 2565 1765 2599 haec

138 2622 316 2653 statuens:

256 2676 278 2712 l.
311 2691 326 2710 «
351 2677 474 2714 Firmis
502 2681 768 2716 remanentibus
787 2681 921 2716 (Lonst.e
937 2680 971 2715 S.
991 2680 1038 2715 l'ii
1064 2680 1086 2715 Υ
1105 2681 1161 2716 cit.
1184 2687 1258 2717 ...et
1284 2682 1516 2718 declaratione
1536 2682 1582 2716 l'ii
1602 2681 1662 2717 Pr.
1678 2681 1718 2716 tx
1736 2684 1762 2720 ².

132 2735 278 2770 eaedem
305 2736 553 2783 dispositiones
580 2741 817 2776 extenduntur
843 2740 946 2775 etiam
973 2741 1015 2774 ad
1044 2740 1201 2775 instituta
1230 2746 1382 2776 votorum
1410 2741 1635 2787 simplicium,
1656 2741 1701 2776 ita
1729 2747 1762 2776 ut

260 2877 270 2899 ¹
298 2877 345 2911 20
371 2880 452 2913 Ian.
484 2880 586 2915 1860.
619 2901 657 2905 —-
687 2880 700 2901 ²³
731 2881 772 2913 12
798 2880 885 2914 Iun.
919 2880 1018 2915 1858.
