1971 3261
231 206 278 239 86
622 203 809 249 L1ss.‚111.
837 222 848 229 -
877 203 987 236 PARS
1012 202 1042 236 Ι.
1073 222 1085 227 -
1111 202 1168 237 De
1193 202 1457 237 Sam-amentis
1664 203 1756 238 Gan.
1786 203 1851 238 787

352 323 418 365 8⁹2
455 324 528 368 De
561 324 865 379 obligatione
897 323 1164 378 recipiendi
1199 322 1639 368 confirmationem.
1663 346 1684 353 -
1720 320 1854 364 Monet

234 399 342 438 recte
366 408 455 437 ean.
482 396 507 435 7
512 395 586 435 87.
618 391 879 449 Quamquam
904 390 978 434 Ιιο(ἱ
1000 397 1310 434 sacramentum
1342 405 1425 434 non
1457 397 1518 434 est
1535 391 1585 434 de
1607 391 1854 434 necessitate

233 465 358 507 medii
391 463 445 507 ad
477 463 668 514 salutem,
703 464 826 518 (quae
860 464 1082 505 necessitas
1117 461 1360 518 intelligitur
1394 464 1447 505 ita
1479 466 1523 505 ut
1554 465 1641 506 sine
1679 464 1766 518 ipso
1790 475 1852 504 re-

235 547 328 578 vera
363 538 552 590 suscepto
589 533 650 576 vel
686 533 840 590 absque
875 531 982 575 illius
1009 537 1103 575 voto
1138 534 1230 589 quis
1253 531 1406 575 salvari
1431 531 1634 590 nequeat),
1654 534 1713 576 sic
1732 544 1853 588 porro

229 608 323 663 quia
358 605 435 648 hoc
468 609 773 647 sacramentum
810 604 1103 659 praesupponit
1137 605 1175 645 in
1209 602 1395 646 subiecto
1420 608 1504 646 tum
1529 602 1779 659 baptismum
1802 602 1852 645 de

228 690 307 733 quo
341 676 440 718 dicit
472 676 641 718 Summa
685 672 864 716 Veritas:
892 675 903 695 ²
944 688 963 714 «
987 675 1055 730 qui
1092 673 1317 716 crediderit
1356 678 1395 716 et
1439 673 1665 729 baptizatus
1714 673 1851 728 suerit,

228 746 368 789 salvus
400 748 477 788 erit
500 761 538 799 2),
575 749 660 787 tum
695 746 851 800 gratiae
884 748 1035 787 statum
1082 757 1154 800 per
1186 746 1275 787 eius
1307 745 1668 787 conservationem
1705 743 1768 787 vel
1793 756 1853 787 re-

229 818 537 873 cuperationem
573 815 623 858 (le
656 827 735 871 qua
771 816 970 870 scriptum
1005 819 1066 857 est
1090 815 1127 857 2;
1168 816 1342 870 «gratia
1387 813 1458 857 Dei
1496 816 1576 857 vita
1611 818 1779 857 aeterna
1803 829 1851 867 »ς

230 886 387 929 nemini
421 891 557 928 tamen
592 884 701 939 lieet,
736 883 877 927 oblata
910 884 1141 938 occasione,
1174 884 1284 928 illud
1316 884 1541 942 neqlt'qere,
1566 884 1745 928 scilicet:
1783 897 1850 926 vo-

231 956 405 999 luntarie
439 956 742 1010 susceptionem
775 956 863 997 sine
896 966 1020 997 causa
1053 954 1234 1010 diflert-e,
1273 955 1382 1012 quod
1418 957 1477 997 sic
1509 954 1751 998 corroborat
1783 967 1851 997 ex-

229 1026 385 1082 plicans
419 1025 462 1067 D.
507 1025 684 1068 Thomas
707 1024 744 1082 32:
799 1024 935 1067 «ideo
984 1027 1108 1068 etiam
1159 1027 1369 1068 morituris
1417 1025 1494 1068 hoc
1542 1028 1848 1068 sacramentum

229 1099 439 1154 (quamvis
473 1109 550 1138 non
596 1097 873 1139 necessarium
920 1102 1086 1152 propter
1131 1095 1362 1152 periculum
1406 1108 1568 1152 pugnae
1608 1093 1852 1151 praesentis)

229 1166 410 1210 dandum
434 1171 506 1216 est,
533 1170 574 1208 ut
599 1168 636 1208 in
664 1167 965 1208 resurrectione
986 1166 1154 1222 perfecti
1174 1170 1414 1222 appareant,
1432 1165 1661 1209 secundum
1687 1164 1787 1208 illud
1806 1164 1849 1206 4:

228 1242 250 1257 ‘⁸
278 1236 415 1280 Donec
448 1248 717 1279 occurramus
749 1248 892 1279 omnes
926 1238 963 1278 in
1003 1238 1136 1279 virum
1174 1236 1414 1292 perfectum,
1455 1238 1493 1278 in
1529 1247 1764 1278 mensuram
1788 1246 1852 1277 ae-

229 1310 320 1351 tatis
359 1306 625 1363 plenitudinis
667 1305 815 1350 Christi
842 1341 880 1361 „.
921 1306 969 1349 Et
1004 1307 1095 1349 ideo
1141 1307 1262 1362 Hugo
1305 1307 1356 1350 de
1393 1307 1432 1350 S.
1476 1305 1641 1350 Victore
1683 1305 1849 1360 dicit53

228 1380 251 1399 “
275 1376 455 1422 Omnino
491 1377 768 1434 periculosum
802 1382 923 1431 esset,
955 1380 987 1420 si
1023 1377 1074 1421 ab
1108 1378 1185 1420 hac
1222 1380 1302 1421 vita
1326 1380 1414 1421 sine
1439 1379 1754 1421 confirmatione
1780 1378 1850 1419 mi·

227 1461 347 1505 grare
380 1451 639 1504 contingeret
663 1484 684 1503 „
721 1462 799 1491 non
835 1450 930 1505 quia
954 1448 1236 1502 danmarelur,
1262 1450 1337 1491 nisi
1363 1454 1531 1505 propter
1553 1452 1850 1504 contemptum,

225 1519 295 1562 sed
331 1521 425 1576 quia
461 1519 754 1562 detrimentum
790 1519 1051 1575 perfectionis
1077 1523 1299 1575 pateretur.
1324 1518 1440 1563 Unde
1464 1521 1588 1562 etiam
1615 1520 1728 1574 pueri
1753 1530 1849 1561 con-

226 1590 375 1632 firmati
400 1589 649 1632 decedentes
673 1591 871 1632 maiorem
896 1589 1071 1645 gloriam
1095 1594 1421 1647 consequuntur,
1444 1591 1551 1633 sicut
1574 1593 1612 1632 et
1636 1588 1703 1632 hic
1727 1590 1851 1631 maio-

227 1673 311 1703 rem
353 1659 538 1703 obtinent
571 1662 810 1716 gratiam».

341 1729 713 1773 Animadvertatur
759 1731 944 1774 clausula
998 1744 1120 1774 «non
1172 1736 1233 1775 est
1271 1731 1321 1774 de
1360 1734 1603 1774 necessitate
1639 1731 1763 1773 medii
1796 1729 1846 1773 ad

223 1800 395 1844 salutem
420 1816 457 1854 ³),
493 1814 598 1858 quae
633 1803 765 1844 innuit
797 1801 941 1844 adesse
974 1801 1096 1845 aliam
1133 1801 1241 1845 illius
1275 1804 1578 1855 necessitatem,
1618 1803 1730 1844 iuxta
1756 1813 1847 1857 pro-

223 1872 437 1914 fessionem
475 1872 569 1914 lidei
605 1857 856 1915 inlormula
893 1872 948 1915 Pii
986 1871 1034 1915 lV
1070 1872 1137 1916 ubi
1173 1872 1345 1929 legitur:
1396 1873 1640 1916 «Profiteor
1682 1884 1846 1929 quoque

222 1947 422 1998 septem...
458 1955 546 1985 esse
579 1947 837 1985 sacramenta
872 1955 1007 1986 novae
1033 1942 1177 1999 legis...
1202 1944 1251 1986 ad
1276 1943 1451 1987 salutem
1476 1943 1642 1986 humani
1669 1943 1846 1998 generis,

223 2013 315 2056 licet
350 2026 427 2055 non
462 2015 599 2056 omnia
632 2013 818 2069 singulis,
844 2016 1075 2057 necessaria
1101 2030 1148 2069 ));
1185 2014 1234 2057 ad
1260 2014 1368 2071 quod
1395 2019 1505 2058 recte
1529 2013 1843 2069 Intelligendum

224 2082 331 2126 utilis
365 2088 424 2126 est
459 2086 670 2139 responsio
694 2083 739 2126 D.
765 2084 946 2127 Thomae
978 2098 1156 2142 sequens
1179 2085 1217 2124 ⁶:
1258 2101 1277 2126 «
1306 2087 1442 2128 omnia
1466 2088 1725 2128 sacramenta
1750 2087 1844 2126 sunt

222 2153 456 2210 aliqualiter
489 2157 721 2197 necessaria
771 2155 819 2198 ad
869 2155 1067 2209 salutem3
1117 2155 1188 2199 sed
1237 2156 1443 2213 quaedam
1488 2159 1583 2198 sunt
1629 2157 1717 2197 sine
1755 2156 1843 2211 qui-

223 2223 296 2266 bus
344 2237 420 2266 non
470 2230 529 2267 est
582 2224 692 2267 salus
745 2225 872 2282 (quod
924 2228 962 2268 in
1008 2238 1166 2269 canone
1220 2231 1394 2269 vocatur
1451 2226 1547 2269 «de
1600 2227 1844 2269 necessitate

222 2294 345 2337 medii
394 2295 443 2337 ad
494 2294 758 2350 salutem»>;
809 2296 1013 2353 quaedam
1069 2310 1168 2339 vero
1217 2301 1310 2340 sunt
1344 2309 1451 2354 quae
1483 2301 1760 2353 cooperantur
1792 2295 1841 2339 ad

222 2366 514 2420 perfectionem
548 2365 702 2408 salutis,
752 2365 800 2408 Et
835 2366 911 2409 hoc
946 2367 1067 2410 modo
1116 2368 1375 2410 confirmatio
1424 2372 1484 2411 est
1517 2367 1567 2410 de
1601 2369 1843 2410 necessitate

219 2434 374 2487 saluus,
409 2438 601 2492 quamvis
634 2439 721 2479 sine
755 2451 799 2480 ea
837 2439 962 2493 possit
995 2451 1083 2480 esse
1121 2437 1243 2487 salus,
1270 2438 1367 2481 dum
1394 2445 1633 2481 tamennon
1661 2442 1841 2494 praeter-

220 2507 403 2547 mittatur
436 2518 485 2548 ex
520 2510 758 2563 contemptu
792 2511 1104 2562 sacramenti»,
1137 2510 1232 2564 quia
1269 2513 1365 2552 tunc
1398 2511 1729 2552 committeretur
1753 2521 1844 2564 pec—

217 2579 352 2617 catum
391 2576 561 2619 mortale
594 2576 644 2619 ab
679 2582 844 2620 aeterna
878 2578 1010 2621 salute
1045 2591 1279 2623 removens.
1328 2578 1587 2635 Negligentia
1634 2580 1758 2634 igitur
1790 2578 1841 2621 de

216 2657 295 2701 qua
331 2647 367 2687 iu
403 2658 560 2689 canone
595 2652 810 2702 peccatum
849 2649 1008 2692 veniale
1041 2661 1062 2692 a
1099 2648 1144 2694 D.
1178 2648 1333 2692 Thoma
1383 2651 1582 2705 implicite
1627 2653 1841 2705 reputatur

216 2728 308 2757 cum
345 2716 559 2772 theologis,
595 2729 642 2760 ac
677 2720 780 2760 tueri
816 2718 917 2762 llaec
950 2722 1151 2763 sententia
1175 2722 1297 2762 etiam
1323 2733 1431 2763 nunc
1454 2724 1601 2772 potest.
1625 2746 1673 2750 —
1701 2719 1837 2763 Canon

333 2846 341 2865 1
371 2844 508 2885 Marci,
538 2845 645 2888 XVI,
677 2846 729 2880 16.
760 2866 800 2872 —-
827 2847 841 2868 2
867 2847 927 2880 Ad
954 2847 1066 2881 Rom.
1095 2847 1159 2887 VI,
1189 2847 1244 2881 ⁶23.
1273 2868 1316 2871 —
1341 2848 1355 2869 3
1381 2848 1422 2881 3³
1450 2848 1491 2881 P.
1522 2860 1556 2892 q.
1582 2848 1748 2882 LXXII.
1770 2860 1792 2882 a
1816 2850 1838 2883 8

214 2889 261 2923 ad
288 2892 350 2923 4¹1³.
394 2912 433 2915 —
476 2892 486 2913 ‘1
514 2892 653 2936 Ephes.
681 2894 747 2934 IV,
783 2894 837 2927 13.
880 2914 923 2919 —
962 2895 975 2915 5
1003 2895 1059 2928 De
1089 2906 1248 2928 sacram.
1286 2894 1353 2928 lib.
1384 2895 1421 2928 II
1449 2900 1547 2939 part.
1577 2896 1596 2930 7
1624 2907 1703 2940 cap.
1731 2896 1764 2930 3.
1794 2916 1837 2920 —

254 2937 313 2970 III
340 2938 470 2972 Partis
496 2951 528 2983 q.
558 2939 705 2973 LXXII
734 2953 766 2974 a.
796 2942 812 2973 I
841 2941 885 2975 ad
913 2941 975 2974 3¹¹³.
