1971 3261
190 124 259 159 638
567 123 651 156 Ltss.
681 122 750 156 III.
778 141 790 147 ·
817 121 928 155 PARS
952 121 983 155 I.
1013 141 1025 146 -
1051 121 1108 155 De
1134 121 1398 156 Sacramentz's
1494 120 1587 156 Can.
1615 119 1814 156 1097-1098

193 249 329 288 menta
363 257 385 287 e
419 243 487 287 tali
524 245 611 286 iure
655 244 940 299 provenientia
974 243 1032 284 sic
1074 243 1216 284 statuit
1246 241 1273 299 ἓ
1307 241 1344 285 3.
1384 240 1594 285 Paroclzus
1636 242 1687 285 ad
1722 256 1812 286 nor-

192 327 300 357 mam
333 326 422 356 can.
448 313 527 356 451
566 312 637 370 qui
669 311 760 354 sine
793 311 966 354 lieentia
999 311 1106 365 iure,
1140 324 1311 368 nempe:
1336 311 1413 355 sub
1447 311 1505 354 n.0
1530 311 1573 354 3⁰
1606 312 1814 370 requisita

192 383 460 426 matrimonio
492 382 691 438 singulari
726 382 903 437 assistit,
943 381 1004 424 vel
1040 381 1246 424 licentiam
1272 382 1487 425 assistendi
1522 383 1726 426 sacerdoti
1750 383 1816 426 de-

191 455 311 509 derit,
347 468 394 497 eo
428 454 537 511 quod
575 456 687 496 iuxta
723 466 808 509 reg.
859 455 960 496 iuris
1003 452 1057 495 7⁶2
1093 454 1131 495 in
1177 452 1233 496 60.
1274 452 1396 507 «Qui
1431 454 1527 496 facit
1570 466 1642 509 per
1674 453 1814 508 alium,

192 530 250 569 est
286 525 456 581 perinde
489 537 536 568 ac
567 527 599 566 si
633 525 758 567 faciat
780 537 853 580 per
875 525 1115 579 seipsum»,
1140 523 1418 565 emolumenta
1440 522 1575 566 stolae
1599 526 1675 566 iuri
1699 537 1815 567 exer-

192 596 322 639 cendo
358 595 627 639 subordinata
662 599 701 638 et
737 593 812 637 bac
845 595 1061 637 occasione
1095 593 1361 650 percipienda
1386 607 1467 637 non
1499 593 1605 651 fucit
1627 608 1706 637 sua
1730 609 1817 652 pro-

195 672 283 723 pter
331 665 511 709 alienum
559 665 712 709 laesum
760 667 835 720 ius,
879 678 1009 722 eaque
1048 664 1223 722 proprio
1256 664 1593 708 contrahentium
1633 665 1817 723 parocho

192 738 421 781 secundum
458 741 610 793 praec.s
645 736 769 779 huius
816 737 985 779 canonis
1029 749 1223 778 numeros
1272 735 1475 778 remittat.
1509 734 1684 789 Quando
1721 751 1818 780 vero

194 807 333 864 plures
366 809 547 850 existunt
581 808 749 863 proprii,
787 809 917 862 potest
965 806 1214 848 conformari
1248 806 1484 863 sequendae
1515 806 1564 849 ad
1599 807 1816 863 petendam

194 878 402 922 licentiam
438 882 560 934 regite
585 879 685 920 iuris
708 877 762 920 70
798 879 836 919 in
863 876 922 919 6.Ο
952 892 971 917 «
996 876 1036 919 ln
1062 875 1320 920 alternativis
1342 876 1542 920 debitoris
1566 882 1627 920 est
1648 877 1817 921 electio:

194 954 233 992 ct
265 949 417 992 sufficit
448 948 623 992 alterum
659 948 940 1004 adimpleri»,
965 949 1041 990 nisi
1075 950 1237 990 statutis
1269 947 1525 991 dioecesanis
1561 948 1623 991 vel
1648 961 1818 992 consue-

196 1019 337 1062 tudine
370 1021 449 1062 sint
484 1032 556 1075 pro
590 1019 832 1062 diversitate
866 1031 1039 1062 casuum
1072 1018 1192 1061 datae
1227 1031 1396 1062 normae
1440 1017 1535 1062 huic
1568 1021 1716 1062 canoni
1749 1021 1821 1062 mi-

197 1092 305 1133 nime
338 1090 555 1142 adversae,
589 1094 627 1133 et
660 1103 766 1147 quae
799 1092 830 1133 si
865 1089 1070 1143 deessent,
1094 1092 1294 1145 optimum
1332 1090 1441 1132 factu
1474 1094 1580 1132 esset.
1611 1089 1660 1132 ad
1695 1102 1819 1147 quae-

195 1163 347 1205 stiones
382 1163 487 1204 inter
511 1160 712 1217 parochos
745 1160 1019 1204 eliminandas
1051 1164 1091 1203 et
1115 1159 1236 1203 buius
1268 1160 1305 1214 §i
1329 1159 1635 1203 observantiam
1663 1161 1822 1204 facilius

198 1232 444 1288 urgendam,
478 1237 521 1275 ut
555 1232 606 1274 de
641 1231 719 1274 illis
752 1232 924 1275 edendis
955 1233 1185 1287 cogitarent
1219 1230 1294 1274 loci
1329 1228 1554 1275 Ordinarii.

301 1304 414 1347 ι500.
451 1305 785 1360 Exceptiones
818 1304 983 1361 quoad
1007 1305 1372 1348 observandam
1396 1305 1588 1360 integre
1611 1305 1823 1349 celebra-

195 1377 344 1421 tionis
376 1377 671 1420 matrimonii
705 1375 915 1420 formam
954 1376 1093 1429 vigent
1124 1372 1201 1416 sub
1233 1373 1470 1417 conditione
1512 1387 1534 1417 a
1567 1386 1648 1432 qua
1682 1376 1824 1430 incipit

197 1460 286 1491 cun.
324 1448 456 1488 1098.
491 1445 536 1489 Si
584 1444 729 1488 haberi
761 1445 868 1500 apud
921 1445 1056 1488 locum
1105 1446 1443 1488 commorationis
1484 1458 1727 1501 sponsorum
1761 1443 1824 1487 vel

198 1515 313 1559 adiri
346 1515 397 1559 ab
431 1515 493 1559 liis
515 1520 693 1574 nequeat
726 1515 818 1558 sine
836 1515 960 1572 gyrari
984 1514 1241 1558 incommodo
1266 1509 1431 1559 illorum
1459 1515 1522 1559 vel
1545 1517 1822 1573 sequentium,

198 1600 369 1643 nempe:
404 1586 445 1644 a)
476 1585 690 1644 parochus
725 1587 766 1643 b)
798 1585 860 1629 vel
908 1585 1167 1630 Ordinarius
1201 1586 1240 1642 c)
1273 1585 1336 1628 vel
1377 1585 1574 1629 sacerdos
1607 1585 1824 1644 deleyatus

200 1671 271 1714 pro
306 1657 373 1701 illo
409 1660 672 1701 matrimonio
705 1657 882 1701 scilicet:
918 1661 1064 1700 neuter
1110 1670 1270 1710 eorum,
1302 1657 1373 1714 qui
1417 1656 1689 1700 nzatrinzonio
1722 1656 1825 1699 assi-

199 1734 314 1771 stant
349 1728 484 1772 valide
518 1728 574 1771 ud
605 1742 796 1772 normam
830 1743 919 1771 cun.
956 1729 1090 1782 1095,
1124 1730 1268 1771 1096.-
1296 1754 1348 1758 —
1382 1730 1422 1770 1Ο
1460 1726 1504 1771 ln
1540 1727 1686 1771 mortis
1717 1727 1826 1785 peri-

199 1799 304 1854 culo,
339 1814 414 1844 nec
448 1800 615 1844 additur
651 1815 674 1841 «
697 1802 938 1843 imminente
961 1814 982 1840 »
1020 1801 1126 1843 sicut
1160 1802 1198 1842 in
1234 1798 1363 1855 Dec.⁰‚
1395 1803 1435 1843 et
1466 1799 1575 1856 quod
1612 1799 1732 1842 valde
1765 1799 1824 1842 di-

199 1872 289 1919 sert,
324 1873 428 1914 sicut
462 1870 563 1914 alias
596 1870 751 1914 dictum
802 1875 876 1925 est,
909 1882 931 1913 a
966 1871 1110 1912 mortis
1157 1869 1346 1924 articulo,
1379 1883 1472 1913 cuni
1509 1871 1740 1926 periculum
1773 1871 1824 1912 si-

200 1942 369 1998 gnificet
403 1946 560 1985 tantum
595 1954 640 1985 ea
675 1943 859 1998 gravitas
893 1940 1041 1996 morbi,
1065 1943 1130 1984 cui
1165 1940 1389 1997 prudenter
1412 1945 1524 1984 certo
1559 1940 1827 1997 praevidetur

203 2026 312 2056 mors
344 2018 585 2070 sequutura,
619 2015 692 2056 etsi
719 2017 807 2069 post
841 2016 1068 2055 transactos
1101 2011 1257 2069 aliquot
1290 2012 1522 2067 (lieS,'tunc
1554 2010 1742 2054 validum
1788 2016 1828 2053 et

202 2083 364 2126 licitum
398 2089 459 2126 est
492 2084 541 2127 ad
576 2086 665 2127 eius
698 2085 873 2127 sormam
908 2083 1017 2141 quod
1043 2085 1187 2126 attinet
1220 2081 1535 2126 matrimonium
1568 2086 1828 2126 contractum

201 2168 342 2198 eorum
374 2154 475 2198 sotis
510 2154 681 2198 testibus
727 2155 908 2199 scilicet:
947 2154 1154 2198 «duobus
1186 2153 1330 2198 saltem
1355 2171 1374 2193 »
1414 2156 1452 2197 in
1487 2166 1575 2198 can.
1614 2153 1723 2196 1094
1757 2153 1828 2196 de-

201 2225 379 2281 claratis,
413 2232 536 2283 atque
568 2228 627 2269 sic
663 2230 800 2269 manet
830 2226 1029 2282 derogata
1065 2224 1291 2282 partialiter
1313 2224 1497 2268 clausula
1531 2224 1693 2268 Decreti
1716 2214 1826 2268 uco-

202 2309 288 2339 ram
323 2296 505 2354 quolibet
539 2299 755 2340 sacerdote
787 2300 827 2340 et
860 2295 1024 2340 duobus
1056 2295 1291 2350 testibus»,
1326 2297 1407 2339 imo
1440 2309 1520 2338 non
1555 2294 1732 2352 amplius
1765 2307 1827 2337 re-

198 2370 376 2425 quiritur
407 2380 530 2411 causa
566 2367 698 2411 finalis
732 2366 885 2411 ibidem
921 2369 1051 2423 posita
1086 2371 1128 2409 ut
1151 2367 1331 2410 conditio
1364 2366 1551 2410 absolute
1575 2367 1823 2418 necessaria,

200 2451 369 2494 nempe:
418 2453 438 2479 (<
462 2439 512 2481 ad
552 2438 851 2481 consulendum
896 2440 1174 2482 conscientiae
1216 2441 1256 2480 et
1303 2438 1590 2493 legitimationi
1636 2435 1761 2492 prolis
1784 2451 1825 2478 J).

203 2507 507 2566 Concessioque
541 2509 606 2552 illa
642 2510 880 2553 extenditur
927 2522 947 2551 a
993 2521 1152 2552 canone
1199 2510 1258 2552 sic
1291 2512 1587 2565 prosequente:
1622 2512 1661 2550 et
1702 2505 1830 2549 etiam

204 2584 323 2622 extra
355 2580 504 2623 mortis
548 2580 798 2638 perieulum,
833 2581 905 2624 sed
956 2593 1028 2636 pro
1063 2579 1138 2623 hac
1183 2581 1424 2622 extensione
1472 2583 1632 2622 tantum
1665 2577 1831 2621 additur

204 2653 437 2694 necessaria
470 2651 674 2696 conditio:
709 2650 930 2694 dummodo
961 2649 1195 2708 prudenter
1233 2648 1537 2707 praevideatur
1567 2662 1657 2691 eam
1689 2660 1831 2690 rerum

205 2721 483 2765 conditionem
519 2724 633 2765 initio
657 2724 826 2765 canonis
859 2733 1099 2778 expressam
1124 2734 1212 2763 esse
1229 2733 1308 2778 per
1329 2733 1508 2762 inensem
1530 2718 1710 2763 scilicet:
1735 2730 1830 2761 con-

207 2795 365 2836 tinuum
404 2795 624 2849 «spatium
670 2793 723 2835 30
767 2792 974 2836 dierum»
1012 2793 1122 2848 (can.
1157 2791 1224 2835 32.
1273 2793 1298 2844 ἓ
1341 2789 1382 2847 ⁶3)
1417 2788 1742 2846 computandum
1777 2786 1828 2831 ab

1951 1190 1970 1204 „J

1945 1282 1961 1310 ’.μί
1968 1292 1970 1294 -

1943 1411 1952 1432 ζ,

1942 1445 1952 1481 ,ἕ
1969 1464 1971 1467 ·

1946 1481 1953 1505 t,

1950 1539 1953 1550 t

1927 1600 1937 1608 .
1946 1576 1956 1615 tf

1942 1618 1958 1631 a

1944 1641 1956 1679 ἑ

1942 1729 1968 1820 ‘i

1942 1821 1971 2094 ξ

1936 2095 1971 2398 ‘Ta-mm
