1971 3261
520 130 732 165 Formulae
756 128 999 172 facultatum
1026 129 1064 164 S.
1099 129 1139 164 C'.
1167 130 1213 165 de
1239 130 1284 164 P.
1314 130 1360 164 F.
1683 131 1752 166 717

122 253 318 307 excipias.
353 249 467 293 Tunc
499 262 643 292 omues
677 249 877 292 formulae
909 251 967 293 sic
1001 249 1050 292 ad
1078 253 1256 306 quatuor
1289 249 1486 293 reductae
1509 251 1687 298 luerunt,
1712 254 1756 293 ut

121 326 257 366 essent
289 320 366 364 sub
401 333 574 362 numero
609 320 626 362 1
676 324 713 363 et
747 319 825 363 sub
868 319 1001 363 littera
1034 319 1078 364 T.
1113 319 1396 378 Unaquaeque
1430 320 1560 364 divisa
1607 322 1682 363 fuit
1715 323 1753 363 in

122 395 320 436 maiorem
341 396 554 448 tamquam
584 390 703 433 valde
726 390 1100 433 extraordinariam
1126 396 1165 434 et
1191 393 1392 434 minorem
1424 391 1549 435 veluti
1574 395 1756 434 extraor-

120 463 338 507 dinariam.
373 460 548 504 Maiores
581 460 788 504 dabantur
824 459 996 504 Vicariis
1039 461 1287 517 Apostolicis
1320 461 1562 505 charactere
1595 465 1752 518 episco-

121 533 202 590 pali
251 533 455 588 insignitis
503 543 550 574 ac
600 530 815 587 Episcopis
861 532 900 575 S.
933 529 1098 588 Congr.¹
1142 531 1279 575 adhuc
1325 531 1536 587 subiectis,
1572 535 1754 576 minores

123 603 344 647 Praefectis
379 601 628 658 Apostolicis
663 601 730 645 illo
764 601 1005 645 charactere
1039 602 1205 646 orbatis.

239 673 331 716 Post
367 671 689 730 publicationem
723 671 887 717 Codicis
913 672 1016 716 luris
1037 675 1226 717 canonici
1252 687 1345 717 cum
1373 673 1511 730 plures
1536 673 1752 718 facultates

119 746 159 788 in
194 746 256 788 ius
289 746 512 787 transirent
545 741 881 797 Ordinariorum,
915 749 955 787 et
994 743 1099 787 aliae
1142 745 1314 787 fuissent
1355 743 1495 789 Codici
1531 745 1750 801 aptandae,

119 829 170 859 ne
204 815 405 859 ridiculae
437 819 509 858 aut
540 814 720 858 absonae
753 815 912 868 tierent,
946 817 983 857 in
1035 819 1117 858 tres
1160 815 1358 858 formulas
1391 820 1486 858 sunt
1519 815 1751 870 distinctae,

118 885 337 929 formulam
374 898 522 941 nempe
556 887 747 942 primam,
780 885 1005 928 secundam
1051 889 1091 928 et
1134 887 1313 940 tertiam,
1349 888 1401 928 ita
1437 890 1479 928 ut
1520 885 1586 929 illa
1621 888 1748 929 couti·

116 962 233 1000 neret
266 957 456 999 intimum
494 955 735 1000 facultatum
762 969 996 1003 numerum,
1019 956 1202 999 secunda
1228 958 1536 999 numerosiores
1558 969 1605 999 ac
1630 959 1749 1000 tertia

117 1040 273 1071 omnes.
307 1027 497 1071 Secunda
531 1032 571 1070 et
604 1029 722 1070 tertia
756 1027 921 1070 suerunt
952 1026 1252 1070 subdistinctae
1287 1030 1324 1069 in
1367 1029 1566 1070 maiorem
1605 1032 1644 1070 et
1679 1030 1751 1070 mi-

118 1111 274 1152 norem,
309 1110 416 1155 quae
450 1099 488 1140 in
525 1097 601 1140 hoc
635 1097 842 1140 differunt.
869 1096 1044 1141 Maiores
1077 1110 1170 1141 cum
1205 1097 1356 1141 dentur
1388 1098 1631 1141 charactere
1664 1101 1749 1155 epi-

115 1168 270 1225 scopali
306 1169 527 1224 insignitis,
559 1167 775 1211 tacultates
817 1170 1029 1211 continent
1061 1180 1169 1225 quae
1214 1168 1313 1212 illud
1348 1173 1602 1225 supponunt,
1635 1171 1751 1212 omit-

114 1244 203 1283 tunt
237 1252 336 1282 vero
369 1252 475 1296 quae
507 1244 602 1282 sunt
634 1241 694 1282 eis
718 1243 885 1295 propter
917 1239 1029 1283 idem
1053 1239 1263 1283 ordinarie
1285 1253 1358 1283 seu
1395 1242 1485 1283 iure
1508 1252 1748 1285 concessae.

113 1309 292 1354 Minores
325 1310 476 1354 dantur
511 1310 579 1353 illo
614 1309 855 1354 charactere
878 1310 1128 1354 carentibus.
1155 1310 1347 1354 Formula
1374 1312 1504 1367 prima
1529 1316 1590 1354 est
1614 1313 1748 1364 unica,

114 1380 320 1439 daturque
355 1379 417 1424 his
445 1380 740 1437 Superioribus
773 1393 794 1424 a
827 1380 866 1424 S.
890 1379 1223 1437 Congregatioue
1256 1381 1602 1437 dependentibus,
1626 1383 1748 1438 eique

115 1453 316 1509 prox-imis
340 1465 378 1495 v.
403 1465 464 1509 gr.
492 1454 529 1494 in
555 1451 733 1508 Europa,
755 1454 824 1509 qui
848 1465 943 1495 cum
967 1454 1047 1495 sint
1073 1454 1196 1495 vicini
1216 1452 1471 1495 dioecesium
1496 1464 1518 1495 a
1537 1455 1574 1495 S.
1596 1451 1747 1509 Congr.

113 1521 396 1568 Consistoriali
436 1523 777 1580 dependentium,
811 1527 850 1566 et
892 1522 993 1566 haec
1037 1523 1076 1567 S.
1109 1521 1386 1580 Congregatio
1419 1525 1504 1567 suis
1537 1523 1750 1580 Episcopis

115 1596 381 1638 revocaverit
426 1593 656 1649 facultates,
690 1599 832 1650 utpote
875 1599 966 1650 post
996 1593 1192 1638 Codicem
1228 1597 1542 1649 innecessarias,
1576 1595 1750 1652 proinde

113 1666 152 1710 S.
186 1664 337 1721 Congr.
372 1665 423 1708 de
458 1665 728 1722 Propaganda
765 1668 927 1721 putavit
974 1668 1156 1709 minores
1188 1668 1247 1709 eis
1294 1665 1486 1710 sufficere
1520 1666 1748 1723 facultates,

113 1749 207 1780 cum
245 1738 511 1780 inveniantur
543 1738 582 1779 in
634 1735 803 1793 paribus
845 1737 931 1780 fere
963 1738 1288 1780 circumstantiis
1322 1737 1522 1780 locorum.
1555 1736 1748 1781 Formula

112 1807 296 1851 secunda
331 1813 412 1851 tam
449 1809 581 1850 maior
613 1820 736 1865 quam
773 1809 907 1850 minor
939 1807 1062 1851 datur
1099 1806 1272 1851 Vicariis
1315 1812 1355 1851 et
1388 1807 1612 1852 Praefectis
1644 1807 1750 1865 Apo-

112 1878 281 1932 stolicis,
314 1880 385 1936 qui
419 1877 471 1921 ab
504 1877 615 1922 Urbe
651 1880 783 1935 magis
815 1890 939 1935 quam
975 1878 1272 1934 praecedentes
1296 1878 1466 1932 distant,
1490 1883 1530 1921 et
1555 1877 1747 1922 Formula

113 1952 232 1993 tertia
270 1951 401 1992 maior
435 1951 626 1992 minorve
659 1948 723 1993 his
764 1951 833 2007 qui
871 1951 1114 1993 remotiores
1145 1954 1240 1992 sunt
1282 1962 1330 1993 ac
1364 1951 1530 2006 proprie
1573 1951 1613 1993 in
1648 1948 1748 1993 locis

111 2019 356 2064 infidelium,
