1971 3261
181 173 251 207 454

578 172 664 206 L1B.
693 172 767 207 ΠΙ.
800 192 808 198 -
837 172 947 207 PARS
973 173 1004 207 Ι.
1034 193 1046 199 -
1072 173 1130 209 De
1161 174 1427 210 &loramentis

889 360 1035 396 CAPUT
1062 360 1115 396 lll.

478 443 534 477 De
559 442 608 477 iis
634 451 734 485 quae
760 452 894 478 sacrae
920 443 1160 478 ordinationi
1185 445 1341 487 praeire
1367 445 1524 480 debent.

225 558 310 595 CAN.
340 558 419 594 992.
457 580 474 585 -
510 557 644 595 Omnes
670 565 746 594 tum
772 559 966 595 saeculares

176 613 252 643 tum
290 607 441 652 religiosi
476 606 519 641 ad
558 607 699 643 ordines
738 607 965 652 promovendi

179 666 238 702 per
255 665 292 690 se
317 654 382 700 ipsi
402 654 454 689 vel
482 665 542 700 per
566 654 654 689 alios
678 654 845 700 Episcopo
863 654 966 690 aliive

177 703 236 749 qui
258 701 414 748 Episcopi
436 702 501 736 hac
520 701 555 735 in
574 712 611 737 re
629 701 721 737 vices
738 706 847 747 gerat,
863 713 967 737 suum

177 748 392 796 propositum
430 753 511 784 ante
548 748 806 785 ordinationem
843 760 967 795 oppor-

177 802 263 832 tuno
291 800 446 842 tempore
471 796 645 842 aperiant.

225 842 310 879 CAN.
348 842 429 878 993.
460 863 476 868 -
507 843 734 879 Promovendi
772 843 967 879 saeculares

176 896 236 927 aut
268 890 419 936 religiosi
447 890 506 936 qui
541 891 632 936 quod
660 890 810 943 pertinet
844 891 887 926 ad
913 902 966 926 or·
990 899 992 901 ·

176 938 408 979 dinationem,
428 938 659 973 saecularium
687 948 761 973 iure
782 942 964 983 reguntur,

176 987 345 1022 afferant:

273 1032 325 1068 l.0
350 1032 606 1068 Testimonium
646 1032 790 1068 ultimae
827 1032 965 1068 ordina-

175 1080 282 1116 tionis
307 1084 381 1121 aut,
402 1079 429 1114 si
456 1080 499 1115 de
525 1080 639 1126 prima
664 1084 809 1115 tonsura
827 1084 964 1125 agatur,

174 1127 302 1174 recepti
329 1127 551 1173 baptismatis
577 1132 611 1163 et
637 1127 938 1169 confirmationis;

272 1174 321 1209 29
347 1174 603 1210 Testimonium
637 1175 679 1210 de
698 1174 862 1220 ,peractis
895 1179 965 1210 stu-

174 1222 254 1264 diis,
281 1232 341 1267 pro
359 1221 508 1267 singulis
529 1222 724 1263 ordinibus,
741 1221 785 1257 ad
805 1233 965 1257 normam

176 1280 252 1305 can.
281 1268 361 1310 976,
387 1269 583 1315 requisitis;

270 1317 323 1352 3.0
337 1315 593 1352 Testimonium
607 1316 750 1352 rectoris
765 1315 966 1358 Seminarii,

174 1368 234 1399 aut
261 1364 449 1400 sacerdotis
475 1364 529 1398 cui
557 1363 765 1399 candidatus
783 1368 880 1398 extra
906 1362 965 1399 Se-

177 1411 368 1447 minarium
395 1412 662 1447 commendatus
695 1411 811 1455 fuerit,
839 1411 881 1446 de
907 1411 965 1447 bo-

175 1459 231 1493 nis
256 1458 413 1494 eiusdem
436 1459 613 1494 candidati
641 1458 817 1499 moribus;

270 1504 323 1541 4.0
349 1505 615 1542 Testimoniales
632 1505 765 1541 litteras
784 1503 964 1541 Ordinarii

175 1553 237 1588 loci
266 1553 303 1587 in
330 1564 398 1599 quo
426 1553 681 1599 promovendus
711 1557 849 1588 tantum
880 1557 965 1587 tem-

176 1600 267 1646 poris
293 1605 448 1635 moratus
473 1605 525 1636 est
552 1605 588 1636 ut
614 1600 824 1636 canonicum
855 1599 965 1646 impe·
992 1622 998 1624 -

174 1648 372 1683 dimentum
399 1648 603 1684 contrahere
629 1648 677 1683 ibi
707 1646 875 1694 potuerit;

269 1693 596 1731 5.0Testimoniales
611 1694 808 1741 Superioris
824 1693 965 1729 maioris

173 1741 338 1787 religiosi,
368 1742 399 1776 si
422 1742 476 1777 cui
516 1742 676 1788 religioni
708 1741 965 1788 promovendus

173 1789 369 1835 adscriptus
396 1789 451 1824 sit.

223 1835 313 1872 CAN.
344 1835 423 1871 994.
448 1857 464 1862 -
485 1841 504 1879 ξ
534 1837 565 1872 1.
594 1836 747 1882 Tempus
781 1846 848 1882 quo
888 1846 964 1881 pro-

174 1884 367 1919 movendus
411 1884 521 1930 potuit
563 1885 773 1920 canonicum
819 1882 966 1928 impedi-

174 1936 333 1966 mentum
352 1931 557 1967 contrahere
575 1937 637 1974 est,
663 1930 881 1975 regulariter,
903 1940 966 1976 pro

177 1978 347 2013 militibus
381 1978 569 2023 trimestre,
598 1991 659 2025 pro
685 1978 764 2014 aliis
799 1981 966 2013 semestre

174 2030 249 2071 post
289 2026 528 2071 pubertatem3
563 2026 622 2062 sed
659 2025 848 2072 Episcopus
874 2024 965 2060 ordi-

174 2084 266 2108 nans
294 2083 353 2119 pro
379 2084 442 2108 sua
475 2073 660 2119 prudentia
689 2073 825 2118 exigere
856 2076 966 2118 potest

174 2120 307 2155 litteras
336 2120 589 2156 testimoniales
615 2121 720 2156 etiam
748 2119 791 2155 ob
826 2119 966 2154 brevius

173 2167 458 2202 commorationis
494 2173 644 2214 tempus,
681 2172 714 2203 et
749 2167 791 2202 ob
827 2172 966 2212 tempus

172 2225 310 2260 quoque
336 2215 425 2260 quod
457 2215 673 2260 pubertatem
700 2214 899 2250 antecessit.

220 2261 299 2304 §⁶2
330 2261 366 2298 Si
406 2262 469 2297 loci
507 2260 719 2298 Ordinarius
755 2272 869 2307 neque
908 2271 966 2306 per

172 2319 208 2344 se
233 2319 348 2354 neque
376 2320 435 2354 per
459 2309 547 2344 alios
577 2308 854 2356 promovendum
881 2308 967 2342 satis

171 2356 319 2399 noverit,
349 2361 387 2391 ut
413 2356 530 2392 testari
561 2357 667 2403 possit
694 2367 786 2397 eum,
810 2361 966 2401 tempore

171 2414 239 2448 quo
266 2403 301 2437 in
330 2414 397 2439 suo·
419 2404 591 2439 territorio
619 2408 774 2439 moratus
799 2407 863 2443 est,
891 2403 969 2437 nul-

170 2450 244 2485 lum
270 2451 483 2485 canonicum
512 2451 803 2497 impedimentum
831 2455 969 2485 contra-

170 2497 272 2539 xisse,
295 2503 355 2533 aut
381 2499 409 2532 si
439 2499 697 2544 promovendus
725 2509 784 2544 per
801 2502 849 2533 tot
876 2497 966 2532 dioe-

169 2555 264 2580 ceses
304 2549 448 2589 vagatus
488 2545 532 2580 sit
577 2551 612 2580 ut
656 2545 875 2591 impossibile
915 2544 967 2579 vel

170 2591 278 2626 nimis
304 2592 445 2627 difficile
464 2593 588 2628 evadat
607 2603 732 2628 omnes
760 2592 892 2628 litteras
919 2595 967 2626 te—

170 2639 389 2674 stimoniales
426 2640 618 2685 exquirere,
659 2639 837 2685 provideat
865 2636 967 2674 Ordi-

168 2686 292 2721 narius
320 2686 445 2721 saltem
474 2697 533 2732 per
561 2687 800 2722 iuramentum
828 2686 966 2732 supple-

170 2733 298 2768 torium
326 2744 347 2768 a
375 2734 610 2779 promovendo
638 2733 901 2780 praestandum.

215 2780 233 2825 ξ
262 2779 296 2814 3.
327 2779 363 2815 Si
406 2785 483 2826 post
514 2782 676 2816 obtentas
712 2781 846 2817 litteras
876 2780 968 2815 testi-

169 2827 343 2862 moniales
371 2831 403 2862 et
441 2832 522 2863 ante
562 2833 738 2874 peractam
777 2827 969 2863 ordinatio-

169 2885 265 2914 nem,
298 2875 559 2920 promovendus
593 2875 768 2921 praedicto
794 2874 967 2920 temporis

169 2921 283 2967 spatio
317 2921 354 2956 in
380 2922 500 2957 eodem
530 2923 702 2957 territorio
742 2933 866 2957 rursus
893 2932 970 2956 mo-

1039 565 1135 596 ratus
1161 560 1218 602 sit,
1248 571 1357 596 novae
1394 561 1529 597 litterae
1566 563 1818 600 testimoniales

1039 605 1219 643 Ordinarii
1247 607 1310 643 loci
1337 609 1554 645 necessariae
1579 614 1673 645 sunt.

1087 653 1172 690 CAN.
1202 653 1282 689 995.
1306 676 1323 681 -
1343 660 1362 698 ξ
1393 656 1421 691 i.
1444 655 1556 692 Etiam
1582 656 1748 703 Superior
1765 669 1817 694 re-

1041 701 1183 746 ligiosus
1201 702 1272 736 suis
1299 702 1423 738 litteris
1448 703 1657 739 dimissoriis
1675 716 1744 740 non
1765 717 1818 741 so-

1040 749 1113 784 lum
1144 749 1262 784 testari
1298 749 1399 785 debet
1434 752 1707 796 promovendum
1742 763 1819 799 pro-

1042 796 1231 831 fessionem
1269 797 1466 842 religiosam
1504 798 1662 834 emisisse
1687 804 1720 835 et
1744 810 1820 835 esse

1045 843 1087 878 de
1114 842 1247 878 familia
1272 844 1396 879 domus
1421 844 1602 890 religiosae
1617 846 1682 881 sibi
1701 847 1819 882 subdi-

1041 890 1184 932 tae,‘sed
1203 890 1308 926 etiam
1327 891 1369 927 de
1387 893 1511 927 studiis
1531 893 1691 939 peractis,
1708 894 1819 940 deque

1040 937 1120 973 aliis
1147 937 1221 972 iure
1246 939 1438 985 requisitis.

1087 989 1106 1027 ξ
1132 985 1166 1018 ⁴2.
1196 983 1396 1032 EpiscopuS,
1430 987 1580 1033 acceptis
1618 987 1661 1022 iis
1695 987 1819 1024 litteris

1038 1032 1260 1075 dimissoriis,
1278 1033 1358 1068 aliis
1376 1034 1673 1070 testimonialibus
1695 1035 1819 1071 litteris

1040 1090 1112 1115 non
1140 1079 1284 1122 indiget.

1087 1126 1168 1162 CAN.
1197 1125 1279 1163 996.
1304 1149 1319 1154 -
1347 1132 1366 1170 ξ
1390 1128 1417 1163 1.
1437 1127 1593 1172 Quilibet
1614 1140 1817 1175 promoven-

1039 1174 1104 1208 dus
1126 1174 1198 1210 sive
1224 1175 1412 1211 saecularis
1429 1176 1501 1211 sive
1519 1176 1700 1221 religiosus
1718 1176 1819 1212 debet

1040 1222 1220 1267 praevium
1259 1234 1300 1258 ac
1336 1222 1486 1268 diligens
1520 1234 1665 1259 examen
1700 1224 1818 1260 subire

1039 1269 1131 1304 circa
1157 1269 1271 1315 ipsum
1298 1269 1457 1305 ordinem
1484 1271 1759 1317 suscipiendum.

1086 1320 1105 1357 ξ
1131 1315 1164 1350 ·2.
1197 1316 1423 1353 Promovendi
1451 1328 1530 1353 vero
1555 1318 1596 1353 ad
1625 1329 1741 1354 sacros
1766 1329 1815 1353 or-

1039 1363 1139 1399 dines
1166 1363 1199 1398 in
1220 1364 1300 1400 aliis
1317 1376 1455 1411 quoque
1472 1365 1514 1400 de
1531 1376 1629 1401 sacra
1648 1365 1818 1410 theologia

1039 1411 1307 1447 tractationibus
1334 1412 1527 1458 periculum
1556 1412 1698 1448 faciant.

1086 1458 1105 1503 ξ
1132 1457 1165 1492 3.
1196 1458 1441 1505 Episcoporum
1476 1464 1527 1495 est
1565 1465 1715 1495 statuere
1748 1470 1817 1505 qua

1041 1505 1213 1547 methodo,
1231 1517 1348 1542 coram
1374 1507 1502 1552 quibus
1521 1507 1819 1543 examinatoribus

1038 1557 1071 1587 et
1089 1552 1217 1598 quibus
1236 1553 1272 1588 in
1299 1554 1566 1590 tractationibus
1585 1565 1703 1590 sacrae
1725 1554 1819 1590 theo-

1039 1599 1149 1644 logiae
1176 1601 1400 1647 promovendi
1423 1601 1615 1648 periculum
1637 1602 1748 1637 facere
1766 1601 1821 1637 de·

1039 1647 1156 1682 beant.
1736 1693 1738 1695 Ι

1086 1693 1171 1730 CAN.
1202 1693 1282 1729 997.
1313 1715 1331 1721 -
1359 1699 1378 1738 ξ
1408 1696 1436 1730 l.
1465 1695 1535 1731 Hoc
1564 1706 1711 1731 examen
1745 1695 1817 1731 sive

1039 1752 1100 1787 pro
1126 1741 1260 1777 clericis
1286 1743 1525 1778 saecularibus
1550 1743 1622 1778 sive
1653 1753 1713 1789 pro
1737 1742 1817 1778 reli-

1038 1789 1143 1834 giosis
1170 1789 1293 1835 recipit
1319 1790 1381 1825 loci
1410 1788 1623 1826 Ordinarius
1653 1790 1712 1836 qui
1746 1790 1820 1825 iure

1040 1836 1178 1882 proprio
1198 1837 1349 1878 ordinat,
1371 1843 1432 1872 aut
1449 1838 1507 1873 dat
1526 1837 1745 1873 dimissorias
1765 1837 1820 1871 lit-

1038 1888 1150 1928 teras;
1191 1884 1249 1929 qui
1289 1889 1406 1920 tamen
1453 1889 1561 1930 potest
1599 1895 1737 1931 quoque
1777 1895 1819 1920 ex

1038 1930 1129 1966 iusta
1156 1941 1274 1974 causa,
1302 1931 1387 1967 illud
1424 1931 1591 1978 Episcopo
1617 1932 1820 1967 ordinaturo

1038 1978 1264 2020 committere,
1280 1979 1338 2024 qui
1356 1979 1390 2014 id
1405 1980 1521 2014 oneris
1536 1979 1712 2025 suscipere
1726 1978 1819 2014 velit.

1085 2029 1116 2067 ξ.
1131 2024 1164 2060 2.
1177 2025 1365 2072 Episcopus
1378 2027 1535 2062 alienum
1550 2026 1731 2062 subditum
1746 2026 1819 2062 sive

1038 2073 1252 2108 saecularem
1297 2074 1368 2108 sive
1409 2074 1612 2119 religiosum
1650 2073 1820 2109 ordinans

1039 2130 1119 2155 cum
1145 2120 1310 2165 legitimis
1346 2121 1470 2156 litteris
1495 2120 1716 2162 dimissoriis,
1747 2121 1823 2166 qui-

1040 2167 1104 2202 bus
1128 2167 1297 2202 asseritur
1322 2169 1549 2203 candidatum
1580 2168 1820 2203 examinatum

1041 2214 1147 2250 fuisse
1166 2215 1210 2250 ad
1236 2226 1395 2250 normam
1423 2220 1442 2258 ἓ
1470 2215 1502 2258 1,
1523 2220 1556 2251 et
1583 2216 1747 2251 idoneum
1767 2226 1818 2250 re-

1042 2266 1187 2307 pertum,
1209 2266 1319 2308 potest
1345 2262 1427 2298 huic
1451 2262 1664 2298 attestationi
1684 2262 1822 2308 acquie-

1039 2319 1146 2350 scere,
1175 2309 1233 2344 sed
1261 2320 1332 2344 non
1358 2314 1514 2350 tenetur;
1543 2314 1576 2345 et
1602 2309 1629 2344 si
1672 2320 1732 2355 pro
1758 2319 1821 2344 sua

1039 2355 1256 2392 conscientia
1294 2361 1433 2393 censeat
1474 2356 1703 2392 candidatum
1746 2367 1818 2392 non

1039 2414 1114 2439 esse
1140 2403 1316 2446 idoneum,
1342 2415 1421 2439 eum
1448 2415 1493 2439 ne
1519 2408 1729 2450 promoveat.

1087 2449 1172 2485 CAN.
1203 2448 1283 2485 998.
1307 2472 1324 2476 —
1343 2452 1362 2497 ξ
1383 2451 1414 2486 1.
1436 2449 1585 2486 Nomina
1612 2461 1818 2497 promoven-

1039 2497 1162 2532 dorum
1188 2498 1232 2533 ad
1259 2498 1416 2542 singulos
1442 2509 1558 2533 sacros
1584 2498 1737 2540 ordines,
1762 2508 1820 2533 ex·

1039 2542 1159 2589 ceptis'
1182 2545 1352 2590 religiosis
1377 2556 1398 2581 a
1423 2545 1511 2581 votis
1545 2545 1721 2591 perpetuis
1746 2544 1821 2579 sive

1040 2591 1272 2627 sollemnibus
1304 2592 1377 2628 sive
1410 2592 1643 2638 simplicibus,
1680 2591 1819 2638 publice

1040 2639 1295 2674 denuntientur
1309 2639 1346 2674 in
1362 2639 1545 2685 paroeciali
1561 2639 1732 2685 cuiusque
1741 2649 1822 2674 can-

1040 2686 1148 2721 didati
1175 2686 1338 2729 ecclesia;
1366 2687 1424 2722 sed
1445 2685 1655 2723 Ordinarius
1678 2697 1736 2732 pro
1755 2697 1818 2721 sua

1043 2733 1227 2778 prudentia
1255 2739 1364 2780 potest
1390 2739 1464 2769 tum
1490 2734 1532 2769 ab
1573 2734 1635 2768 hac
1665 2733 1819 2779 publica-

1040 2780 1135 2815 tione
1167 2780 1371 2826 dispensare
1405 2792 1444 2816 ex
1481 2781 1570 2816 iusta
1596 2791 1708 2821 causa,
1739 2785 1819 2819 ,tum

1042 2827 1240 2873 praecipere
1266 2833 1303 2862 nt
1337 2829 1373 2862 in
1400 2827 1478 2863 aliis
1505 2838 1641 2873 quoque
1666 2827 1820 2862 ecclesiis

1043 2879 1239 2920 peragatur,
1261 2879 1335 2910 tum
1363 2875 1588 2921 publicationi
1610 2874 1819 2910 substituere

1045 2921 1219 2967 publicam
1245 2922 1289 2957 ad
1305 2923 1421 2957 valvas
1439 2922 1603 2957 ecclesiae
1620 2921 1817 2956 affixionem
