1971 3261
157 130 250 166 Can.
277 130 348 165 834
539 130 623 165 Trr.
653 129 725 164 III.
747 149 758 154 -
783 130 836 165 De
860 133 1113 165 sanctissima
1140 131 1395 165 Eucharistia
1722 130 1790 164 163

281 248 372 292 148.
408 250 481 295 De
503 252 728 306 tempore
761 250 1108 305 adimplendae
1131 250 1453 305 obligationis
1487 263 1549 295 ex
1573 252 1789 295 manuali

156 322 418 377 stipendio.
439 345 490 350 ——
511 316 743 363 Occasione
768 319 1018 362 conditionis
1043 322 1254 375 temporis,
1278 332 1387 376 quae
1411 319 1619 376 designari
1648 325 1790 376 potest.

157 396 199 434 ut
231 391 387 434 dictum
423 395 484 433 est
517 393 555 432 in
591 402 682 433 can.
717 401 868 446 praec,
903 392 1091 447 sequitur
1125 404 1200 432 can
1249 392 1356 432 &If-l.
1381 390 1409 448 ξ
1448 390 1480 432 1.
1514 389 1675 432 Missae
1709 403 1788 448 pro

155 460 302 519 quibas
336 459 597 504 celebrandis
632 466 792 517 tempas
826 459 875 503 ab
909 459 1097 502 oblatorc
1129 474 1324 518 expresse
1364 461 1677 519 praescriplum
1712 466 1788 513 est,

157 545 234 575 non
269 531 402 575 solum
437 531 518 574 diei
553 531 755 587 designati
792 536 835 575 ut
858 530 1149 575 continebatur
1181 544 1319 588 supra,
1352 532 1422 574 sed
1450 534 1554 574 intra
1588 534 1706 575 cuius
1731 534 1788 574 in-

156 603 375 646 tervallum
426 602 705 655 celebrentur,
740 616 785 645 eo
835 602 1002 645 ommno
1039 608 1222 659 tempore
1268 608 1364 644 sunl
1413 601 1703 659 celebrandae,
1749 609 1789 646 ut

155 674 397 731 obligationi
432 676 612 717 iustitiae
645 674 832 717 satisfiat.

273 744 304 788 E
337 750 479 789 contra
513 747 655 788 statuit
678 745 707 803 ξ
741 745 780 788 2.
817 744 862 788 Si
896 744 1063 788 oblator
1087 744 1248 787 nullam
1274 750 1432 803 teinpus
1453 759 1531 801 pro
1557 744 1785 788 Missaram

156 815 419 859 mamcaliam
453 815 731 858 celebratione
768 829 964 873 ea‘presse
993 815 1323 873 praescripserit
1342 828 1354 857 .·
1388 841 1441 846 -—
1470 816 1509 857 10
1535 814 1692 873 Missae
1710 829 1788 873 pro

156 887 325 944 uryenli
357 901 487 930 caasa
521 885 701 941 oblatae,
731 900 766 932 v.
790 900 852 943 gr.
887 888 1074 930 sanitatis
1099 887 1264 935 infirmi,
1291 889 1470 943 optimae
1497 889 1786 943 navigationis,

157 958 288 1002 felicis
310 961 446 1002 exitus
469 959 690 1011 examinis,
710 957 936 1001 dummodo
960 959 1129 1011 sciatur,
1148 956 1188 1013 a)
1209 957 1515 1015 qaarnprimam
1545 972 1615 1014 pro
1639 970 1788 1001 causae

157 1032 344 1086 urgentia
380 1034 417 1072 et
452 1031 620 1071 omnino
658 1029 700 1086 b)
737 1034 919 1086 tempore
952 1027 1051 1071 utili
1085 1041 1163 1071 non
1205 1030 1254 1071 ad
1292 1041 1477 1071 normam
1506 1042 1595 1072 can.
1622 1030 1689 1080 35,
1713 1029 1784 1072 sed

155 1100 336 1144 scilicet:
372 1101 537 1157 quando
572 1101 782 1143 offerentis
818 1102 989 1143 intentio
1023 1102 1218 1157 consequi
1256 1104 1385 1155 potest
1408 1099 1545 1143 adhuc
1579 1100 1786 1144 effectum.

155 1177 252 1214 sant
275 1171 565 1226 celebrandae,
594 1186 631 1215 V.
655 1185 715 1227 gr.
741 1171 839 1214 dum
866 1172 1084 1213 inlirmitas
1108 1171 1305 1226 perdurat
1329 1171 1526 1219 sananda,
1566 1176 1785 1227 antequam

155 1255 329 1286 examen
366 1244 451 1294 liat,
484 1247 561 1286 etc.
598 1269 650 1272 —
688 1242 730 1284 2⁰
764 1241 812 1285 ln
845 1241 947 1284 aliis
981 1241 1145 1283 casibus
1178 1240 1338 1284 Missae
1370 1247 1467 1283 Sim!
1517 1241 1789 1284 celebrandae

156 1312 273 1370 infra
306 1312 513 1356 modicam
562 1319 721 1370 tempus
756 1313 1082 1356 mensurandum
1134 1325 1212 1354 non
1248 1312 1360 1355 horis
1398 1312 1469 1355 sed
1519 1311 1678 1365 diebus,
1714 1326 1787 1356 nec

153 1384 511 1440 interpretandum
551 1385 904 1440 «quamprimum
933 1399 972 1437 n,
1009 1388 1049 1425 ut
1074 1387 1244 1439 apparet
1284 1396 1334 1426 ex
1359 1384 1602 1439 gradatione
1638 1385 1674 1425 in
1711 1383 1786 1426 hoc

153 1467 310 1498 canone
344 1454 527 1498 adhibita
562 1454 698 1512 quoad
733 1453 999 1510 obligationis
1033 1453 1267 1496 huiusmodi
1302 1454 1711 1507 determinationem,
1750 1459 1787 1496 et

154 1530 321 1582 propter
358 1524 482 1569 verba
517 1538 623 1582 quae
655 1529 887 1581 sequuntur
922 1525 1247 1568 mensurandum
1282 1525 1464 1582 quadam
1516 1538 1607 1568 cum
1643 1526 1784 1581 ampli·

153 1598 295 1641 tudine
325 1611 404 1655 pro
439 1597 599 1640 maiore
621 1595 684 1639 vel
717 1596 879 1639 ¹na'aore
911 1595 1142 1639 Missarwn
1167 1610 1337 1639 nurnero
1373 1597 1702 1644 determinanda,
1727 1600 1779 1640 ila

152 1674 195 1712 ut
227 1682 374 1712 sensus
405 1670 478 1712 sit:
517 1668 723 1711 servanda
758 1667 996 1711 sollicitudo
1030 1667 1284 1724 adimplendi
1322 1681 1425 1710 onus
1462 1670 1549 1710 vii-0
1597 1670 1788 1711 timorato

152 1752 199 1783 ac
233 1739 424 1796 prudenti
461 1742 640 1796 propria.
676 1765 728 1769 —
763 1740 801 1782 Si
837 1741 1041 1795 quispiam
1077 1738 1285 1782 desideret
1319 1738 1541 1796 aliqualem
1591 1739 1786 1782 determi-

153 1813 376 1863 nationem,
411 1813 559 1867 poterit
592 1813 780 1867 recipere
815 1824 862 1853 ex
902 1810 1016 1853 Dec⁰.
1057 1825 1073 1850 α
1099 1809 1147 1853 Ut
1173 1809 1310 1853 debita
1336 1825 1354 1850 ›>
1395 1815 1434 1852 ut
1469 1822 1658 1852 securam
1694 1823 1787 1852 nor-

154 1895 263 1926 mam
297 1882 569 1926 directivam:
610 1898 632 1923 α
657 1882 699 1925 20
724 1881 829 1926 Utile
864 1886 1027 1937 tempus
1045 1881 1095 1924 ad
1131 1881 1207 1924 hoc
1231 1894 1320 1923 esse
1357 1894 1538 1923 mensem
1566 1894 1637 1936 pro
1664 1883 1784 1924 missa

153 1966 246 2005 una,
280 1958 481 1997 semestre
517 1966 589 2010 pro
622 1958 788 1996 centum
826 1954 972 1998 missis,
997 1957 1036 1995 et
1059 1951 1169 1995 aliud
1197 1951 1359 2007 longius
1396 1951 1457 1993 vel
1494 1950 1664 1994 brevius
1690 1956 1788 1994 tem-

152 2027 263 2081 poris
293 2027 470 2082 spatium
509 2023 599 2081 plus
634 2026 836 2078 minusve,
874 2026 985 2066 iuxta
1013 2025 1212 2065 maiorem
1239 2022 1302 2065 vel
1330 2024 1530 2065 minorem
1566 2035 1784 2065 numerum

153 2098 434 2139 missarum».
485 2096 603 2151 Quod
641 2100 841 2139 maiorem
876 2094 1013 2138 adhuc
1062 2094 1449 2137 determinationem
1503 2096 1711 2149 rescripsit
1746 2094 1782 2136 S.

151 2165 193 2210 C.
227 2165 256 2210 C
296 2166 322 2213 ¹,
363 2182 383 2208 (c
418 2166 521 2210 Rem
554 2166 731 2223 relinqui
767 2165 946 2223 discreto
981 2165 1133 2207 iudicio
1157 2169 1197 2207 et
1220 2165 1498 2207 conscientiae
1521 2164 1783 2207 sacerdotum

150 2240 262 2281 iuxta
298 2237 519 2281 Decretum
553 2241 594 2280 et
628 2237 791 2294 regulas
825 2250 846 2279 a
881 2235 1062 2293 probatis
1095 2235 1180 2278 ΛΑ.
1217 2235 1400 2284 traditas,
1426 2240 1463 2278 et
1489 2235 1555 2290 (ad
1583 2235 1634 2292 ll)
1676 2236 1782 2291 quod

153 2309 321 2364 praefati
356 2310 520 2351 termini
557 2308 842 2365 intelligantur
875 2309 1047 2350 seorsim
1082 2306 1218 2363 quoad
1253 2305 1482 2363 quemlibet
1531 2306 1780 2362 stipendium

151 2380 390 2423 offerentem
415 2396 457 2423 )).
507 2379 586 2423 Sed
622 2382 660 2422 in
711 2381 883 2423 canonis
919 2380 1172 2434 praescripto
1207 2390 1285 2419 non
1321 2382 1379 2419 est
1415 2379 1564 2419 inserta
1600 2376 1782 2420 clausula

151 2450 246 2494 Dec.
275 2466 297 2492 «
318 2450 369 2495 Ut
392 2450 531 2494 debita
557 2468 595 2505 »,
619 2451 691 2494 sed
718 2450 955 2493 indetinita:
984 2448 1245 2491 «dummodo
1265 2449 1366 2490 inl'ra
1389 2448 1597 2490 modicum
1624 2452 1785 2503 tempus

154 2521 317 2566 valeant
350 2522 544 2566 omnibus
568 2521 700 2565 Missis
733 2522 973 2565 satisfacere
997 2536 1018 2560 υ
1047 2534 1095 2562 ex
1122 2533 1229 2575 resp.
1254 2520 1303 2562 ad
1335 2520 1383 2562 10
1404 2518 1582 2562 Dubium
1608 2520 1646 2562 S.
1671 2517 1712 2561 C.
1737 2519 1778 2561 (j.

150 2593 227 2637 sub
259 2593 424 2638 Urbano
464 2593 563 2647 vill,
599 2599 637 2637 et
671 2606 778 2651 quae
814 2594 1031 2635 conlirmat
1067 2593 1448 2647 interpretationem
1475 2602 1597 2646 supra
1623 2590 1783 2633 datam:

155 2681 177 2706 α
201 2664 261 2707 An
298 2678 427 2708 novas
453 2665 618 2708 valeant
643 2664 931 2720 eleemosynas
956 2664 1140 2718 recipere
1160 2663 1189 2721 ii
1214 2661 1473 2709 Sacerdotes,
1498 2663 1565 2717 qui
1606 2662 1785 2715 acceptis

151 2748 229 2778 non
263 2736 577 2781 satisfecerunt:
614 2739 652 2777 et
686 2734 783 2791 quid
820 2735 852 2777 si
887 2745 1070 2787 congruo
1107 2737 1291 2787 tempore
1328 2733 1479 2787 possint
1514 2730 1704 2773 munibus
1727 2742 1784 2772 sa-

270 2889 281 2910 1
308 2888 494 2932 Archiep.
523 2888 744 2932 Leopolien.
774 2886 1063 2925 Ruthenorum,
1084 2884 1128 2918 ‘27
1156 2884 1267 2919 Febr.
1299 2884 1387 2918 1905
1415 2885 1462 2917 ad
1482 2883 1540 2918 ΙΨ.
