1971 3261
178 149 247 182 544
567 147 653 181 Llss.
681 147 753 181 III.
783 167 796 172 —
830 147 940 182 PARS
965 148 997 182 Ι.
1025 168 1036 173 -
1063 147 1119 182 De
1144 147 1410 182 Sacramentis
1593 146 1688 183 Gan.
1718 147 1807 182 1047

178 280 227 310 ex
264 268 340 310 hoc
376 271 596 323 praecepto
619 266 659 323 a)
685 267 728 309 in
754 265 861 310 libro
885 265 928 324 h)
951 265 1181 323 diliqenlei·
1204 279 1254 309 ne
1279 270 1421 322 pereat
1446 265 1509 309 vel
1542 265 1809 323 distrahatur,

177 351 224 381 ac
258 351 307 380 ne
342 339 585 393 inspiciatur
617 338 669 381 ab
702 339 795 381 aliis
829 336 869 394 c)
904 337 945 380 in
981 342 1139 379 secreto
1177 336 1331 380 Cariae
1363 335 1548 390 archivo,
1582 336 1691 394 quod
1728 350 1811 380 mo-

177 409 346 452 deratur
379 420 468 451 can.
494 408 698 463 379-3802,
723 414 943 465 propterea
978 408 1132 451 dicitur
1154 406 1205 450 de
1237 421 1315 465 qno
1349 407 1391 450 in
1427 408 1644 463 can.379,
1667 407 1812 464 supple

182 478 376 523 «libro»
418 479 470 522 ibi
505 478 777 527 asservando,
815 479 924 522 unde
958 478 1328 535 comprehenditur
1360 477 1437 522 sub
1474 477 1659 521 clausula
1704 477 1814 521 illius

178 551 374 593 canonis:
416 565 435 589 α
460 549 501 592 ln
547 563 596 592 eo
638 551 871 606 scripturae
915 553 1075 593 secreto
1119 549 1352 592 servandae
1395 550 1633 592 cautissime
1676 553 1810 591 custo-

178 620 345 664 diantur
367 637 406 661 ».

259 719 262 721 >
296 691 414 735 Ratio
452 705 549 735 vero
584 693 840 750 effectusque
867 692 989 737 liuius
1013 695 1255 750 praescripti
1280 695 1338 736 sic
1364 693 1527 749 patefit:
1552 692 1593 749 a)
1617 706 1690 735 nec
1722 691 1812 735 alia

178 763 439 822 dispensatio
470 776 548 821 pro
581 763 676 821 soro
709 769 882 808 erierno
917 770 978 807 est
1012 763 1267 820 necessaria,
1301 765 1511 821 supposita
1547 763 1612 807 illa
1646 764 1814 807 adnota-

179 837 302 887 tione,
327 837 433 878 sicut
466 834 586 878 aliter
619 840 729 878 esset
761 835 811 879 ad
846 848 1036 879 normam
1071 848 1161 879 can.
1188 835 1286 890 ⁶202,
1310 835 1376 889 §1
1409 834 1474 878 ubi
1510 837 1812 892 praescriptum

179 911 263 950 est:
302 905 473 949 «Actus
509 908 721 961 potestatis
755 906 1053 950 iurisdictionis
1086 908 1175 949 sive
1208 906 1444 949 ordinariae
1476 908 1565 949 sive
1599 905 1814 962 delegatae

179 976 352 1021 collatae
388 990 459 1033 pro
494 977 581 1019 t'oro
621 979 783 1020 interno
819 990 897 1020 non
937 977 1045 1020 valet
1081 990 1153 1033 pro
1187 982 1424 1031 externo»,
1458 976 1538 1019 etsi
1568 981 1714 1034 postea
1749 990 1813 1019 oc-

179 1047 334 1091 cultam
371 1047 714 1105 impedimentum
744 1047 958 1105 publicani
999 1048 1180 1090 evaserit
1224 1060 1323 1105 prae
1365 1050 1670 1104 expectatione,
1702 1047 1811 1104 quod

180 1122 351 1163 evenire
395 1132 512 1175 posse
555 1121 817 1175 supponitur,
851 1124 891 1162 et
935 1118 1030 1162 hinc
1077 1118 1241 1162 videtur
1283 1119 1521 1162 contii-mari
1566 1118 1676 1176 quod
1716 1123 1814 1162 tunc

181 1192 363 1235 diximus
406 1190 456 1233 de
496 1190 795 1246 impedimento
839 1190 1002 1234 occulto
1047 1190 1316 1247 ponderando
1359 1188 1588 1233 secundum
1636 1189 1817 1246 prudens

181 1261 405 1315 iudicium;
440 1260 708 1318 subiungitur
739 1266 877 1304 autem
914 1261 1204 1304 adversative:
1231 1259 1273 1317 b)
1298 1260 1371 1303 sed
1392 1265 1454 1303 est
1476 1259 1717 1302 necessaria
1742 1261 1818 1303 sci-

184 1332 300 1376 licet:
325 1348 347 1373 a
372 1346 444 1388 pro
469 1335 554 1375 toro
578 1336 764 1386 externe,
788 1334 819 1375 si
840 1332 1110 1389 (quandoque
1134 1330 1437 1388 dispensatum)
1457 1330 1666 1375 occultum
1693 1333 1817 1388 impe-

182 1404 411 1447 dimentum
439 1403 650 1459 publicum
670 1405 852 1446 evaserit
874 1419 915 1457 »,
934 1403 973 1446 si
989 1402 1252 1461 dispensatio
1274 1405 1388 1445 initio
1411 1405 1581 1446 canonis
1605 1402 1814 1446 declarata

184 1488 376 1518 concessa
411 1473 542 1531 faerit
579 1479 757 1527 lantani,
794 1473 855 1517 vel
892 1473 944 1517 ob
979 1474 1233 1517 voluntatem
1269 1476 1548 1517 exercentis«
1572 1477 1813 1530 potestatem

183 1545 375 1589 collatam
413 1558 483 1602 pro
517 1548 602 1588 loro
638 1547 799 1589 interno
823 1560 863 1600 »,
884 1547 974 1588 sive
998 1547 1094 1602 quia
1120 1547 1157 1588 in
1183 1546 1451 1588 concessione
1475 1546 1688 1601 potestatis
1715 1559 1735 1584 «
1759 1555 1818 1586 sa-

183 1616 437 1659 cramentale
477 1618 714 1672 exigatur»
752 1616 862 1674 (can.
898 1615 994 1671 ⁶203,
1029 1617 1054 1670 ἓ
1089 1615 1131 1673 Q)
1167 1616 1316 1668 forum,
1349 1615 1394 1657 in
1424 1614 1520 1672 soro
1554 1614 1721 1657 interno
1753 1627 1817 1656 sa-

184 1686 450 1742 cramentali,
486 1691 527 1729 ut
563 1689 799 1730 monuimus
844 1701 916 1744 pro
959 1686 1129 1743 speciali
1164 1700 1260 1730 casu
1298 1689 1334 1729 in
1372 1687 1452 1729 tine
1485 1688 1656 1730 canonis
1691 1685 1817 1739 1046,

185 1757 310 1815 idque
342 1762 540 1800 statutum
575 1763 635 1801 est
668 1763 948 1814 congruenter
981 1760 1127 1801 canoni
1168 1758 1291 1813 1757,
1326 1760 1350 1811 ἓ
1384 1757 1431 1800 3:
1472 1772 1492 1798 <c
1514 1756 1565 1801 Ut
1600 1759 1819 1813 incapaces

187 1829 445 1886 repelluntur
478 1841 498 1872 a
535 1831 769 1872 testimonio
805 1829 1048 1873 terendoz...
1085 1828 1128 1872 ,⁶2⁰
1161 1828 1421 1885 Sacerdotes,
1445 1827 1555 1886 quod
1590 1830 1736 1871 attinet
1767 1826 1817 1870 ad

185 1913 230 1944 ea
270 1902 421 1955 omnia,
456 1912 563 1958 quae
597 1902 696 1957 ipsis
728 1913 777 1943 ex
814 1901 1070 1944 consessione
1103 1898 1395 1943 sacramentali
1431 1901 1711 1951 innotuerunt,
1745 1899 1819 1941 etsi

185 1982 205 2013 a
244 1970 408 2014 vinculo
442 1970 565 2027 sigilli
600 1970 720 2013 soluti
755 1972 860 2024 sint,
898 1973 978 2014 imo
1012 1970 1152 2014 andita
1188 1982 1208 2013 a
1244 1972 1393 2027 quovis
1425 1974 1463 2013 et
1497 1982 1663 2026 quoquo
1697 1968 1820 2011 modo

185 2044 401 2084 occasione
435 2042 722 2095 confessionis,
746 2055 797 2085 ne
832 2046 875 2085 nt
911 2042 1108 2085 indicium
1145 2041 1314 2099 quidem
1352 2042 1538 2084 vei-itatis
1572 2041 1699 2096 recipi
1735 2052 1823 2096 pos-

185 2117 278 2155 sunt
301 2127 340 2156 ».
364 2112 666 2169 praescriptum
704 2111 802 2155 illud
839 2125 886 2156 ac
922 2113 1027 2156 istud
1067 2112 1187 2155 valde
1222 2112 1417 2168 prudens,
1442 2116 1485 2154 ut
1507 2109 1821 2154 sacramentalis

186 2183 453 2226 confessionis
489 2182 657 2226 libertas
691 2185 729 2225 in
766 2182 929 2240 plenam
965 2182 1135 2227 tutelam
1170 2185 1222 2226 sit
1256 2185 1401 2239 posita.

304 2251 395 2296 Quid
423 2264 503 2298 ergo
529 2253 718 2289 dicendum
747 2253 789 2289 de
815 2253 1078 2299 dispensatione
1105 2264 1269 2288 concessa
1295 2257 1368 2288 tum
1396 2263 1417 2287 a
1444 2251 1591 2298 parocho
1621 2255 1694 2286 tum
1721 2261 1741 2286 a
1768 2260 1822 2285 sa·

185 2312 323 2347 cerdote
349 2313 379 2346 vi
408 2320 502 2348 cans.
537 2311 637 2353 1045,
667 2316 686 2355 ἓ
712 2311 745 2355 3,
770 2327 788 2346 «
807 2313 843 2347 in
874 2313 944 2348 soro
972 2312 1110 2348 interno
1137 2323 1206 2348 non
1233 2311 1478 2348 sacramentali
1501 2324 1515 2343 υ
1545 2321 1649 2357 super
1676 2309 1823 2356 impedi-

187 2376 303 2406 mento
340 2372 477 2417 publico
514 2372 587 2415 (sed
615 2372 651 2406 in
687 2383 768 2407 casu
806 2373 969 2416 occulto).
999 2393 1042 2398 —
1074 2371 1296 2418 Respondeo:
1328 2371 1422 2406 hunc
1453 2384 1467 2403 α
1487 2375 1603 2405 actum
1641 2368 1820 2416 potestatis

187 2430 438 2465 iurisdictionis
466 2431 539 2466 sive
564 2431 762 2466 ordinariae
779 2431 833 2475 (in
863 2430 1024 2477 parocho)
1041 2430 1113 2466 sive
1138 2430 1314 2475 delegatae
1342 2432 1395 2474 (ex
1413 2429 1559 2465 canonis
1576 2427 1822 2464 commissione

187 2489 223 2523 in
250 2489 439 2532 sacerdote)
468 2490 612 2525 collatae
641 2501 700 2536 pro
728 2490 801 2525 foro
827 2490 967 2526 interno
994 2501 1064 2525 non
1092 2489 1204 2525 valere
1233 2499 1292 2535 pro
1317 2493 1493 2524 externo»
1528 2489 1619 2527 (can.
1637 2486 1715 2528 *2ϋὶ),
1734 2488 1753 2533 3¹
1772 2485 1819 2532 1).

187 2549 290 2594 Atqui
321 2549 350 2582 vi
380 2549 482 2584 huius
511 2549 656 2585 canonis
685 2547 775 2584 1047
802 2549 982 2585 adnotatio
1021 2549 1192 2590 facienda,
1220 2559 1264 2584 ne
1288 2548 1358 2584 alia
1395 2547 1612 2594 dispensatio
1653 2557 1712 2592 pro
1751 2546 1822 2581 foro

186 2611 327 2642 externo
353 2607 396 2641 sit
424 2608 633 2649 necessaria,
654 2613 705 2643 est
724 2608 874 2643 taxative
892 2596 1166 2653 dispensationis
1189 2621 1203 2639 «
1223 2617 1327 2652 super
1353 2605 1605 2652 impedimento
1630 2604 1763 2640 occulto
1787 2617 1818 2638 ».

189 2665 273 2711 Ergo
300 2677 369 2701 non
398 2666 533 2702 obtinet
559 2667 710 2703 eundem
737 2667 897 2703 effectum
924 2666 1050 2702 similis
1074 2666 1253 2702 adnotatio
1279 2665 1553 2711 dispensationis
1583 2675 1687 2710 super
1713 2664 1823 2709 impe-

187 2725 343 2761 dimento
371 2726 509 2771 publico
536 2727 571 2761 in
601 2727 741 2762 casibus
767 2726 912 2762 occultis
938 2726 980 2762 ad
1009 2736 1167 2761 normam
1195 2736 1275 2761 can.
1303 2723 1406 2766 1045,
1436 2728 1454 2766 ξ
1481 2723 1573 2759 3.-
1594 2723 1692 2759 Unde
1717 2733 1822 2758 cano-

187 2784 306 2819 nicum
333 2784 499 2830 effugium
528 2786 563 2820 iu
591 2786 790 2821 huiusmodi
819 2785 957 2821 casibus
994 2790 1083 2820 esset
1121 2783 1394 2830 dispensationis
1428 2793 1612 2818 concessae
1640 2793 1698 2828 per
1726 2792 1823 2828 paro·

187 2844 291 2880 chum
320 2845 371 2879 vel
399 2844 610 2880 sacerdotem
640 2844 742 2881 fidem
783 2844 950 2880 facientes
977 2845 1013 2878 in
1040 2855 1159 2879 eorum
1200 2842 1386 2878 ministerii
1424 2842 1587 2877 exercitio
1624 2841 1750 2876 delatio
1778 2841 1821 2876 ad

188 2904 416 2940 Ordinarium
444 2903 521 2943 loci,
542 2904 599 2949 qui
629 2903 789 2939 iudicans
815 2914 936 2939 casum
965 2903 1029 2938 sub
1056 2902 1166 2949 ipsius
1195 2901 1359 2937 facultate
1377 2897 1690 2942 vican.1045,§l
1718 2899 1824 2935 fuisse
