1971 3261
250 281 287 317 20
312 281 394 325 Qui,
412 286 653 327 praeterquam
676 280 710 315 iu
730 291 811 315 casu
826 286 932 316 extre-

153 340 230 365 mae
265 328 494 368 necessitatis,
532 328 742 374 baptismum
775 327 819 362 ab
858 338 931 362 aca-

152 376 290 412 tholicis
315 375 438 421 quovis
477 375 578 411 modo
611 374 676 409 sibi
713 374 862 409 conferri
892 375 932 408 si-

153 429 298 466 verunt3

246 470 283 504 30
309 469 375 513 Qui
398 470 662 505 matrimonium
682 473 853 504 attentare
871 474 929 503 aut

148 518 286 554 civilem
310 522 445 552 tantum
465 521 580 552 actum
603 527 729 562 ponere
746 516 820 550 ausi
836 522 930 556 sunt,

152 565 202 601 vel
237 565 376 611 ipsimet
412 564 551 599 vinculo
586 563 834 598 matrimoniali
871 569 929 598 aut

150 613 274 648 ordine
299 622 396 647 sacro
421 616 481 647 aut
508 611 595 646 votis
622 611 790 654 religiosis
823 610 927 645 etiam

150 659 370 706 simplicibus
407 670 446 694 ac
481 658 700 705 temporariis
738 657 848 701 ligati.
879 658 929 692 vel

149 718 229 743 cum
258 706 402 742 muliere
429 706 550 742 iisdem
580 705 665 741 votis
682 705 849 740 adstricta
870 710 929 739 ant

151 754 375 791 matrimonio
400 754 512 788 valido
538 753 745 792 coniuncta;

246 802 284 836 4⁰
309 799 375 845 Qui
421 801 656 836 voluntarium
701 799 927 834 homicidium

153 853 396 896 perpetrarunt
413 853 473 884 aut
494 849 581 883 tetus
600 847 744 882 humani
767 846 926 882 abortum

153 901 438 943 procuraverunt,
456 896 577 931 effectu
597 899 725 937 secuto,
739 905 929 940 omnesque

149 948 374 990 cooperantes
386 956 392 983 ;

245 990 283 1025 5⁰
308 989 374 1034 Qui
404 990 533 1036 seipsos
561 989 612 1024 vel
638 989 724 1024 alios
752 988 930 1024 mutilave—

151 1044 233 1074 runt
249 1038 299 1073 vel
315 1038 380 1072 sibi
392 1038 496 1073 etiam
512 1037 666 1072 adimere
685 1041 926 1076 tentaverunt3

245 1084 283 1119 6⁰
309 1085 431 1121 Clerici
469 1085 638 1120 medicam
676 1084 726 1119 vel
758 1083 928 1128 chirurgi-

148 1144 225 1168 cam
251 1138 360 1169 artem
389 1132 452 1167 sibi
490 1133 630 1167 vetitam
659 1136 868 1168 exercentes,
899 1131 925 1165 si

150 1180 277 1216 exinde
304 1191 396 1215 mors
422 1184 606 1225 sequatur-2

244 1227 282 1262 70
307 1227 374 1271 Qui
409 1232 524 1262 actum
560 1225 705 1266 ordinis,
731 1225 865 1260 clericis
891 1225 926 1260 in

149 1274 271 1310 ordine
297 1285 394 1310 sacro
412 1273 610 1309 constitutis
630 1277 856 1313 reservatum,
875 1284 927 1319 po-

151 1327 249 1361 nunt,
278 1323 329 1357 vel
367 1332 406 1356 eo
443 1321 565 1356 ordine
603 1325 769 1361 carentes,
798 1320 848 1355 vel
884 1320 928 1356 ab

147 1369 222 1405 eius
247 1369 408 1405 exercitio
437 1380 545 1415 poena
571 1368 740 1403 canonica
766 1368 838 1403 sive
857 1379 927 1414 per-

147 1417 272 1452 sonali.
294 1416 495 1452 medicinali
523 1420 582 1452 aut
611 1415 833 1459 vindicativa,
856 1415 928 1450 sive

150 1464 247 1499 locali
276 1463 453 1510 prohibiti.

196 1512 280 1547 (jin.
310 1511 390 1546 95⁴5.
422 1530 438 1537 -
468 1510 558 1546 Haec
585 1510 706 1545 delicta
728 1509 926 1555 irregulari-

148 1563 253 1594 tatem
282 1569 352 1594 non
382 1559 534 1605 pariunt,
561 1557 626 1592 nisi
654 1557 782 1592 luerint
807 1557 926 1602 gravia

148 1611 299 1653 peccata,
342 1611 416 1652 post
459 1606 671 1651 baptismum
718 1609 924 1650 perpetrata,

125 1654 243 1690 ⁴salvo
269 1655 480 1700 praescripto
506 1664 585 1688 can.
603 1651 681 1691 985.
709 1664 744 1688 n.
771 1652 802 1692 2,
831 1652 927 1687 item-

147 1712 213 1748 que
238 1706 394 1745 externa,
416 1701 487 1736 sive
514 1700 651 1746 publica
679 1699 751 1735 sive
777 1700 923 1735 occulta.

195 1747 279 1784 CAN.
309 1747 390 1783 987.
422 1768 437 1774 -
466 1747 556 1783 Sunt
587 1747 792 1793 simpliciter
819 1747 925 1793 impe—

147 1796 229 1831 diti:

245 1843 279 1878 10
306 1842 379 1878 Filii
396 1842 681 1883 acatholicorum,
699 1842 854 1888 quandiu
873 1854 924 1888 pa-

147 1895 263 1926 rentes
289 1890 324 1925 in
353 1901 415 1926 suo
440 1900 554 1926 errore
582 1894 807 1936 permanent;

241 1937 279 1972 2⁰
308 1937 378 1973 Viri
406 1948 547 1973 uxorem
575 1937 765 1978 habentes;

242 1984 279 2020 3⁰
304 1983 371 2028 Qui
398 1985 549 2020 officium
577 1984 628 2020 vel
653 1984 925 2020 administratio-

146 2043 227 2068 nem
254 2040 379 2078 gerunt
417 2031 552 2068 clericis
577 2032 719 2068 vetitam
751 2032 851 2067 cuius
876 2044 926 2068 ra—

146 2080 259 2116 tiones
296 2080 439 2115 reddere
478 2078 639 2120 debeant,
672 2079 792 2121 donec,
826 2079 926 2126 depo-

146 2127 212 2162 sito
239 2126 349 2162 officio
376 2132 409 2162 et
429 2126 736 2162 administratione
753 2131 858 2173 atque
876 2139 925 2163 ra-

145 2174 302 2210 tionibus
327 2174 486 2216 redditis,
512 2174 612 2209 liberi
643 2174 720 2209 facti
748 2175 837 2216 sint3

241 2219 279 2257 4⁰
304 2220 400 2257 Servi
443 2221 608 2258 servitute
656 2222 791 2268 proprie
832 2222 925 2258 dicta

145 2273 226 2305 ante
251 2273 429 2316 acceptam
452 2269 667 2311 libertatem;
847 2273 851 2275 “

241 2315 279 2352 5⁰
304 2314 370 2360 Qui
390 2317 434 2352 ad
452 2316 668 2352 ordinarium
691 2316 840 2352 militare
858 2327 925 2352 ser-

146 2363 271 2399 vitium
305 2363 398 2399 civili
427 2364 500 2409 lege
525 2364 806 2409 adstringuntur,
831 2369 925 2399 ante-

145 2422 250 2457 quam
279 2411 364 2447 illud
390 2412 626 2457 expleverint;

240 2456 278 2493 60
303 2457 485 2506 Neophyti,
510 2459 632 2499 donec,
659 2458 787 2494 iudicio
822 2457 923 2495 Ordi-

145 2506 248 2547 narii‚
274 2506 486 2542 sufficienter
513 2506 644 2552 probati
674 2506 821 2547 fuerint;

891 190 897 196 .
935 184 946 188 -
973 164 1028 198 De
1058 164 1202 199 Ordine

1710 165 1780 198 413

1101 281 1137 316 7⁰
1163 283 1229 326 Qui
1247 283 1393 318 infamia
1409 284 1485 318 facti
1504 283 1675 322 laborant.
1695 284 1777 319 dum

1007 329 1091 374 ipsa,
1121 329 1247 365 iudicio
1273 330 1464 369 Ordinarii,
1494 331 1666 376 perdurat.

1053 376 1137 411 (jis.
1168 376 1247 410 988.
1278 397 1298 403 -
1324 378 1523 422 ignorantia
1552 378 1779 423 irregularita-

1004 427 1074 457 tum
1091 423 1161 458 sive
1179 436 1218 459 cx
1238 424 1363 459 delicto
1381 425 1452 460 sire
1469 437 1507 460 cx
1523 426 1656 460 defectu
1677 431 1780 472 atque

1004 470 1332 515 impedimentorum
1371 472 1415 507 ab
1453 472 1581 507 eisdem
1619 484 1687 508 non
1724 484 1778 508 ex-

1003 522 1112 551 cusat.

1051 565 1134 598 (lix.
1165 565 1242 599 989.
1274 587 1289 590 -
1320 566 1591 610 irregularitatcs
1617 573 1647 602 ct
1678 568 1777 613 impc-

1002 611 1157 646 dimcnta
1186 613 1464 658 multiplicantur
1489 625 1526 649 ex
1555 614 1700 649 diversis
1729 626 1780 649 eo-

1003 659 1150 693 rundem
1179 661 1305 698 causis,
1336 672 1404 695 non
1438 666 1553 696 autem
1589 673 1626 696 cx
1660 662 1778 707 repeti-

1003 708 1094 740 tioue
1133 707 1285 741 eiusdem
1326 720 1461 745 causac,
1493 709 1557 742 nisi
1588 714 1711 753 agatur
1737 710 1778 744 dc

1005 753 1256 797 irregularitate
1286 767 1323 789 ex
1358 755 1542 790 homicidio
1571 757 1775 791 xoluntario.

1050 800 1133 835 (jis.
1165 800 1243 835 9911,
1285 823 1300 826 -
1338 808 1350 838 ,z'
1394 803 1421 836 1.
1452 803 1539 837 Licet
1581 804 1779 838 ordinariis

1005 858 1063 892 per
1089 859 1124 882 se
1153 848 1201 881 vel
1233 860 1290 894 per
1315 849 1422 883 aliurn
1451 862 1530 883 suos
1548 851 1706 885 subditos
1732 852 1780 885 ‹li-

1001 906 1165 940 spcnsarc
1191 897 1234 930 ab
1274 897 1586 939 irregularitatibus
1615 898 1779 933 erunibus

1001 952 1039 977 ex
1081 942 1203 977 delicto
1241 944 1374 978 occulto
1415 945 1710 988 provenientibus,
1738 957 1776 980 ea

1001 995 1140 1035 excepta
1161 990 1201 1025 de
1220 1002 1287 1035 qua
1308 991 1339 1024 in
1361 1002 1439 1026 can.
1463 991 1542 1027 9835.
1567 1004 1600 1026 n.
1628 991 1640 1026 'a
1668 993 1778 1028 aliare

1001 1036 1147 1071 deducta
1175 1038 1216 1072 ad
1248 1039 1356 1072 torum
1387 1039 1558 1073 iudiciale.

1049 1088 1067 1125 ἓ
1093 1084 1125 1118 L).
1148 1084 1272 1119 Eadem
1294 1086 1437 1120 facultas
1456 1088 1615 1131 competit
1637 1087 1777 1121 cuilibet

1002 1132 1214 1167 confessario
1242 1133 1274 1166 in
1304 1133 1441 1167 casibus¹
1475 1134 1617 1168 occultis
1653 1146 1776 1176 urgen—

1002 1178 1146 1213 tioribus
1174 1180 1207 1213 iu
1237 1180 1362 1225 quibus
1382 1179 1593 1216 Ordinarius
1611 1178 1776 1217 adii-inc-

1001 1231 1103 1271 queat
1141 1232 1171 1261 et
1215 1227 1403 1272 perieulum
1445 1228 1626 1263 immineat
1663 1229 1778 1273 gravis

1000 1273 1119 1308 damni
1150 1274 1200 1309 iel
1228 1274 1404 1310 infamiae.
1437 1276 1492 1309 sed
1521 1276 1562 1310 ad
1592 1276 1654 1310 hoc
1681 1277 1778 1310 ‹lum-

999 1326 1093 1355 taxat
1120 1327 1156 1355 ut
1185 1322 1364 1367 poenitens
1397 1323 1536 1356 ordines
1571 1323 1637 1357 iarn
1667 1334 1776 1358 susce-

1001 1373 1074 1414 ptos
1100 1379 1256 1404 exercere
1285 1369 1375 1404 licite
1403 1370 1525 1405 valeat.

1046 1416 1129 1450 CAN.
1157 1415 1236 1450 991.
1266 1437 1282 1441 -
1310 1421 1329 1458 15
1362 1416 1389 1451 1.
1412 1416 1447 1451 ln
1473 1417 1630 1463 precibus
1653 1429 1711 1463 pro
1735 1418 1774 1451 ir-

1000 1463 1262 1507 regularitatum
1297 1475 1336 1499 ac
1371 1464 1698 1509 impedimentorum
1727 1466 1777 1499 di-

1000 1511 1235 1556 spensatioue,
1273 1522 1394 1546 omnes
1435 1512 1703 1555 irregularitates
1738 1524 1775 1547 ac

999 1558 1249 1604 impedimenta
1271 1558 1459 1594 indicanda
1485 1566 1584 1597 sunt.
1612 1570 1709 1594 secus
1727 1560 1775 1593 (li-

998 1606 1175 1651 spensatio
1189 1606 1361 1649 generalis
1378 1607 1502 1642 valebit
1517 1606 1655 1652 quidem
1672 1607 1774 1641 etiarn

1001 1664 1060 1698 pro
1088 1653 1231 1688 reticitis
1259 1654 1349 1689 bona
1368 1654 1444 1695 lide,
1461 1654 1502 1688 iis
1519 1654 1670 1699 exceptis
1689 1665 1777 1700 quae

1000 1702 1034 1734 in
1062 1712 1140 1735 can.
1163 1699 1243 1739 9911,
1273 1707 1291 1743 ς·
1323 1700 1333 1735 l
1364 1701 1597 1747 excipiuntur.
1621 1713 1690 1737 non
1716 1713 1775 1737 au-

999 1753 1067 1783 tem
1097 1759 1157 1792 pro
1184 1748 1328 1783 reticitis
1355 1749 1388 1783 in
1419 1749 1510 1783 mala
1538 1748 1615 1783 fide.

1046 1799 1065 1837 ξ
1090 1795 1123 1830 ⁶2.
1155 1795 1189 1831 Si
1216 1800 1340 1840 agatur
1373 1797 1414 1831 de
1450 1796 1702 1840 irregularitate
1736 1807 1774 1831 cx

999 1843 1187 1877 homicidio
1226 1843 1433 1883 voluntario,
1465 1844 1568 1878 etiam
1610 1853 1776 1878 numerus

997 1890 1200 1925 delictorum
1228 1891 1477 1936 exprimendus
1502 1896 1551 1925 est
1578 1890 1642 1925 sub
1667 1902 1773 1935 poena

999 1937 1170 1972 nullitatis
1196 1938 1436 1973 concedendae
1465 1938 1749 1984 dispensationis.

1044 1989 1063 2027 ξ
1088 1984 1120 2018 21
1149 1984 1367 2031 l)ispensati0
1385 1985 1556 2030 generalis
1575 1985 1617 2020 ad
1636 1985 1775 2020 ordines

998 2033 1086 2067 valet
1116 2043 1174 2078 pro
1200 2032 1382 2067 ordinibus
1401 2044 1537 2078 quoque
1565 2032 1774 2072 maioribus;

996 2084 1029 2115 et
1047 2080 1269 2124 dispensatus
1298 2085 1405 2125 potest
1423 2080 1579 2115 obtinere
1606 2079 1775 2115 beneticia

998 2138 1066 2162 nou
1094 2127 1347 2162 consistorialia
1373 2127 1477 2162 etiam
1496 2131 1628 2167 curata,
1649 2127 1708 2162 scd
1727 2137 1775 2162 re-

996 2174 1150 2209 nuntiari
1193 2175 1313 2220 nequit
1347 2174 1382 2209 S.
1415 2174 1452 2209 R.
1487 2174 1521 2209 E.
1561 2174 1770 2217 Cardinalis,

997 2222 1194 2267 Episcopus
1215 2222 1332 2257 Abbas
1360 2222 1408 2257 vel
1431 2221 1608 2257 Praelatus
1632 2221 1772 2258 mallius.

997 2268 1161 2315 Superior
1200 2269 1310 2304 maior
1344 2270 1378 2303 iu
1418 2269 1584 2314 religione
1622 2269 1771 2304 clericali

996 2322 1167 2361 exempta.

1043 2368 1061 2406 ᾗ
1088 2362 1119 2398 4.
1148 2363 1377 2409 Dispensatio,
1399 2364 1433 2398 in
1455 2363 1525 2399 toro
1544 2363 1683 2398 interno
1703 2374 1772 2398 non

995 2411 1237 2446 sacramentali
1277 2421 1453 2452 concessa⁷
1496 2411 1624 2457 scripto
1661 2411 1772 2445 consi-

995 2463 1138 2503 gnetur3
1166 2463 1198 2493 et
1224 2458 1266 2493 de
1284 2469 1323 2493 ea
1342 2458 1376 2492 in
1397 2463 1528 2493 secreto
1543 2457 1667 2494 Curiae
1687 2457 1773 2492 libro

995 2511 1153 2541 constare
1179 2505 1277 2541 debet

264 2624 361 2668 335.
406 2627 662 2683 Inscriptio
710 2627 911 2671 Articuli
958 2630 1007 2671 et
1056 2638 1295 2670 canonum
1349 2627 1675 2671 coordinatio.
1717 2650 1770 2655 —

146 2693 303 2738 Deinde
336 2696 601 2740 considerare
625 2701 786 2753 oportet
810 2696 899 2738 Art.
939 2694 980 2738 ΙΙ
1001 2697 1243 2751 inscriptum
1274 2694 1330 2738 De
1363 2694 1771 2751 irreqularilolibns.

144 2765 255 2823 quod
292 2765 464 2810 verbum
493 2769 529 2809 vi
556 2769 734 2810 nominis
765 2768 980 2823 compositi
1005 2780 1053 2809 ex
1081 2766 1281 2822 particula
1318 2769 1511 2823 negativa
1548 2768 1772 2822 praemissa

145 2841 185 2880 et
216 2839 384 2881 nomine
416 2838 574 2895 regula,
599 2839 708 2882 idem
742 2843 859 2881 sonat
882 2850 929 2881 ac
954 2837 991 2879 id
1017 2850 1098 2894 quo
1121 2842 1183 2881 est
1205 2836 1356 2894 aliquis
1388 2836 1546 2881 alienus
1570 2850 1588 2879 a
1616 2837 1770 2893 regula,

148 2907 211 2951 vel
245 2921 324 2952 non
358 2911 564 2966 attingens
599 2910 864 2965 perfeetionis
898 2920 1135 2955 mensuram
1160 2907 1223 2952 his
1248 2911 1437 2965 positam,
1460 2910 1530 2966 qui
1554 2920 1672 2956 sacro
1696 2910 1770 2950 mi-
