1971 3261
171 103 265 141 Gan.
293 104 495 140 1144-1145
632 105 716 138 Trr.
751 104 854 139 VIII.
875 125 886 130 -
906 105 963 140 De
988 105 1350 141 Sam-amenitatibus
1730 110 1798 144 707

174 225 280 282 pleta
314 225 571 279 expositione
605 236 696 267 ean.
732 225 857 267 1144.
895 222 1237 267 Sacramenlalia
1270 238 1319 268 ex
1347 239 1420 268 usu
1447 226 1562 270 verbi
1587 232 1626 270 et
1651 229 1687 270 in
1714 230 1802 272 iure

172 298 296 339 etiam
331 294 522 350 liturgico
555 298 653 335 sunt
686 293 727 350 a)
760 307 827 336 res
865 308 900 335 v.
936 308 996 350 gr.
1021 308 1126 352 aqua
1164 295 1394 351 benedicta,
1429 299 1554 351 cerei,
1587 301 1696 354 agni,
1735 298 1804 355 (si-

170 371 240 410 cut
279 364 488 423 quoddam
533 369 840 407 sacramentum
891 367 927 407 in
975 379 1017 408 re
1055 365 1275 423 consistit),
1312 366 1354 423 b)
1388 372 1462 409 ant
1495 368 1681 411 artiones
1714 373 1800 412 tum

169 438 264 492 oris,
300 435 426 478 veluti
463 434 797 478 benedictionum
844 435 1056 478 iormulae.
1096 438 1297 479 contiteor
1329 451 1423 480 cum
1458 441 1646 496 sequenti
1681 439 1797 483 abso-

169 508 338 560 lutione,
371 510 456 548 tum
493 517 689 548 manuum
730 519 767 548 v.
800 519 861 562 gr.
896 508 1011 562 signa
1046 509 1183 550 crucis
1228 521 1349 551 manu
1386 510 1505 563 sacta,
1541 511 1800 554 inunctiones

166 592 196 622 s.
231 576 466 620 chrismatis
500 577 537 618 in
572 575 968 631 consecrationibus,
1021 577 1158 634 (sicuti
1209 578 1286 621 alia
1330 585 1590 623 sacramenta
1635 587 1799 637 praeter

165 649 339 692 Ss.mam
376 646 677 690 Eucliaristiam
715 648 988 703 perliciuntur
1021 653 1283 692 transeunter
1319 649 1456 693 verbis
1488 656 1527 693 et
1564 652 1797 697 actionibus

164 731 213 761 ex
250 723 366 774 parte
401 716 624 774 ministri);
660 717 807 775 quibus
832 723 967 761 tamen
1005 718 1126 762 rebus
1149 724 1189 762 et
1211 719 1444 763 actionibus
1476 720 1798 766 Ecclesiainsti-

164 795 282 833 tuens
313 790 645 843 sacramentalia,
681 788 723 831 in
758 788 946 846 aliquam
981 790 1348 833 Sacrumeiilormn
1382 803 1402 834 a
1442 791 1604 835 Christo
1637 794 1794 838 directe

162 863 441 903 institutorum
476 859 758 902 imilationem
793 860 1049 917 proindeque
1083 861 1359 915 deiicientem,
1396 867 1480 905 tum
1508 865 1707 907 incorum
1740 868 1795 909 in-

160 934 336 974 trinseca
372 934 531 985 natura,
566 935 608 973 ut
640 930 797 973 dictum
832 935 904 985 est,
941 935 1025 973 tum
1061 945 1109 974 ex
1148 937 1262 987 parte
1298 934 1618 977 ministrantium
1654 948 1716 989 ea,
1752 941 1794 979 ut

164 1001 373 1046 videbitur
405 1004 443 1044 in
478 1013 568 1045 can.
605 1001 732 1055 1146,
770 1002 896 1054 1147,
931 1007 1016 1045 tum
1043 1003 1178 1059 quoad
1207 1006 1494 1047 necessitatem
1520 1006 1722 1050 formulae
1741 1008 1791 1052 ad

161 1072 415 1116 validitatem
450 1072 500 1115 ad
537 1085 724 1115 normam
759 1085 849 1116 can.
884 1073 1012 1127 1148,
1044 1073 1072 1130 ξ
1106 1074 1143 1125 ⁶2,
1171 1076 1268 1117 'tum
1305 1077 1399 1130 quia
1435 1088 1483 1118 ex
1519 1083 1795 1121 sacramenta-

158 1143 265 1188 libus
299 1146 336 1186 in
370 1143 516 1186 eodem
551 1142 751 1197 subiecto,
787 1143 990 1200 quaedam
1028 1144 1230 1188 iterabilia
1265 1149 1371 1190 sunt.
1406 1147 1611 1203 quaedam
1653 1151 1790 1193 iterari

157 1221 395 1272 nequeunt:
429 1214 498 1257 sed
538 1216 780 1270 praesertim
815 1219 876 1257 est
911 1216 1088 1258 notanda
1123 1215 1256 1258 solum
1285 1218 1458 1260 imitatio
1482 1231 1530 1261 ex
1558 1224 1672 1274 parte
1695 1220 1791 1263 eile-

154 1291 260 1339 ctus,
293 1298 387 1328 nam
423 1288 481 1328 eis
515 1285 578 1328 uli
610 1285 716 1329 solet
754 1285 982 1329 «Ecclesia
1011 1302 1028 1327 ))
1069 1300 1142 1343 per
1173 1289 1262 1330 eius
1295 1287 1496 1343 membra,
1531 1288 1588 1332 ad
1609 1289 1789 1333 obtinen-

153 1355 227 1400 dos
261 1358 374 1399 iuxta
409 1358 560 1399 utentis
592 1356 872 1411 devotionem,
908 1369 1032 1414 qnam
1067 1361 1264 1412 excitant,
1298 1363 1422 1416 atque
1461 1373 1512 1402 eoe
1549 1374 1626 1402 sua
1660 1361 1785 1419 impe-

154 1427 353 1481 tratione,
386 1439 479 1470 nam
504 1427 726 1470 exauditur
751 1441 823 1484 pro
847 1430 936 1471 eius
958 1441 1056 1484 erga
1081 1427 1291 1473 Christum
1324 1433 1560 1474 reverentia
1585 1431 1636 1475 ob
1661 1435 1788 1489 ipsius

152 1501 484 1556 promissionem,
518 1500 556 1541 in
593 1500 691 1555 ipsis
724 1501 832 1541 enim
873 1499 1246 1543 sacramentalibus
1274 1500 1335 1543 vel
1361 1515 1504 1544 eorum
1530 1504 1786 1547 confectione

149 1572 357 1613 orationes
388 1569 641 1613 adhibentur
674 1571 711 1612 in
746 1568 896 1614 Christi
922 1572 1105 1624 nomine,
1139 1575 1181 1613 ut
1214 1570 1383 1629 effeetus
1416 1573 1666 1630 quandoque
1699 1588 1787 1618 cor-

151 1641 325 1698 porales,
357 1641 428 1685 sed
459 1641 712 1698 praesertim
748 1640 814 1698 (ac
847 1654 1012 1698 semper
1047 1641 1265 1699 implicite)
1299 1643 1561 1701 spirituales,
1595 1648 1663 1702 qui
1688 1660 1784 1689 con-

148 1714 296 1755 sistunt
330 1714 368 1754 in
402 1711 552 1755 actuali
586 1714 729 1768 gratia,
771 1725 849 1755 non
885 1714 922 1755 in
958 1715 1090 1769 gratia
1125 1715 1413 1758 sanctificante
1436 1727 1561 1772 quam
1585 1729 1635 1760 ex
1660 1731 1785 1774 opere

148 1788 317 1839 operato
349 1796 421 1826 seu
457 1785 676 1826 intrinseca
705 1785 856 1826 virtute
879 1788 1065 1839 causent,
1087 1786 1193 1828 sicut
1217 1790 1478 1829 sacramenta
1500 1805 1508 1839 3
1544 1786 1651 1833 hanc
1674 1791 1784 1832 enim

146 1853 278 1897 solum
314 1858 534 1897 causarent
567 1855 606 1896 in
643 1853 781 1910 aliquo
815 1866 912 1897 casu
933 1844 1118 1911 'propter
1151 1857 1376 1899 excitatum
1402 1870 1450 1899 ex
1477 1858 1628 1901 actuali
1652 1862 1784 1916 gratia

147 1938 293 1968 verum
330 1924 535 1981 perfectae
568 1927 828 1968 contritionis
858 1930 1010 1968 actum.

265 1995 362 2039 5602.
400 1997 633 2042 Potestas
665 1998 784 2042 iuris
807 1998 854 2041 in
878 2000 1262 2044 sacramentalia
1286 1997 1343 2056 (in
1369 1998 1598 2043 Ecclesiam
1622 2000 1674 2044 ab
1693 2004 1782 2046 eins

144 2067 301 2124 Sponso
334 2067 546 2119 derivata)
586 2070 810 2110 conservat
858 2073 1258 2111 «sacramentorum
1309 2071 1646 2126 imitationem»,
1679 2086 1778 2130 qua·

142 2142 262 2191 tenus
306 2140 518 2194 potestatis
565 2137 838 2181 excellentiae
886 2136 1036 2182 Christi
1088 2142 1300 2195 proprium
1345 2144 1407 2183 est
1448 2140 1500 2185 ab
1535 2144 1621 2198 ipso
1655 2144 1778 2188 fuisse

142 2211 362 2253 constituta
398 2207 516 2263 haec,
549 2213 673 2266 atque
706 2207 759 2252 ab
781 2209 928 2252 eodem
957 2211 1040 2252 vim
1066 2209 1281 2254 obtinere:
1316 2214 1372 2254 ait
1395 2214 1505 2254 enim
1531 2227 1621 2256 can.
1648 2217 1774 2258 1145.

140 2278 258 2326 Nova
285 2278 631 2322 Sacramenlalia
666 2293 795 2336 nsque
827 2280 877 2323 ad
915 2293 1108 2336 praesens
1141 2294 1219 2324 non
1255 2284 1403 2326 usitata
1435 2283 1475 2335 a)
1509 2284 1775 2339 constituere,

139 2353 258 2394 sicuti
295 2351 390 2394 fecit
425 2364 498 2407 pro
532 2350 820 2394 benedictione
856 2350 1036 2394 vehiculi
1062 2354 1243 2408 aegrotis
1266 2352 1536 2397 traducendis
1561 2357 1598 2397 in
1624 2354 1774 2400 Lucen.

141 2434 212 2476 per
246 2421 342 2465 Dec.
372 2422 414 2465 S.
446 2420 487 2465 C.
523 2420 601 2465 Rit.
629 2421 641 2443 ¹
676 2420 720 2478 b)
744 2426 819 2464 aut
849 2427 1019 2479 recepta
1053 2423 1090 2464 in
1126 2435 1217 2476 usu,
1241 2425 1310 2480 qui
1345 2422 1468 2468 habet
1494 2428 1576 2468 vim
1597 2439 1645 2469 ex
1671 2429 1777 2470 eius-

139 2492 233 2535 dem
257 2495 503 2535 auctoritate
525 2491 669 2535 saltem
696 2505 769 2549 per
792 2494 958 2535 tacitam
983 2492 1342 2548 approbationem,
1372 2493 1614 2539 aullzentice
1635 2498 1771 2555 quoad

138 2576 280 2606 eorum
315 2563 676 2619 sit-gnilicationem7
712 2567 752 2606 et
786 2563 952 2606 modum
986 2564 1241 2607 servandum
1266 2577 1314 2608 ac
1340 2568 1499 2622 praxim
1526 2566 1772 2624 obligatorie

137 2633 430 2691 interpretari,
464 2634 503 2691 c)
534 2647 585 2677 ex
616 2632 772 2676 eisdem
805 2633 965 2691 aliqua,
1001 2647 1080 2677 non
1114 2637 1252 2678 omnia
1286 2636 1424 2691 simul,
1459 2642 1599 2694 utpote
1632 2638 1770 2682 Eccle-

136 2707 221 2748 siae
247 2704 367 2748 valde
402 2704 529 2759 utilia,
563 2704 729 2747 abolere
753 2707 864 2748 iuxta
891 2710 1008 2761 reg.¹¹¹
1031 2707 1133 2748 iuris
1157 2704 1199 2748 ²:
1240 2704 1428 2751 «Omnis
1451 2721 1528 2761 res,
1553 2722 1626 2765 per
1648 2722 1767 2767 quas-

135 2857 208 2892 L·b
245 2809 313 2891 {78
337 2809 412 2844 Iul.
444 2809 548 2854 1908,
578 2809 653 2846 CO.
680 2810 710 2853 1,
739 2809 820 2844 263.
851 2829 893 2836 -—
921 2810 935 2832 ²
962 2810 1052 2855 Cap.
1082 2811 1118 2844 10
1150 2826 1164 2840 α
1184 2809 1230 2846 de
1257 2812 1409 2857 regulis
1436 2813 1534 2847 iuris
1555 2828 1583 2854 »,
1612 2814 1677 2848 tit.
1705 2815 1764 2855 41,

170 2869 180 2891 1
212 2884 219 2891 .
284 2883 291 2891 .
