1971 3261
241 157 285 190 46
641 155 723 187 ΜΒ.
753 153 824 187 III.
852 173 863 178 -
891 153 1000 186 PARS
1025 152 1055 186 Ι.
1083 173 1094 177 -
1123 152 1178 186 De
1204 152 1468 187 Sam-amentis
1589 152 1681 188 Can.
1711 153 1860 188 753-754

241 275 361 317 aliam
397 286 576 324 causam,
614 271 756 315 t'raude
789 271 939 314 dolove
964 273 1111 313 iterum
1139 270 1333 327 baptizari
1361 270 1519 315 velit».
1555 271 1616 314 Ad
1642 271 1718 315 hor
1745 284 1859 328 prae—

241 347 359 401 cipue
393 343 606 399 dirigenda
642 347 699 385 est
737 344 959 400 inquisitio.

365 431 383 454 ε(
413 415 473 456 15.
509 411 665 457 Omnes
698 418 850 466 autem,
884 414 935 456 de
967 413 1129 470 quibus,
1167 427 1209 456 re
1242 413 1462 470 diligenter
1487 416 1746 471 investigata,
1775 428 1863 471 pro-

243 485 388 529 babilis
430 483 630 527 dubitatio
674 489 746 535 est,
793 497 841 526 an
881 483 1069 540 baptizati
1105 486 1269 538 tuerint,
1303 486 1334 527 si
1371 484 1468 527 nihil
1504 484 1614 528 aliud
1650 486 1861 541 impediat,

241 555 316 598 sul)
358 554 591 597 conditione
635 553 954 609 baptizentur».
991 554 1036 597 Et
1071 559 1234 597 notetur
1275 555 1483 598 distinctio
1527 557 1633 598 inter
1666 556 1863 612 parvulos

243 626 504 681 baptizandos
536 637 701 680 semper
734 624 810 667 sub
843 625 1093 677 conditione,
1112 631 1278 669 extante
1296 625 1423 669 <lubio
1443 625 1660 682 probabili,
1685 630 1723 669 et
1746 626 1860 669 adul-

242 702 302 738 tos
334 695 409 738 sub
443 695 519 737 hoc
552 694 691 747 dnbio,
727 697 794 751 qui
835 695 901 738 hic
945 696 1140 739 dicuntur
1172 696 1248 740 sub
1280 697 1516 740 conditione
1551 695 1796 752 baptizandi,
1830 699 1861 740 si

243 765 338 808 nihil
375 765 584 820 impediat.
621 764 766 810 Ratio:
801 767 896 822 quia
924 767 1003 820 isti,
1028 779 1106 808 non
1134 767 1311 822 parvuli,
1337 772 1503 823 possunt
1527 766 1713 811 absolute
1731 772 1863 811 aeter—

243 848 333 879 nam
369 837 562 891 consequi
597 835 770 878 salutem
805 848 898 878 cum
935 836 1113 879 flaminis
1148 836 1362 892 baptismo.

360 906 427 948 38.
462 906 535 951 De
568 908 912 952 laborantibus
936 908 1111 952 mentis
1132 908 1326 953 defectu
1350 910 1666 955 habitualiter
1699 912 1863 966 quoad

242 979 445 1022 rationis
478 990 629 1022 usum.
666 1000 688 1007 -
723 973 904 1020 Omnino
949 978 1140 1032 congruit
1175 976 1266 1020 Rir.
1303 976 1436 1021 Rom0.
1463 978 1474 999 ¹
1506 980 1596 1020 ean.
1622 982 1728 1022 754.
1766 983 1790 1033 ξ
1830 980 1862 1024 l.

243 1048 433 1089 ,inientes
466 1049 596 1090 idest:
631 1049 719 1090 sine
764 1052 912 1101 mente,
959 1060 1030 1090 seu
1067 1049 1236 1090 rationis
1269 1060 1345 1090 usu
1380 1053 1569 1092 carentes
1601 1048 1866 1093 habitualiter

242 1117 293 1161 ob
328 1118 605 1160 infirmitatem
633 1123 688 1164 «aet
720 1119 804 1174 qui,
828 1120 859 1161 si
887 1131 964 1160 non
991 1119 1072 1161 sint
1097 1118 1272 1174 pacifici,
1304 1118 1373 1161 sed
1406 1119 1619 1163 iracundia
1643 1121 1865 1176 agitentur,

242 1188 435 1231 «licuntur
469 1191 632 1244 proprie
666 1187 843 1245 furiosi)
864 1203 914 1231 ne
936 1188 1215 1246 baptizentur,
1252 1188 1337 1231 nisi
1370 1189 1476 1232 tales
1508 1189 1694 1233 scilicet:
1730 1190 1866 1234 huius—

245 1259 351 1301 modi
388 1259 625 1301 infirmitate
661 1261 812 1301 tuerint
845 1259 979 1302 affecti
1015 1273 1039 1301 a
1073 1259 1310 1315 nativitate,
1347 1259 1406 1302 vet
1437 1265 1536 1303 ante
1567 1259 1761 1318 adeptum
1797 1274 1864 1303 ra-

244 1328 370 1371 tionis
404 1343 537 1380 nsunt,
576 1329 796 1372 videlicet:
848 1332 951 1372 intra
997 1332 1174 1386 primum
1215 1332 1473 1385 septennium
1530 1333 1567 1373 in
1619 1330 1727 1374 illam
1779 1345 1867 1388 pro-

245 1399 342 1455 lapsi
375 1398 568 1456 fecerint:
598 1405 637 1442 et
671 1404 769 1442 lunc·
801 1400 858 1456 (in
893 1400 1057 1443 casibus
1101 1413 1248 1456 nempe
1301 1401 1574 1458 exceptionis)
1625 1401 1867 1459 baptizandi

243 1475 338 1512 sunt
372 1475 414 1511 ut
439 1469 638 1527 infantes,
672 1475 975 1528 consequenter
1007 1471 1117 1514 dicto
1150 1475 1254 1524 (can.
1289 1472 1388 1525 745,
1427 1474 1452 1526 ἓ
1487 1472 1524 1527 2,
1562 1472 1624 1529 10)
1663 1489 1684 1513 «
1707 1474 1867 1516 infanti-

246 1539 319 1583 bus
351 1545 624 1583 accensentur
655 1546 841 1584 amentes
874 1540 925 1584 ab
959 1542 1141 1595 infantia,
1177 1543 1214 1584 in
1249 1544 1398 1598 quavis
1430 1546 1563 1586 aetate
1596 1545 1866 1586 constituti».

360 1610 388 1667 ἓ
422 1611 458 1653 2.
495 1610 539 1653 Si
573 1615 711 1653 antem
749 1610 940 1654 dilucida
984 1610 1162 1654 habeant
1200 1611 1445 1666 intervalla,
1477 1612 1662 1657 scilicet:
1699 1615 1868 1657 rationis

246 1694 317 1724 usu
353 1682 541 1724 truantur
574 1681 624 1724 ad
660 1686 837 1739 tempus,
870 1684 976 1726 sicut
1000 1682 1061 1725 llis
1096 1681 1326 1726 infelicibus
1363 1683 1613 1741 quandoque
1637 1686 1865 1741 contingit3

246 1765 316 1808 pro
350 1751 413 1794 his
445 1766 543 1808 ergo
578 1755 877 1810 praescriptum
913 1757 995 1796 est:
1030 1752 1072 1809 a)
1105 1752 1202 1795 dunt
1235 1754 1385 1796 mentis
1418 1759 1623 1812 compotes
1655 1760 1766 1806 sunt,
1787 1768 1865 1797 non

244 1822 322 1865 alio
357 1827 555 1879 tempore,
588 1823 865 1881 baptizentur,
887 1829 929 1867 ut
948 1824 1154 1867 fructuose
1177 1827 1353 1867 servatis
1377 1825 1593 1868 servandis
1618 1824 1866 1881 baptismum

247 1895 460 1949 recipiant,
495 1893 537 1951 b)
570 1894 608 1937 si
643 1894 782 1945 velint,
818 1899 938 1950 prout
970 1899 1031 1937 est
1064 1899 1161 1937 tunc
1195 1908 1364 1938 necesse
1397 1895 1445 1939 ad
1474 1895 1727 1939 validitatem
1755 1897 1866 1938 iuxta

244 1963 491 2019 explicatam
518 1977 705 2007 normam
730 1978 821 2008 can.
843 1965 939 2008 752.

361 2034 437 2077 Sed
473 2048 767 2092 nonnunquam
804 2038 841 2078 in
875 2040 981 2079 statu
1017 2037 1222 2078 amentiae
1259 2035 1392 2079 valent
1429 2035 1638 2093 baptizari.
1674 2036 1868 2091 Quando-

247 2116 337 2146 nam
377 2118 474 2147 vero
508 2106 756 2149 determinat
773 2106 801 2164 ξ
820 2106 857 2154 3,
878 2104 1155 2162 Baptizentur
1176 2119 1336 2163 quoqne
1358 2106 1578 2162 (particula
1617 2123 1637 2147 «
1661 2119 1825 2164 quoque
1843 2122 1864 2146 n

249 2177 379 2218 innuit
412 2175 488 2219 lioc
521 2179 819 2233 praescriptum
854 2189 942 2220 esse
966 2175 1274 2220 observandum
1306 2182 1500 2234 tanquam
1522 2177 1807 2233 praecedentis
1827 2176 1868 2234 ξ

247 2245 595 2301 complementum
632 2249 741 2290 circa
778 2247 879 2301 illos,
913 2248 964 2290 de
996 2246 1147 2303 quibus
1179 2249 1357 2303 positum
1393 2252 1453 2290 est
1497 2250 1668 2290 vetitum
1717 2246 1793 2290 sub
1826 2249 1868 2300 §⁰

252 2316 292 2357 1⁰
332 2329 420 2359 «ne
444 2316 761 2373 baptizentur»,
795 2323 918 2375 atque
950 2321 1043 2360 sunt
1082 2321 1306 2361 «amentes
1339 2323 1379 2361 et
1411 2319 1592 2361 furiosi»
1632 2322 1718 2374 post
1743 2318 1867 2374 adep-

249 2391 332 2428 tum
369 2389 536 2430 rationis
570 2401 704 2442 usum,
737 2390 826 2431 sive
864 2387 1039 2431 «lucida
1074 2386 1252 2431 habeant
1286 2388 1543 2431 intervalla»
1583 2393 1625 2431 ut
1659 2390 1696 2431 in
1730 2389 1775 2444 ᾖξ’
1811 2388 1869 2440 2⁰,

247 2458 336 2499 sive
356 2457 453 2514 non)
468 2457 534 2514 (²),
559 2458 599 2515 a)
619 2459 860 2501 imminente
875 2457 1064 2515 periculo
1082 2458 1242 2512 mortis,
1261 2459 1312 2513 si,
1333 2458 1374 2515 b)
1390 2464 1613 2515 antequam
1632 2458 1870 2502 insanirent

251 2530 381 2582 primo
407 2528 469 2571 vel
496 2530 533 2571 in
560 2529 801 2584 praehabito
827 2529 962 2572 lucido
992 2528 1225 2584 intervallo,
1253 2528 1559 2585 (supponuntur
1591 2534 1727 2573 autem
1763 2542 1871 2572 nunc

251 2600 397 2641 mentis
431 2612 503 2641 usu
539 2600 708 2656 privati)
741 2599 781 2656 c)
814 2598 1072 2657 suscipiendi
1102 2598 1299 2656 baptismi
1322 2598 1577 2642 desiderium
1610 2598 1870 2642 ostenderint

249 2681 511 2726 quocumque
546 2671 680 2723 modo,
717 2676 758 2713 nt
795 2670 992 2713 validitati
1030 2669 1219 2726 baptismi
1255 2671 1465 2725 provisum
1501 2672 1565 2715 sit.

369 2776 378 2795 ¹
406 2774 494 2808 Loe.
524 2776 591 2810 cit.
621 2788 686 2809 nn.
716 2778 771 2816 tl,
802 2777 857 2818 12,
890 2776 945 2810 13.
976 2796 1018 2800 —
1048 2775 1089 2818 (2)
1116 2775 1202 2809 Non
1237 2775 1420 2809 obstante
1459 2776 1559 2820 quod
1599 2776 1681 2810 dixi
1721 2788 1761 2809 111
1794 2775 1871 2809 edi-

252 2821 357 2854 tione
386 2822 435 2864 la,
466 2822 522 2855 sic
548 2823 834 2868 corrigendum.
