1971 3261
137 106 208 140 286

534 105 618 139 Lm.
648 105 719 139 ΙΠ.
750 125 761 129 -
789 105 899 138 PARS
928 104 958 138 I.
987 124 1000 129 —
1025 104 1083 139 De
1107 104 1373 139 Sam-amentis

140 224 349 270 intelligitur
375 235 538 260 concessa
568 224 749 259 dumtaxat
777 233 837 269 pro
863 233 918 258 eo-

138 284 216 308 rum
245 273 329 308 festo
357 272 477 307 natali.

186 324 205 361 ἓ
232 319 265 354 3.
303 319 524 364 lndulgentia
559 318 717 365 plenaria
755 327 919 352 concessa

139 371 176 401 ut
202 366 398 413 quotidiana
430 373 588 413 perpetua
625 365 677 400 vel
716 364 760 400 ad
793 371 919 411 tempus

139 413 363 448 visitantibus
389 414 542 459 aliquam
569 412 753 448 ecclesiam
781 412 834 447 vel
861 423 919 458 pu—

140 460 269 496 blicum
310 461 496 496 oratorium
534 461 581 495 ita
615 459 842 504 intelligenda
868 465 919 494 est
953 500 955 502 ,

139 513 175 543 ut
199 519 419 554 quacumque
437 508 501 549 die,
522 508 579 543 sed
600 507 705 542 semel
723 512 860 542 tantum
882 507 916 541 in

138 556 297 596 anno‚ab
315 566 522 600 unoquoque
539 554 629 590 fideli
645 555 776 600 acquiri
795 554 915 600 possit.

139 602 204 636 nisi
233 603 327 638 aliud
357 603 391 636 in
419 603 555 638 decreto
581 613 741 648 expresse
767 601 915 636 dicatur.

187 650 269 685 cix.
300 648 380 684 922.
421 670 441 676 -
481 649 721 695 lndulgentiae
763 649 919 684 adnexae

139 697 235 732 festis
274 697 323 732 vel
363 697 474 732 sacris
512 696 827 743 supplicationibus
865 696 916 731 vel

138 744 300 790 precibus
318 744 601 786 novendialibus,
621 743 840 789 septenariis,
858 743 918 778 tri—

138 792 277 834 duanis,
304 803 392 837 quae
417 796 499 827 ante
523 797 583 827 aut
611 796 686 838 post
712 791 837 826 festum
865 791 917 826 vel

138 840 241 874 etiam
281 840 357 874 eius
390 839 563 874 octavario
603 839 812 885 perdurante
846 849 920 884 per-

137 892 304 931 aguntur,
348 887 538 922 translatae
588 887 835 931 intelliguntur
880 885 915 919 in

138 945 217 969 eum
252 934 354 975 diem,
382 945 450 980 quo
486 934 571 969 festa
609 933 807 969 huiusmodi
834 932 916 977 legi-

138 982 222 1016 time
247 982 518 1022 transferantur,
547 981 573 1015 si
613 982 735 1016 festum
768 980 916 1016 transla-

990 222 1174 258 translatio
1192 222 1252 258 fiat
1265 222 1300 256 in
1317 226 1532 268 perpetuum,
1549 221 1599 257 vel
1613 223 1642 256 si
1656 226 1768 258 trans-

993 270 1123 305 feratur
1147 271 1219 305 sive
1243 270 1287 305 ad
1314 273 1452 315 tempus
1485 269 1557 304 sive
1587 269 1622 303 in
1649 280 1769 316 perpe·

991 321 1089 352 tuum
1117 317 1335 353 sollemnitas
1359 321 1393 351 et
1410 321 1551 351 externa
1570 316 1765 352 celebratio.

1040 363 1125 400 Can.
1155 363 1234 400 923.
1275 384 1292 391 -
1332 363 1384 398 Ad
1419 364 1626 399 lucrandam
1653 364 1768 399 indul·

991 411 1146 456 gentiam
1172 412 1274 448 alicui
1303 410 1368 445 diei
1396 411 1545 451 affixam,
1572 411 1599 445 si
1619 411 1770 446 visitatio

991 459 1155 495 ecclesiae
1183 459 1234 495 vel
1271 458 1413 494 oratorii
1452 459 1660 504 requiratur,
1686 458 1770 493 haec

994 506 1064 542 fieri
1094 511 1203 552 potest
1228 518 1249 542 a
1275 505 1419 542 meridie
1444 506 1510 541 diei
1532 505 1771 551 praecedentis

992 565 1101 600 usque
1126 554 1169 589 ad
1198 553 1348 589 mediam
1375 558 1510 588 noctem
1546 564 1634 598 quae
1659 557 1766 588 statu-

992 606 1065 635 tum
1092 601 1182 636 diem
1211 601 1354 636 claudit.

1039 647 1124 684 Cu.
1142 647 1223 682 924.
1243 668 1259 674 -
1276 652 1295 690 ἓ
1317 648 1347 681 l.
1369 648 1421 682 Ad
1439 658 1599 683 normam
1615 658 1691 682 can.
1707 645 1764 691 75,

990 695 1231 740 indulgentiae.
1267 695 1423 730 adnexae
1462 695 1564 730 alicui
1603 694 1768 730 ecclesiae

992 754 1061 778 non
1088 747 1236 784 cessant,
1263 742 1290 776 si
1317 742 1463 777 ecclesia
1488 742 1646 777 funditus
1670 753 1767 777 ever-

991 795 1083 825 tatur
1104 801 1294 835 rursusque
1320 790 1413 824 intra
1430 789 1685 835 quinquaginta
1702 800 1765 824 an-

991 849 1054 872 nos
1079 837 1280 873 aedificetur
1314 837 1349 872 in
1383 837 1502 871 eodem
1530 836 1581 871 vel
1619 837 1686 872 t'ere
1711 848 1765 872 eo-

990 885 1069 920 dem
1096 885 1169 920 loco
1194 889 1227 919 et
1253 884 1317 919 sub
1343 884 1462 920 eodem
1489 883 1602 919 titulo.

1039 936 1058 974 ξ
1083 932 1115 967 ’2.
1143 932 1385 976 indulgentiae
1409 931 1545 966 coronis
1570 930 1690 966 aliisve
1716 942 1766 965 re-

991 979 1056 1014 bus
1080 980 1235 1015 adnexae
1255 984 1337 1014 tunc
1356 983 1493 1013 tantum
1521 982 1669 1017 cessant.
1686 989 1765 1013 cum

990 1038 1137 1062 coronae
1174 1027 1305 1062 aliaeve
1337 1037 1392 1061 res
1429 1036 1569 1072 prorsus
1604 1025 1768 1061 desinant

989 1085 1063 1110 esse
1089 1074 1141 1110 vel
1168 1074 1376 1110 vendantur.

138 1033 210 1063 tum
252 1029 376 1064 habeat
413 1029 563 1065 officium
591 1040 670 1063 cum
709 1027 815 1063 Missa
841 1028 917 1062 sine

138 1076 373 1112 sollemnitate
398 1082 431 1112 et
453 1082 596 1112 externa
621 1075 853 1111 celebratione
878 1085 917 1109 ac

258 1197 355 1241 240.
389 1199 647 1254 Inscriptio
681 1199 857 1254 capitis
879 1210 938 1242 ac
959 1197 1208 1242 distinctio
1232 1197 1278 1239 in
1302 1195 1552 1239 articulos.
1571 1218 1624 1223 —
1648 1191 1764 1235 luxta

138 1267 259 1311 Tituli
294 1281 415 1326 quem
451 1273 784 1312 commentamur
825 1266 1173 1319 distributionem,
1208 1268 1287 1308 iam
1323 1263 1670 1307 considerandum
1706 1267 1766 1306 est

143 1338 276 1396 Caput
322 1338 355 1380 i*
381 1341 623 1396 inscriptum
658 1337 718 1382 De
753 1337 1043 1394 indulyeiztiis,
1075 1349 1252 1394 quarum
1290 1335 1479 1390 elargitio
1512 1334 1673 1377 adnexa
1702 1338 1765 1377 est

139 1413 326 1467 potestati
361 1410 544 1454 clavium
568 1423 589 1453 a
614 1409 775 1454 Christo
809 1409 1053 1452 traditarum
1090 1408 1224 1461 Petro,
1247 1412 1285 1449 et
1322 1420 1394 1462 per
1420 1417 1523 1463 quas
1546 1417 1765 1461 possumus

138 1495 295 1538 poenae
328 1484 580 1525 remanentis
613 1486 701 1538 post
735 1485 1043 1524 sacramentum
1090 1479 1366 1535 poenitentiae
1412 1479 1487 1519 rite
1527 1480 1762 1532 susceptum

138 1552 481 1596 condonationem
517 1552 719 1605 obtinere,
753 1556 876 1608 atque
911 1550 987 1593 hac
1021 1551 1072 1592 de
1106 1561 1228 1592 causa
1263 1550 1416 1604 optime
1444 1551 1644 1590 vocantur
1672 1547 1766 1588 «in-

138 1623 415 1680 dulgentiae»
467 1626 554 1667 sine
597 1623 750 1670 addito,
795 1635 867 1665 seu
910 1622 1237 1665 antonomastice
1284 1619 1410 1662 veluti
1458 1619 1766 1660 «remissiones

138 1697 450 1751 praecipuae»,
483 1697 577 1752 quia
613 1694 679 1737 illa
715 1706 847 1750 poena
883 1693 1095 1736 relaxatur
1131 1703 1228 1748 prae
1251 1690 1342 1733 aliis
1363 1688 1572 1745 fugienda,
1599 1686 1766 1744 p‘ropter

138 1778 260 1822 quam
294 1766 523 1810 secundum
561 1765 866 1808 indeficientem
899 1763 973 1806 Dei
1006 1762 1206 1806 Iustitiam
1243 1765 1475 1804 remoratur
1498 1771 1686 1802 summae
1715 1760 1766 1801 se-

138 1836 302 1880 licitatis
335 1837 512 1893 adeptio.
545 1862 602 1866 —-
631 1835 734 1880 Cum
768 1840 904 1878 autem
941 1833 1227 1890 indulgentiae
1262 1845 1333 1875 seu
1359 1832 1625 1874 remissiones
1648 1842 1764 1886 prae-

137 1907 272 1951 dictae
305 1906 356 1951 ab
387 1907 598 1951 Ecclesiae
628 1909 875 1950 auctoritate
912 1905 1101 1948 «dentur
1133 1903 1209 1947 snb
1251 1903 1327 1946 hac
1370 1901 1623 1954 conditione,
1656 1900 1764 1956 quod

137 1979 286 2036 aliquis
318 1978 473 2036 aliquid
510 1979 631 2022 faciat
665 1977 730 2020 vel
764 1977 846 2031 det,
879 1978 911 2020 si
947 1975 1045 2019 illud
1087 1988 1165 2018 non
1207 1977 1415 2024 exerceat,
1464 1970 1762 2027 indulgentiam

139 2063 217 2093 non
251 2051 564 2106 consequitur»
606 2048 634 2090 ¹.
668 2047 775 2091 Hinc
807 2052 920 2090 recte
954 2049 992 2089 in
1027 2047 1130 2090 duos
1163 2044 1360 2088 articulos
1383 2047 1507 2099 caput
1529 2041 1606 2085 hoc
1629 2041 1764 2084 distri-

139 2120 290 2175 buitur,
326 2133 474 2176 nempe
513 2119 640 2162 «Art.
677 2119 703 2162 l.
752 2144 808 2149 ——
856 2117 915 2161 De
964 2116 1319 2173 indulgentiarum
1370 2115 1675 2161 concessione»
1727 2117 1767 2155 et

144 2192 274 2235 «Art.
310 2191 356 2235 lt.
392 2217 443 2221 —
479 2190 537 2234 De
572 2190 842 2246 indulgentiis
872 2188 1204 2247 acquirendis».

258 2262 353 2305 241.
390 2264 647 2318 Inscriptio
678 2262 886 2307 articuli.
922 2285 978 2290 -—
1011 2260 1101 2302 Art.
1142 2257 1167 2300 Ι.
1202 2257 1308 2300 hanc
1343 2258 1419 2299 fert
1454 2256 1766 2311 inscriptionem

141 2333 198 2376 De
233 2333 593 2391 inclulyeizliarmn
618 2333 667 2376 ad
688 2345 854 2376 sensum
878 2332 1159 2387 inscriptionis
1175 2327 1327 2385 Capitis
1350 2326 1626 2378 concessione,
1649 2327 1768 2368 cuius

139 2409 382 2461 potestatem
408 2407 466 2448 sic
489 2405 637 2448 edocet
658 2402 781 2448 Cone.
805 2402 918 2445 Trid.
941 2404 980 2444 in
1003 2400 1102 2444 Dec.
1121 2401 1172 2443 de
1194 2399 1467 2454 lndulgentiis
1485 2397 1600 2454 (sess.
1619 2393 1766 2452 XXV):

143 2474 282 2519 «Cum
320 2480 497 2531 potestas
529 2474 766 2518 conserendi
792 2473 1076 2528 indulgentias
1108 2483 1129 2514 a
1153 2469 1314 2514 Christo
1338 2468 1549 2512 Ecclesiae
1573 2478 1766 2510 concessa

137 2548 202 2600 sit,
235 2550 358 2603 atque
392 2544 628 2588 huiusmodi
663 2549 875 2601 potestate,
911 2543 1112 2586 divinitus
1145 2541 1220 2585 sibi
1262 2539 1426 2593 tradita,
1472 2538 1772 2595 antiquissimis

137 2619 261 2660 etiam
297 2615 553 2672 temporibus
587 2615 653 2658 illa
687 2628 759 2658 usa
795 2616 940 2658 fuerit:
975 2613 1220 2656 sacrosanta
1253 2610 1492 2666 Synodus...
1513 2622 1583 2652 eos
1605 2606 1771 2650 anathe-

138 2692 247 2730 mate
281 2687 463 2739 damnat,
496 2688 566 2743 qui
600 2691 670 2729 aut
705 2684 876 2728 inutiles
910 2697 1000 2727 esse
1033 2686 1235 2734 asserunt,
1265 2681 1328 2724 vel
1363 2693 1432 2723 eas
1453 2676 1708 2723 concedendi
1732 2678 1771 2718 in

138 2756 320 2801 Ecclesia
354 2761 596 2813 potestatem
632 2769 720 2799 esse
754 2759 969 2812 negant».
1006 2753 1053 2796 Et
1087 2752 1135 2795 D.
1169 2752 1241 2795 Th.
1277 2754 1331 2795 ait
1355 2752 1393 2795 ²:
1434 2748 1664 2793 «Ecclesia
1688 2748 1773 2790 uni-

255 2861 332 2898 1D.
358 2861 430 2895 Th.
461 2860 596 2906 Suppl.
626 2874 661 2906 q.
691 2860 866 2898 XXVII,
896 2865 970 2893 art.
1001 2858 1023 2893 3
1050 2870 1080 2892 c.
1111 2878 1154 2882 -
1180 2857 1194 2879 ‘2
1222 2856 1357 2901 Suppl.
1399 2868 1434 2900 q.
1466 2853 1591 2889 XXV.
1629 2856 1700 2886 art.
1736 2853 1769 2884 1.
