1971 3261
211 148 283 182 560
608 145 694 179 Lm.
722 145 794 180 ΙΙΙ.
826 166 837 171 -
866 145 976 180 PARS
1000 146 1032 180 I.
1061 166 1073 171 -
1099 146 1157 181 De
1181 146 1446 182 Suco-amentis
1628 147 1721 184 Gan.
1750 148 1840 183 1061

213 267 271 309 sic
306 264 426 321 paulo
460 268 659 307 mutatam
694 266 867 308 inseruit
909 277 1041 308 canon
1084 264 1161 308 sub
1199 266 1258 308 n.⁰
1291 265 1355 310 2⁰
1392 265 1649 321 Contionem,
1684 266 1723 309 id
1758 270 1840 309 cst:

213 338 362 392 pignus
395 348 473 377 non
509 348 552 377 re
586 334 657 377 sed
692 336 965 390 promissione
1000 336 1131 390 lirma,
1165 334 1206 392 a)
1237 335 1505 393 praestiterit
1538 336 1589 379 de
1621 337 1727 379 tacto
1748 341 1842 380 ante

210 407 560 462 dispensationem
612 405 654 462 b)
689 405 843 448 conium
890 405 1151 449 acatholicus
1199 408 1347 449 unicus
1379 409 1418 449 in
1452 406 1530 450 hoc
1579 409 1840 450 matrimonio

212 479 325 520 iuxta
346 488 482 533 praec.
501 476 556 534 ξω
576 478 872 527 interveniens,
892 481 931 520 et
954 489 975 519 3
998 489 1080 534 quo
1105 479 1240 519 timeri
1275 481 1410 533 posset
1443 476 1672 533 periculum
1707 489 1840 520 remo-

214 547 409 599 vendum,
449 547 487 601 c)
511 546 562 589 de
585 545 825 597 amovendo,
860 559 938 589 non
974 551 1130 590 tantum
1180 560 1229 590 ex
1280 552 1395 603 parte
1427 549 1503 602 sui,
1537 547 1607 591 sed
1641 551 1840 604 quantum

209 617 263 660 ab
288 620 374 673 ipso
399 617 576 674 pendeat
609 630 657 660 ex
696 622 809 673 parte
844 616 1035 671 aliorum,
1059 631 1082 659 o
1109 617 1283 674 coniicqe
1316 616 1522 661 catholico
1556 617 1757 675 quidquid
1784 630 1843 660 re·

210 693 354 744 spectu
390 687 601 744 religionis
635 689 853 732 induceret
887 690 1213 743 perversionem,
1247 701 1413 744 nempe:
1456 687 1740 746 perversiom‘s
1770 701 1839 744 pe-

211 757 360 813 riculo,
396 764 434 801 et
467 757 613 814 supple
653 773 672 798 c<
697 760 931 801 cautionem
967 757 1007 815 a)
1043 760 1337 814 praestiterit»
1386 758 1428 815 b)
1463 764 1637 816 uterque
1674 758 1839 808 conium,

210 828 391 872 scilicet:
427 832 470 871 ut
503 827 734 872 catholicus
768 830 807 870 in
842 829 1024 871 futurum
1063 831 1334 884 promissione
1367 841 1533 886 quoque
1556 830 1784 872 retineatur
1802 831 1840 871 in

214 902 377 956 propria
413 898 680 955 obligatione,
706 899 746 955 c)
772 898 822 942 de
845 899 1042 942 universo
1062 899 1195 957 prole,
1220 912 1299 942 non
1325 904 1482 942 tantum
1507 899 1694 942 eiusdem
1717 912 1841 942 sexus

209 983 259 1014 ac
292 972 482 1026 coniugis
515 969 725 1023 catholici,
760 974 803 1012 ut
836 969 1165 1014 alicubistatuit
1198 969 1260 1013 lex
1296 969 1444 1025 civilis,
1479 983 1555 1013 nec
1587 969 1725 1027 aliqua
1759 973 1842 1013 tan-

212 1046 298 1084 tum
324 1041 396 1084 sed
431 1039 641 1097 quaelibet
686 1055 706 1081 (t
730 1054 778 1084 ex
815 1043 956 1083 mixtis
980 1040 1093 1084 bisce
1117 1042 1391 1084 matrimoniis
1414 1041 1670 1097 procreanda
1693 1056 1715 1081 ›>
1752 1040 1838 1098 (cit.

212 1110 363 1168 lnstr.),
400 1110 444 1168 d)
479 1110 684 1154 catholice
736 1117 911 1167 lantum,
962 1112 1000 1154 id
1046 1117 1129 1154 est:
1178 1111 1334 1168 absque
1382 1111 1460 1154 alia
1498 1111 1735 1155 conditione
1767 1124 1838 1154 seu

209 1184 423 1237 mixtione,
457 1181 567 1239 quod
604 1184 802 1238 exprimit
836 1184 1058 1238 positivum
1095 1183 1277 1237 modum,
1312 1195 1385 1226 seu
1421 1184 1458 1224 in
1493 1181 1676 1225 Ecclesia
1700 1181 1838 1225 catho-

209 1253 302 1307 lica,
336 1253 376 1309 a)
413 1252 682 1309 baptizanda,
719 1252 761 1310 b)
796 1258 835 1295 et
867 1252 1086 1296 educanda
1119 1253 1348 1296 secundum
1391 1253 1500 1310 quod
1535 1251 1744 1296 Ecclesiae
1777 1264 1840 1296 03-

210 1323 386 1367 tholicae
419 1336 600 1367 canones
635 1323 935 1379 praescribunt.

332 1392 492 1446 «Quae
526 1394 697 1451 quidem
733 1396 945 1438 cautiones
980 1396 1131 1437 remitti
1165 1408 1236 1438 seu
1261 1395 1490 1451 dispensari
1517 1406 1726 1451 nunquam
1753 1407 1839 1450 pos-

208 1471 317 1519 sunt,
351 1478 444 1508 cum
481 1467 519 1507 in
556 1467 644 1520 ipsa
680 1464 856 1508 naturali
881 1478 928 1508 ac
952 1466 1092 1509 divina
1119 1465 1209 1522 lege
1233 1466 1470 1520 fundentur,
1494 1478 1617 1523 quam
1653 1464 1834 1508 Ecclesia

209 1541 249 1578 et
281 1536 429 1579 Sancta
461 1536 590 1578 Sedes
624 1540 779 1578 sartam
815 1540 1049 1593 tectamque
1084 1538 1187 1579 tueri
1222 1538 1333 1579 omni
1367 1536 1503 1579 studio
1541 1535 1765 1591 contendit,
1801 1540 1840 1579 et

208 1612 351 1650 contra
385 1619 509 1664 quam
544 1608 631 1649 sine
666 1605 749 1649 ullo
783 1606 910 1650 dubio
944 1609 1191 1663 gravissime
1241 1612 1426 1663 peccant,
1475 1609 1544 1664 qui
1595 1609 1840 1663 promiscuis

210 1676 323 1720 hisce
357 1679 511 1733 nuptiis
543 1681 702 1720 temere
737 1676 1035 1721 contrahendis
1066 1690 1110 1720 se
1142 1689 1189 1721 30
1225 1677 1380 1733 prolem
1430 1677 1582 1720 exinde
1614 1678 1838 1733 suscipien-

205 1747 301 1790 dam
359 1749 639 1803 perversionis
689 1747 873 1803 periculo
926 1750 1253 1791 committunt».
1301 1745 1567 1803 Quapropter
1611 1747 1747 1791 adhuc
1801 1749 1838 1790 in

204 1818 471 1874 dispensante
507 1820 754 1875 requiritur:
789 1817 838 1859 30
872 1817 1053 1861 Moralis
1087 1817 1305 1873 habeatur,
1340 1822 1540 1876 quantuni
1587 1832 1653 1861 res
1688 1820 1841 1875 patitur

208 1891 245 1930 in
282 1890 465 1932 futurum
502 1889 771 1945 adimplenda
804 1902 854 1931 ex
892 1888 1114 1932 voluntatis
1148 1891 1376 1946 praesentis
1400 1890 1607 1939 firmitate,
1634 1887 1840 1932 certitudo

205 1959 435 2015 prudenter
467 1973 516 2002 ex
551 1961 877 2003 circumstantiis
925 1959 1196 2013 desumenda,
1246 1962 1487 2016 praesertim
1531 1959 1583 2003 de
1616 1958 1834 2003 acatholici

207 2029 423 2073 honestate
457 2042 505 2073 ac
537 2032 788 2084 sinceritate,
823 2031 941 2073 cuius
973 2030 1234 2074 certitudinis
1267 2029 1473 2074 obiectum
1509 2034 1589 2074 est:
1614 2029 1665 2073 de
1683 2029 1840 2072 cautio-

208 2113 305 2142 num
338 2099 617 2157 implemento,
669 2113 746 2143 non
784 2103 861 2143 iam
897 2100 947 2143 de
983 2103 1188 2156 praesenti
1240 2113 1339 2144 vera
1390 2102 1675 2157 promissione,
1712 2112 1834 2158 quam

206 2175 348 2214 tamen
384 2170 569 2214 includit.

325 2240 475 2284 Lucem
510 2242 689 2285 atl'erunt
742 2243 893 2299 praec.i
925 2243 971 2301 §⁰
1020 2256 1068 2287 30
1115 2246 1301 2301 sequenti
1355 2243 1481 2287 verba
1514 2243 1553 2286 S.
1587 2242 1630 2286 C.
1666 2242 1749 2299 lnq.
1784 2242 1834 2285 ad

208 2311 428 2354 Primatem
459 2315 695 2368 Hungariae
720 2313 756 2358 ¹:
788 2329 807 2354 «
833 2313 978 2370 Aplca.
999 2314 1127 2358 Sedes
1144 2327 1309 2370 semper
1327 2319 1646 2371 constanterque
1670 2314 1837 2356 retinuit

203 2386 330 2439 atque
364 2385 513 2425 retinet
546 2382 776 2427 nullimode
811 2387 848 2427 in
885 2387 1011 2429 vetito
1045 2387 1201 2428 mixtae
1226 2384 1439 2441 religionis
1471 2385 1529 2427 fas
1561 2397 1650 2427 esse
1673 2383 1836 2439 dispen-

205 2466 311 2507 sare,
346 2455 421 2495 nisi
456 2453 631 2510 singulis
667 2456 704 2497 in
740 2454 905 2499 casibus
938 2460 1103 2513 praeter
1150 2468 1296 2499 causas
1337 2457 1558 2499 canonicas
1590 2454 1710 2498 simul
1745 2466 1837 2497 con-

203 2528 375 2566 currant
409 2529 490 2567 tres
524 2525 783 2569 conditiones
816 2531 1059 2583 sequentes:
1096 2527 1140 2569 1³
1175 2531 1218 2570 ut
1255 2531 1391 2582 partes
1414 2530 1454 2569 et
1476 2527 1718 2583 praesertim
1744 2523 1836 2567 liae-

207 2595 333 2637 retica
371 2606 490 2637 veras
523 2597 734 2639 cautiones
770 2599 1061 2653 praestiterint,
1095 2596 1247 2654 quibus
1277 2610 1320 2640 se
1353 2608 1493 2640 coram
1527 2595 1710 2639 Ecclesia
1733 2594 1834 2638 obli·

203 2666 303 2719 gant
335 2662 385 2706 ad
420 2676 481 2717 ea,
516 2677 621 2721 quae
655 2664 706 2708 ab
741 2666 886 2709 iisdem
922 2668 1007 2723 ipsa
1041 2665 1225 2710 Ecclesia
1259 2668 1451 2722 exigit...;
1487 2665 1532 2709 ,⁶2³
1565 2669 1608 2708 ut
1639 2665 1834 2721 Superior

202 2732 511 2777 ecclesiasticus
545 2735 747 2779 moralem
782 2737 1074 2780 certitudinem
1108 2736 1258 2780 habeat
1304 2739 1393 2779 sive
1416 2736 1467 2780 de
1490 2737 1729 2779 cautionum
1751 2736 1831 2777 sin-

202 2805 375 2847 ceritate
408 2803 459 2847 de
493 2808 699 2859 praesenti
732 2809 823 2850 sive
854 2806 905 2850 de
938 2819 1082 2850 earum
1126 2799 1396 2863 adimplendo
1429 2806 1480 2850 de
1513 2807 1673 2859 futuro,
1709 2805 1754 2848 3³
1791 2808 1834 2848 ut

324 2886 333 2907 1
362 2885 407 2919 29
432 2885 529 2920 Iulii
557 2887 658 2922 1880.

1956 1994 1959 1996 -
1944 1734 1971 1973 ,›=-1·2.·,‹=-1·⁴aoass⁶‚›÷
1952 1690 1960 1707 v-
1955 1665 1958 1667 -

1962 2130 1971 2202 Ξ
