1971 3261
184 119 254 154 724
892 126 1104 152 APPENDIX

183 248 257 271 nem
284 246 421 271 sumere
448 234 580 280 possint
606 234 659 269 bis
685 233 738 269 vel
765 238 817 269 ter
843 234 1144 278 inbebdomadae
1170 240 1204 271 et
1229 235 1256 270 si
1283 241 1408 281 agatur
1432 237 1474 272 de
1495 238 1732 274 sacerdotibus
1758 239 1809 275 vel

183 294 365 339 religiosis,
391 294 495 329 etiam
534 292 700 338 quotidie,
725 304 790 329 non
816 300 946 328 servato
971 293 1117 329 ieiunio:
1144 293 1208 329 hoc
1232 298 1284 330 est
1309 295 1371 330 etsi
1405 295 1561 342 aliquam
1599 297 1810 333 medicinam

182 353 236 389 vel
261 353 396 399 aliquid
424 363 483 398 per
509 352 651 387 modum
679 356 779 398 potus
804 357 909 388 antea
933 353 1162 399 sumpserint.
1191 351 1414 397 (Communis
1445 355 1602 401 quinque
1628 355 1808 392 For-mulis.

183 411 271 448 Vide
296 411 567 447 declarationem
595 411 632 445 in
659 421 737 456 pag.
769 409 848 455 193,
878 415 960 446 uota
985 411 1033 455 2).

983 518 1003 536 ἢ(-

960 543 1026 564 ÷÷÷÷

306 622 358 658 18.
389 623 614 664 Confereudi‚
642 623 843 658 rationabili
869 624 912 659 de
936 634 1054 665 causa,
1086 621 1228 660 Ordines
1253 624 1397 661 minores
1421 636 1544 662 omues
1568 627 1687 670 simul,
1705 627 1811 664 etiam

182 694 260 719 cum
277 683 391 729 prima
404 687 559 718 tonsura.
574 681 797 727 (Communis
813 683 979 718 omnibus
993 682 1175 720 Formulis.
1191 683 1275 719 Vide
1292 684 1563 721 declarationem
1582 685 1617 720 iu
1639 697 1710 732 pag.
1728 685 1809 729 402,

184 746 268 778 nota
299 743 343 786 l).

305 799 360 836 19.
391 800 602 837 Confereudi
631 800 722 835 iusta
741 801 783 836 de
801 811 921 845 causa,
940 811 1062 842 omnes
1079 812 1193 837 sacros
1209 799 1363 845 Ordines,
1383 802 1488 838 etiam
1518 802 1810 851 Presbyteratum,

183 861 306 896 diebus
334 860 513 895 ferialibus
537 860 600 895 etsi
628 859 818 894 continuis.
845 859 947 903 (Vide
973 860 1245 896 declarationem
1273 861 1307 895 in
1335 872 1414 907 pag.
1444 859 1526 907 476,
1553 867 1636 898 nota
1661 861 1710 907 4).

301 918 355 955 20.
387 919 634 966 Dispensandi‚
654 919 750 963 gravi
780 923 897 954 tamen
923 919 966 955 de
991 930 1109 961 causa,
1129 930 1209 955 cum
1237 920 1419 966 utriusque
1443 920 1524 956 cleri
1543 920 1694 957 diaconis
1709 932 1814 968 super

184 980 313 1024 defectu
338 979 460 1014 aetatis
486 979 604 1014 decem
632 983 666 1013 ct
690 982 766 1013 octo
792 978 982 1022 mensium,
1011 983 1048 1013 ut
1073 989 1112 1013 eo
1138 989 1210 1014 non
1236 979 1410 1017 obstante.
1437 980 1481 1015 ad
1507 992 1533 1015 s,
1553 979 1813 1027 Presbyteratus

182 1039 342 1075 ordinem
382 1037 574 1084 promoveri
614 1037 761 1083 possint,
789 1037 979 1073 dummodo
1016 1037 1130 1072 idonei
1162 1037 1246 1080 sint,
1270 1042 1304 1074 et
1329 1038 1513 1074 dimidiam
1541 1043 1672 1085 partem
1698 1039 1811 1085 quarti

182 1098 267 1134 anni
295 1109 417 1133 cursus
443 1097 625 1142 theologici
652 1096 730 1135 rite,
750 1097 945 1132 secundum
972 1096 1110 1132 Codicis
1138 1097 1428 1144 praescriptiones
1451 1096 1539 1133 Can.
1560 1096 1640 1141 976,
1656 1098 1812 1135 absolve-

183 1157 268 1192 rint.
290 1156 513 1201 (Communis
539 1160 688 1201 quatuor
714 1155 969 1191 Formularum.
1002 1155 1086 1191 Vide
1111 1155 1382 1192 declarationem
1400 1156 1437 1190 in
1456 1167 1535 1203 pag.
1553 1155 1633 1199 396,
1659 1161 1741 1193 nota
1761 1157 1809 1200 1).

301 1241 408 1284 Ante
432 1253 470 1283 n.
496 1240 562 1284 20.
599 1265 651 1269 —-
693 1239 950 1283 Praecedens
983 1239 1155 1283 facultas
1185 1242 1244 1283 sic
1276 1242 1515 1284 enuntiatur
1548 1243 1586 1284 in
1619 1240 1812 1285 Formula

184 1313 357 1356 minori:
396 1327 418 1353 a
445 1310 712 1354 Pei-mittendi
747 1310 812 1366 (eo
845 1310 954 1367 quod
1002 1310 1236 1354 Praefectus
1268 1310 1531 1367 Apostolicus
1570 1311 1812 1355 charactere

183 1381 409 1439 episcopali
434 1394 581 1425 carens
604 1394 683 1423 non
716 1386 777 1424 est
809 1383 998 1424 minister
1030 1380 1301 1438 ordinarius),
1325 1386 1368 1424 ut
1389 1383 1475 1424 suis
1497 1380 1674 1438 (ratione
1698 1384 1813 1425 iuris-

183 1451 395 1509 dictionis)
429 1451 605 1496 subditis
636 1465 781 1495 omnes
812 1450 928 1494 sacri
958 1451 1143 1502 ordines,
1166 1454 1289 1495 etiam
1316 1451 1643 1509 Presbytei·atuS‚
1666 1452 1813 1496 diebus

185 1523 399 1567 ferialibus
421 1526 494 1566 etsi
519 1524 726 1567 continuis
748 1524 928 1566 conferri
953 1525 1110 1578 possint
1132 1538 1171 1577 ›),
1197 1525 1309 1566 iuxta
1342 1522 1665 1567 declarationem
1700 1525 1813 1580 prius

183 1596 365 1638 citatam.
400 1593 470 1637 Est
502 1593 678 1637 facultas
712 1593 934 1650 peculiaris
967 1595 1182 1651 utriusque
1215 1592 1433 1637 Fon-mulae
1468 1596 1626 1638 tertiae.

990 1746 1010 1765 -k

967 1772 1033 1792 -Χ-δέ

301 1867 322 1887 ⁹⁶
340 1866 397 1901 21.
429 1865 678 1911 Dispensandi,
706 1865 887 1900 canonicis
921 1865 1152 1901 existentibus
1183 1866 1311 1907 causis,
1339 1877 1444 1912 super
1476 1866 1718 1913 impedimentis
1741 1877 1813 1902 ma·

183 1925 432 1964 trimonialibus
457 1925 529 1960 sive
556 1924 703 1960 minoris
728 1925 800 1960 sive
826 1925 968 1960 maioris
993 1925 1122 1970 gradus
1154 1924 1255 1970 (Can.
1276 1924 1395 1971 1042),
1426 1930 1499 1961 tam
1530 1926 1678 1972 publicis
1706 1937 1812 1972 quam

183 1986 341 2029 occultis,
369 1986 473 2021 etiam
510 1984 778 2030 multiplic-ibus,
812 1985 898 2019 iuris
930 1989 1049 2020 tamen
1082 1985 1330 2020 ecclesiastici:
1366 1984 1519 2032 exceptis
1550 1985 1813 2031 impedimentis
1870 2019 1878 2024 ,

185 2043 473 2091 provenientibus
498 2054 537 2078 ex
563 2053 661 2078 sacro
689 2042 951 2089 Presbyteratus
976 2043 1111 2085 ordine,
1139 2054 1179 2079 ex
1205 2044 1341 2079 defectu
1368 2043 1600 2090 praescriptae
1631 2043 1755 2079 aetatis
1780 2048 1813 2079 et

183 2113 223 2138 ex
249 2102 418 2138 affinitate
451 2101 487 2135 in
522 2100 615 2136 linea
646 2105 752 2141 recta,
782 2105 1026 2136 consummato
1059 2101 1296 2137 matrimonio.
1324 2101 1546 2146 (Communis
1573 2100 1812 2137 Formularum

184 2165 346 2207 quatuor.
375 2160 459 2195 Vide
485 2159 755 2195 declarationem
782 2159 818 2194 in
847 2171 925 2205 pag.
955 2157 1050 2204 542).

305 2218 513 2255 Concedcndo
539 2224 647 2253 tamen
674 2218 735 2253 has
760 2218 1033 2265 dispensationes,
1065 2216 1269 2254 Ordinarius
1289 2230 1373 2266 prae
1398 2219 1504 2254 oculis
1529 2219 1647 2255 habeat
1678 2219 1812 2266 requtas

183 2284 329 2314 statutas
356 2278 390 2313 in
420 2277 544 2319 Codice,
572 2289 592 2312 a
621 2277 704 2314 Can.
736 2279 840 2312 1035
865 2277 910 2313 ad
938 2277 1020 2313 Can.
1052 2279 1169 2318 1080,
1197 2278 1286 2314 circa
1312 2278 1546 2325 impedimenta
1578 2277 1612 2313 in
1642 2290 1758 2325 qenere
1782 2284 1813 2314 et

183 2337 219 2373 in
244 2337 349 2384 specie
375 2343 415 2378 et,
446 2336 481 2371 in
508 2336 750 2383 impedimentis
775 2337 902 2371 niioetae
926 2335 1101 2383 reliyionis
1127 2343 1158 2372 et
1183 2336 1398 2384 disparitatis
1426 2337 1545 2378 cultus,
1570 2337 1713 2373 servatis
1737 2348 1812 2372 con-

185 2395 366 2431 ditionibus
393 2395 432 2430 ab
458 2393 609 2430 Ecclesia
629 2395 868 2441 praescriptis:
893 2394 1044 2431 videlicet
1070 2395 1109 2431 de
1135 2396 1314 2431 amovendo
1338 2407 1359 2431 a
1385 2396 1546 2432 catholico
1579 2396 1716 2443 coniuqe
1736 2407 1812 2443 per-

182 2454 345 2490 versionis
381 2454 541 2501 periculo,
570 2465 609 2488 ac
634 2453 672 2488 de
697 2454 854 2489 universa
888 2454 983 2501 prole
1021 2454 1196 2502 utriusque
1232 2466 1333 2490 sexus
1358 2454 1394 2490 in
1423 2454 1603 2490 catholicae
1638 2454 1813 2501 reliqionis

182 2513 360 2549 sanctitate
392 2512 596 2559 baptizanda
621 2520 651 2548 et
676 2512 846 2548 educanda
857 2527 868 2556 ;
897 2512 1025 2548 monita
1054 2520 1151 2560 parte
1184 2513 1347 2549 catholica
1373 2513 1411 2549 de
1435 2513 1648 2560 obliqatione,
1675 2524 1742 2560 qua
1768 2520 1813 2548 te-

182 2578 292 2612 netur,
323 2572 565 2607 conversionem
603 2571 753 2618 coniuqis
790 2571 969 2607 acatholici
1004 2572 1185 2619 prudenter
1221 2571 1383 2615 curandi‚·
1412 2583 1514 2619 eaque
1540 2572 1608 2619 leqe
1632 2579 1682 2617 ut,
1709 2584 1813 2620 neque

184 2638 260 2667 ante
294 2643 396 2678 neque
425 2638 497 2678 post
530 2630 783 2665 matrimonium
816 2642 927 2666 coram
962 2629 1112 2666 Ecclesia
1150 2631 1285 2672 initum,
1316 2637 1431 2678 partes
1464 2631 1586 2666 adeant
1618 2631 1811 2667 ministrum

184 2689 272 2737 falsi
295 2689 404 2725 cultus
430 2688 474 2723 ad
499 2688 782 2724 matrimonialem.
808 2700 1001 2724 consensum
1024 2689 1263 2735 praestandum
1288 2689 1340 2724 vel
1364 2689 1601 2725 renovandum.
1629 2688 1667 2725 Si
1690 2695 1812 2736 apatur

183 2760 259 2784 vero
285 2748 323 2783 de
347 2748 573 2783 matrimoniis
599 2759 672 2782 cum
706 2747 855 2784 hebraeis
879 2749 931 2783 vel
953 2748 1211 2790 mahometanis,
1233 2748 1402 2796 peculiari
1433 2748 1565 2784 ratione
1599 2754 1723 2795 oportet
1755 2754 1811 2784 ut:

184 2813 307 2842 constet
332 2805 371 2841 de
395 2812 504 2841 status
531 2805 681 2841 libertate
703 2807 814 2853 partis
840 2806 1000 2853 infidelis,
1028 2806 1073 2842 ad
1102 2806 1333 2842 removendum
1364 2806 1551 2854 periculum
1578 2805 1812 2854 polyqamiae;

184 2865 271 2901 absit
294 2864 478 2912 periculum
506 2864 769 2901 circumcisionis
792 2866 918 2913 prolis;
942 2872 973 2901 et
1004 2866 1036 2901 si
1064 2866 1175 2901 civilis
1209 2872 1302 2902 actus
1326 2866 1372 2902 sit
1397 2865 1574 2909 ineundus,
1603 2865 1648 2901 sit
1680 2871 1810 2900 tantum
