1971 3261
196 169 241 202 94
589 167 674 200 Lm.
703 166 775 200 III.
805 186 818 191 -
852 166 962 200 PARS
987 165 1018 199 Ι.
1048 186 1060 191 -
1086 165 1144 200 De
1168 165 1433 201 Sacramentis
1633 165 1723 201 Gan.
1752 166 1817 201 797

315 285 383 328 94.
416 286 490 330 De
524 285 917 331 confirmationis
951 285 1213 330 effectibus
1246 285 1364 330 iuris
1412 286 1459 329 in
1506 286 1717 341 patrino.
1763 309 1820 314 —

192 354 314 399 Conc.
349 355 459 398 Trid.
480 355 491 376 ¹
527 357 689 398 statuit:
731 369 751 394 ((
769 353 826 397 Ea
859 366 1025 411 quoque
1059 356 1265 410 cognatio,
1300 366 1406 412 quae
1430 367 1480 397 ex
1505 356 1820 398 confirmatione

195 426 465 480 contrahitur,
518 425 836 469 confirmantem
890 428 929 467 et
981 425 1291 479 confirmatum,
1339 424 1530 483 illiusque
1581 430 1738 482 patrem
1782 430 1821 468 et

195 502 367 540 matrem
402 509 449 539 ac
481 500 688 538 tenentem
723 508 801 537 non
828 495 1129 551 egrediatur».
1177 494 1334 547 <Codex
1385 495 1603 552 abrogavit
1654 501 1821 552 propter

195 570 458 611 omissionem
494 580 542 609 ex
581 578 670 609 can.
707 566 745 619 6,
781 564 824 608 6⁰
858 567 1147 621 cognationem
1182 564 1288 609 hanc
1321 568 1427 609 inter
1460 567 1592 610 dictas
1610 578 1820 623 personas,

199 637 412 680 videlicet:
449 639 553 680 inter
587 636 903 679 confirmantem
938 649 987 678 ex
1023 648 1104 679 una
1139 641 1254 692 parte
1286 640 1325 679 et
1358 642 1519 680 ceteras
1561 651 1609 680 ex
1661 638 1819 694 altera).

197 708 327 752 Huius
360 709 481 750 etiam
518 709 709 763 cognatio
742 720 836 750 cum
874 711 988 763 patre
1024 711 1237 764 matreque
1280 708 1511 751 confirmati
1562 711 1649 764 pari
1698 710 1821 753 modo

194 779 419 835 abrogatur
452 781 490 821 in
514 791 599 835 seq.
625 792 716 820 ean.
742 780 848 820 797.
872 776 1019 821 Etiam
1041 791 1093 820 etv
1114 777 1258 821 valida
1281 778 1413 822 solum
1440 779 1757 835 confirmatione
1779 781 1821 837 a)

194 850 332 893 oritur
357 854 497 892 mutua
521 849 633 891 inter
675 848 967 905 confisi-matum
1009 854 1048 891 et
1089 849 1309 906 patrinum
1346 849 1540 906 coynatio
1563 849 1822 907 spiritualis,

193 920 371 964 scilicet:
413 922 743 977 «propinquitas
776 920 826 962 ad
861 920 1175 963 similitudinem
1211 920 1410 963 naturalis
1453 923 1822 977 consanguinitatis

196 995 282 1035 iure
317 993 515 1034 canonico
550 994 699 1034 statuta
734 995 773 1033 et
807 1004 857 1034 ex
892 991 1208 1034 confirmatione
1240 995 1391 1044 orta»,
1425 998 1464 1035 et
1496 991 1663 1048 quidem
1699 994 1821 1035 ratio-

195 1061 408 1115 nabiliter3
444 1074 538 1105 nam
574 1067 616 1104 nt
650 1061 829 1118 explicat
861 1061 906 1104 D.
942 1061 1015 1107 Th.
1038 1061 1072 1106 ²:
1114 1061 1310 1118 «duplex
1331 1066 1392 1105 est
1415 1061 1594 1105 carnalis
1612 1065 1819 1106 nativitas.

197 1133 330 1175 Prima
365 1134 403 1174 in
440 1138 569 1184 utero,
604 1134 642 1174 in
677 1146 759 1189 quo
793 1132 930 1175 adhuc
964 1132 1003 1175 id
1039 1133 1147 1189 quod
1183 1137 1324 1176 natum
1360 1137 1433 1188 est,
1469 1137 1530 1176 est
1561 1133 1665 1176 adeo
1684 1131 1820 1177 debile

195 1204 302 1261 quod
339 1216 417 1246 non
454 1205 579 1259 possit
613 1208 731 1246 extra
765 1205 914 1260 exponi
948 1205 1035 1246 sine
1069 1203 1267 1260 periculo,
1301 1207 1341 1246 et
1374 1202 1471 1247 huic
1515 1205 1720 1247 nativitati
1763 1216 1822 1247 as-

194 1274 400 1317 similatur
433 1276 692 1330 regeneratio
728 1287 800 1330 per
833 1274 1098 1330 baptismum,
1150 1276 1187 1317 in
1231 1287 1312 1332 quo
1357 1279 1627 1331 regeneratur
1673 1273 1822 1331 aliquis

195 1349 308 1402 quasi
345 1345 479 1388 adhuc
515 1346 720 1388 fovendus
755 1347 859 1388 intra
896 1350 1056 1388 uterum
1083 1344 1305 1389 Ecclesiae.
1330 1345 1518 1389 Secunda
1544 1350 1604 1389 est
1626 1347 1822 1388 nativitas

195 1429 243 1458 ex
261 1408 409 1469 altero,
444 1415 608 1472 quando
643 1417 721 1458 iam
757 1415 866 1472 quod
901 1421 1043 1458 natum
1067 1420 1156 1458 erat
1179 1418 1217 1458 in
1242 1420 1373 1468 utero,
1398 1420 1556 1459 tantum
1583 1415 1819 1460 roboratum

194 1491 253 1529 est
286 1487 395 1544 quod
431 1491 562 1542 potest
594 1488 682 1529 sine
717 1487 900 1542 periculo
934 1488 1084 1543 exponi
1119 1486 1411 1542 exterioribus,
1444 1499 1550 1544 quae
1588 1491 1681 1531 nata
1729 1492 1823 1530 sunt

194 1570 475 1612 corrumpere,
510 1561 548 1599 et
583 1556 678 1600 huic
712 1557 965 1599 assimilatnr
996 1557 1269 1605 confirmatio,
1305 1570 1377 1614 per
1411 1570 1534 1615 quam
1560 1557 1683 1600 homo
1707 1556 1823 1600 roho-

195 1631 306 1670 ratus
338 1629 557 1683 exponitur
591 1629 628 1670 in
665 1626 880 1683 publicum
913 1627 962 1670 ad
997 1628 1299 1671 confessionem
1333 1630 1512 1672 nominis
1558 1627 1721 1672 Christi.
1772 1627 1820 1670 Et

195 1698 286 1741 ideo
319 1711 502 1754 congrue
537 1711 609 1754 per
645 1703 868 1755 utrumque
893 1697 1056 1741 illorum
1080 1703 1435 1742 sacramentorum
1461 1698 1718 1742 contrahitur
1740 1700 1822 1755 spi-

195 1767 353 1811 ritualis
376 1770 566 1823 cognatio
591 1784 630 1822 >),
655 1767 697 1824 h)
721 1782 772 1811 eoe
796 1782 879 1825 qua
900 1767 1101 1825 patrinus
1123 1769 1451 1812 confirmationis
1475 1771 1512 1811 in
1538 1782 1581 1812 se
1613 1770 1822 1825 accipiens

194 1838 372 1881 officinm
401 1841 542 1881 matris
565 1838 775 1882 Ecclesiae
796 1837 1052 1895 obliyatione
1075 1843 1240 1881 tenetur
1257 1838 1560 1895 confirmatum,
1580 1851 1679 1895 erga
1697 1852 1818 1896 quein

196 1909 449 1965 singularem
485 1909 750 1965 peculiariter
782 1912 943 1966 accepit
975 1909 1090 1960 illud,
1119 1915 1321 1967 perpetuo
1366 1908 1446 1952 sihi
1489 1909 1819 1953 commendatum

196 1978 388 2034 habendi,
421 1982 539 2023 sicuti
578 1985 776 2036 perpetua
811 1985 871 2023 est
904 1982 1095 2036 cognatio
1128 1984 1355 2035 contracta,
1387 1980 1560 2038 eiusque
1587 1980 1818 2024 confirmati

195 2049 473 2093 christianam
496 2050 786 2094 educationem
810 2050 1003 2105 curandi,
1028 2052 1079 2095 de
1103 2064 1182 2108 qua
1208 2065 1251 2095 re
1277 2051 1389 2094 Pont.
1408 2050 1525 2095 Rom.
1551 2053 1628 2095 ait:
1654 2067 1673 2092 ((
1693 2050 1822 2108 Expe-

194 2121 276 2164 dita
314 2124 450 2178 itaque
482 2120 820 2177 Contirmatione,
859 2122 1041 2165 Pontifex
1075 2122 1235 2177 sedens,
1270 2126 1439 2179 accepta
1475 2124 1608 2176 mitra,
1648 2124 1821 2179 patrinis

193 2196 232 2234 et
267 2194 453 2235 matrinis
485 2194 717 2240 annuntiat,
750 2193 859 2250 quod
895 2195 1099 2236 instruant
1132 2192 1237 2236 tilios
1270 2206 1366 2236 suos
1397 2194 1468 2249 (ita
1497 2197 1698 2236 vocantur
1720 2205 1816 2235 con-

195 2262 365 2318 tirmati)
400 2262 515 2305 bonis
549 2262 749 2317 moribus,
784 2263 893 2319 qnod
929 2265 1088 2320 fugiant
1121 2262 1244 2316 mala,
1277 2267 1316 2306 et
1348 2264 1501 2307 saciant
1536 2262 1640 2307 bona
1674 2262 1815 2320 (etiam

193 2335 230 2375 in
269 2332 618 2389 particularibus),
655 2337 693 2376 et
718 2334 894 2377 doceant
917 2347 987 2377 eos
1010 2334 1324 2390 (explicatione)
1356 2333 1488 2378 Credo
1521 2338 1560 2377 et
1595 2333 1713 2377 Pater
1748 2346 1818 2375 no-

193 2408 289 2456 ster,
324 2408 363 2446 et
394 2403 483 2446 Ave
518 2403 666 2446 Maria:
704 2407 900 2461 quoniam
934 2405 984 2448 ad
1021 2404 1097 2448 hoc
1129 2410 1223 2447 sunt
1246 2404 1415 2462 obligati
1439 2420 1480 2459 2),
1505 2409 1544 2448 et
1567 2417 1690 2462 quam
1716 2403 1818 2448 obli-

191 2475 400 2529 gationem
435 2474 537 2517 bene
571 2474 872 2531 adimplebunt,
906 2477 939 2518 si
975 2480 1017 2518 ut
1049 2475 1154 2518 dixit
1185 2487 1330 2530 canon,
1369 2480 1605 2518 «curent»
1646 2488 1718 2531 pro
1742 2488 1812 2531 op-

195 2546 443 2599 portunitate
483 2560 502 2584 «
526 2544 795 2588 christianam
821 2561 841 2586 »
881 2559 1023 2589 eorum
1064 2561 1085 2586 α
1108 2546 1395 2589 educationem
1421 2561 1459 2588 )).

217 2695 239 2728 d
272 2695 281 2729 Ι
310 2650 320 2670 1
349 2649 438 2693 Cap.
466 2650 503 2683 H
530 2660 623 2683 sess.
656 2649 790 2683 XXIV
824 2650 880 2684 De
906 2650 975 2684 ref.
1005 2655 1119 2685 matr.
1150 2671 1192 2675 —
1219 2650 1232 2672 2
1260 2650 1457 2695 Supplem.
1497 2663 1529 2695 q.
1567 2651 1655 2685 LVI
1684 2654 1760 2685 art.
1797 2653 1817 2684 2

192 2706 213 2729 a
289 2702 324 2729 ¹¹³.
