1971 3261
90 128 180 164 Can.
210 129 330 164 1099-
599 128 682 163 ΤΙΤ.
712 128 795 163 VII.
826 129 910 164 —De
936 130 1196 164 sslatrinioizio
1649 130 1717 165 647

94 249 419 294 acatholicorum
444 248 852 305 comprehendantur
870 253 991 295 etiam
1011 251 1263 295 schismatici
1289 256 1326 294 et
1351 251 1547 295 haeretici
1569 254 1719 295 rituum

93 320 371 365 orientalium.
406 319 468 362 Ad
505 318 550 362 ll.
586 320 846 364 Atlirmatire
870 338 908 365 )).

212 389 401 447 Magnam
436 389 513 433 sibi
549 390 783 446 expostulat
816 395 1083 435 attentionem
1131 395 1416 449 interpretatio
1450 400 1475 448 ς·
1510 394 1546 436 ⁶2.
1582 392 1724 437 Firmo

95 467 235 505 autem
265 460 531 519 praescripto
565 464 590 515 5
614 464 649 514 1,
675 475 712 504 η.
739 465 759 504 l
795 467 966 509 tantum,
1001 463 1182 508 scilicet:
1218 467 1435 507 statuentis
1468 467 1721 508 contrarium

95 532 190 576 huic
221 532 268 590 5⁰
305 532 441 589 quoad
477 534 739 575 matrimonia
766 535 872 576 inter
893 547 936 577 se
964 548 1156 578 verorum
1193 534 1520 578 acatholicorum
1543 549 1614 579 seu
1645 550 1722 578 non

96 602 397 647 catholicorum
438 618 456 643 ((
480 603 709 646 secundum
738 606 946 660 propriam
975 605 1089 649 verbi
1114 607 1459 662 significationem
1481 623 1498 646 »
1524 606 1632 663 (can.
1654 607 1723 650 ⁶28¹«

94 673 165 717 sed
200 673 252 718 ob
285 673 576 729 defectionem,
612 677 680 732 qui
709 676 880 731 proinde
902 681 994 719 sunt
1020 676 1071 720 ab
1094 676 1172 720 hoc
1194 676 1239 734 5⁰
1266 677 1308 720 ‘20
1333 677 1581 721 excludendi
1608 692 1725 735 prop·

96 749 158 789 ter
206 744 320 788 illam
357 744 555 788 initialem
591 746 834 795 clausulam,
869 760 916 790 eo
949 747 1058 805 quod
1095 761 1237 791 norma
1274 748 1339 791 illa
1375 751 1726 804 interpretationis

94 815 172 860 sub
205 828 294 860 can.
323 816 374 859 18
408 818 467 859 sic
491 820 551 859 est
576 817 804 873 completa:
845 833 866 858 «
891 820 928 861 in
954 823 1067 861 textu
1091 822 1131 861 et
1153 823 1350 862 contextu
1375 820 1720 864 consideratam»

96 888 443 943 significationem
479 887 747 944 praedictam.
784 888 906 945 Ergo,
942 889 1020 932 illis
1055 892 1331 933 matrimoniis
1353 890 1545 943 exclusis,
1582 891 1727 935 intelli-

97 959 219 1014 gendi
254 963 346 1002 sunt
383 961 420 1001 in
456 958 533 1002 hoc
567 960 610 1013 5⁰
646 958 689 1002 ⁶20
724 958 953 1003 acatholici
986 961 1089 1004 idest
1125 963 1288 1017 proprie
1313 975 1390 1004 non
1416 962 1606 1005 catholici
1632 967 1725 1006 actu

94 1031 183 1072 sive
207 1029 259 1072 ob
283 1030 557 1073 detectionem
582 1033 672 1073 sive
696 1044 743 1073 eo
767 1031 876 1087 quod
903 1044 1128 1089 numquam
1166 1033 1331 1076 fuerunt
1356 1032 1563 1086 catholici,
1586 1036 1624 1088 a)
1642 1033 1728 1076 sice

98 1099 304 1158 baptizati
338 1100 378 1152 b)
412 1101 498 1143 sive
530 1115 610 1143 non
646 1101 863 1159 baptizati,
900 1107 943 1145 ut
989 1115 1114 1159 supra
1165 1102 1265 1146 haec
1313 1105 1456 1147 eadem
1504 1103 1631 1148 verba
1676 1105 1726 1148 de

98 1170 242 1213 iisdem
277 1170 520 1214 acatholicis
541 1171 749 1215 declarata
773 1177 882 1227 sunt,
902 1174 1189 1217 tantummodo
1213 1174 1251 1216 si
1275 1174 1386 1216 inter
1408 1188 1451 1216 se
1473 1174 1727 1217 contrahant

98 1240 195 1297 (alia
230 1243 339 1284 enim
374 1255 516 1284 eorum
555 1245 815 1286 matrimonia
853 1248 1054 1300 reguntur
1083 1243 1129 1301 5⁰
1159 1244 1217 1301 10)
1252 1244 1405 1287 nullibi
1439 1251 1647 1297 tenentur,
1672 1249 1727 1288 vi-

95 1310 268 1354 delicet:
305 1314 498 1369 quamvis
534 1315 571 1355 in
607 1315 772 1356 natione
810 1313 872 1357 vel
908 1314 997 1357 loco
1031 1314 1330 1359 catholicorum
1371 1316 1540 1372 degant,
1573 1315 1628 1359 ad
1661 1331 1726 1359 ca-

97 1380 295 1424 tholicam
332 1383 598 1426 matrimonii
629 1383 812 1441 formam
844 1384 1112 1439 servandam,
1144 1386 1254 1443 quod
1289 1388 1364 1429 fuit
1387 1388 1654 1430 conformiter
1677 1388 1725 1431 ad

98 1455 453 1510 interpretationis
485 1455 607 1499 can.¹⁵
641 1455 694 1498 87
730 1458 767 1498 in
802 1454 1111 1500 Commentario
1143 1456 1298 1501 Textus
1330 1457 1628 1501 declarandum
1665 1472 1729 1501 ne-

95 1527 277 1568 cessario
312 1530 481 1582 propter
515 1525 751 1570 huiusmodi
796 1526 1050 1571 acatholicos
1091 1528 1229 1571 valide
1265 1527 1510 1585 baptizatos:
1546 1528 1598 1572 ll⁰
1630 1529 1726 1572 item

98 1608 267 1653 nempe:
302 1609 350 1640 ac
373 1599 405 1639 si
432 1594 639 1653 repeteret
663 1597 851 1642 ultimam
877 1605 1044 1655 praec.m
1068 1598 1322 1644 clausulam:
1352 1599 1579 1644 «nullibi...
1605 1605 1722 1646 etc.»

97 1665 148 1708 ab
181 1665 447 1717 acatholicis,
480 1667 590 1724 quod
628 1667 802 1711 verbum
840 1671 1006 1725 proprie
1045 1683 1117 1725 pro
1165 1683 1244 1712 non
1290 1670 1506 1714 catholicis
1538 1673 1729 1728 accipere

97 1741 273 1794 oportet,
292 1751 388 1781 cum
412 1751 491 1780 non
518 1740 592 1795 ipsi
619 1741 929 1782 matrimonium
966 1742 1105 1784 inituri
1140 1740 1470 1796 considerentur,
1495 1742 1566 1785 sed
1595 1741 1647 1786 ab
1671 1744 1730 1786 eis

96 1807 200 1860 nati,
235 1808 315 1850 etsi
349 1808 395 1851 ih
429 1807 621 1852 Ecclesia
656 1808 864 1853 catholica
899 1810 1118 1869 baptizati,
1155 1816 1198 1854 ut
1239 1825 1363 1868 supra
1410 1812 1511 1856 haec
1543 1812 1728 1856 clausula

97 1878 171 1921 fuit
205 1880 490 1935 interpretata,
525 1885 565 1923 et
599 1885 766 1937 propter
798 1893 922 1939 quam
946 1881 1070 1935 sub5
1105 1883 1120 1924 1
1162 1882 1632 1939 comprehenderentur,
1656 1884 1726 1927 sed

98 1948 243 2006 quial>
268 1948 465 2007 infantili
488 1955 629 1993 aetate
654 1951 827 2008 proinde
851 1953 1017 2009 quando
1055 1953 1256 2010 «legibus
1290 1967 1403 1998 mere
1437 1954 1730 1999 ecclesiasticis

98 2018 236 2063 adhuc
271 2033 349 2063 non
385 2025 622 2064 tenentur»
652 2020 761 2079 (can.
789 2022 860 2078 12)
894 2021 934 2079 a)
959 2023 1001 2065 in
1028 2021 1196 2066 haeresi
1228 2025 1362 2081 quoad
1400 2026 1728 2082 instructionem,

100 2093 345 2146 praesertim
381 2092 489 2148 apud
525 2096 695 2146 sectam,
733 2092 776 2149 b)
809 2092 872 2136 vel
904 2092 1130 2137 schismate
1164 2108 1236 2151 pro
1277 2096 1597 2152 independentia
1630 2109 1728 2153 erga

101 2161 319 2205 Summum
346 2162 587 2207 Pontificem
614 2169 657 2207 ut
682 2163 906 2220 plurimum
932 2166 1040 2221 apud
1066 2165 1335 2210 dissidentem
1363 2166 1604 2212 Ecclesiam.
1624 2180 1729 2225 quae

100 2231 253 2289 duplex
290 2235 577 2290 interpretatio
611 2235 883 2278 confirmatur
916 2249 964 2278 eo
998 2236 1106 2293 quod
1142 2236 1331 2280 additur:
1366 2240 1407 2295 c)
1441 2243 1516 2280 aa!
1548 2238 1728 2295 infideli-

101 2307 200 2358 tate,
233 2306 321 2348 sine
357 2304 438 2348 ulla
472 2307 546 2348 etsi
581 2305 679 2348 falsa
726 2306 807 2349 fide
851 2319 949 2362 erga
995 2305 1220 2362 Christum,
1253 2308 1380 2352 idest:
1430 2310 1597 2352 forsitan
1631 2323 1727 2353 cum

48 2401 51 2403 -
102 2374 272 2418 Deitatis
317 2375 441 2419 salsae
485 2376 613 2427 cultu,
648 2379 729 2419 imo
763 2376 807 2433 d)
840 2376 904 2420 vel
935 2377 1026 2420 siae
1064 2377 1154 2421 alla
1194 2378 1403 2437 reli'qione
1440 2379 1725 2427 adoleverunt,

98 2450 224 2503 atque
258 2445 360 2490 tales
396 2452 639 2504 permanent
675 2448 856 2491 nondum
891 2449 941 2491 ad
978 2448 1206 2492 Ecclesiam
1242 2450 1488 2495 catholicam
1525 2454 1732 2504 conversi,

99 2516 171 2560 sed
208 2518 496 2562 tantummodo
531 2518 692 2577 quoties
726 2532 816 2561 cam
847 2524 972 2576 parte
995 2518 1232 2563 acatholica
1257 2521 1429 2577 scilicet,
1453 2521 1506 2566 ob
1530 2525 1730 2579 interpre-

100 2589 266 2631 tationis
302 2588 525 2633 verborum
562 2592 762 2633 unitatem
810 2590 918 2633 idem
968 2595 1075 2633 esset
1123 2604 1247 2648 quam
1287 2598 1382 2637 actu
1416 2606 1494 2636 non
1529 2592 1731 2637 catholica

99 2659 418 2702 contraoeeriat:
454 2673 533 2703 uno
561 2660 690 2704 verbo
716 2674 787 2716 per
811 2660 920 2704 hunc
954 2673 1155 2705 canonem
1191 2668 1414 2707 censentur
1439 2666 1545 2707 inter
1567 2677 1732 2720 semper

100 2728 365 2785 acatholicos,
402 2744 481 2774 non
525 2730 713 2775 obstante
755 2745 898 2774 eorum
941 2731 1186 2788 baptismate
1224 2736 1263 2777 in
1298 2734 1482 2778 Ecclesia
1527 2734 1729 2778 catholica

105 2799 243 2843 valido
277 2813 325 2844 ac
359 2802 495 2845 forsan
529 2804 654 2845 etiam
690 2801 815 2856 licito,
849 2807 887 2845 et
925 2802 1044 2847 valde
1089 2804 1403 2859 rationabiliter,
1437 2808 1532 2863 quia
1567 2808 1731 2862 proprie

108 2886 128 2911 «
151 2870 203 2915 ab
236 2871 380 2915 eadem
418 2877 555 2929 postea
591 2886 670 2915 non
705 2872 948 2916 defecerunt
972 2889 991 2913 2>
1020 2879 1224 2932 quatenus
1248 2875 1324 2920 hoc
1349 2876 1533 2933 implicat
1557 2875 1727 2919 liberam
