1971 3261
194 174 266 208 474
599 171 684 204 Lm.
713 171 785 205 III.
814 190 826 197 -
854 171 964 205 PARS
990 170 1020 206 I.
1049 191 1064 197 -
1089 171 1146 205 De
1171 171 1438 206 §aeramentis
1610 171 1703 207 Gan.
1732 171 1825 207 1005

195 291 354 335 aiebat:
396 305 415 331 <c
441 303 518 333 non
555 291 728 345 contigit
760 288 940 347 aliquem
976 290 1119 345 perfici
1145 290 1398 346 perfectione
1430 289 1705 344 hierarchica,
1748 292 1825 333 nisi

199 375 271 418 per
319 361 622 404 divinissimam
657 359 1017 404 Eucharistiam».
1060 359 1110 402 Et
1145 360 1287 403 Pontii.
1332 360 1449 404 Rom.
1484 361 1536 404 de
1568 361 1827 404 ordinatione

200 431 431 486 Presbyteri
469 443 614 474 versus
638 432 777 485 tinem,
810 432 970 474 statuit:
1010 430 1276 488 «Postquam
1312 443 1412 474 vero
1448 431 1629 474 Pontifex
1653 444 1696 474 se
1719 444 1827 475 com-

198 504 362 545 munica
373 503 491 555 verit,
509 505 549 544 et
572 505 700 544 totum
725 502 969 557 sanguinem
990 502 1227 556 sumpserit,
1248 503 1486 558 priusquam
1506 501 1657 557 digitos
1674 500 1829 555 abluat,

196 572 403 616 accedunt
434 576 529 615 ante
553 572 682 615 altare
703 570 953 628 Presbyteri,
976 571 1128 615 deinde
1153 570 1336 626 Diaconi,
1363 572 1529 615 tandem
1553 571 1828 615 Subdiaconi:

196 648 237 686 et
269 645 405 686 statim
440 642 580 686 subdit
613 642 664 686 de
699 643 820 686 modo
856 642 1023 685 eosdem
1058 643 1420 686 communicandi:
1465 642 1527 686 bis
1559 647 1696 686 autem
1747 642 1833 685 edi-

197 715 306 757 citur
325 712 446 756 huius
469 715 774 756 communionis
799 717 1065 769 praeceptum
1101 714 1139 755 in
1165 726 1255 756 can.
1282 713 1424 757 1005.
1453 711 1604 756 Omnes
1627 712 1683 756 ad
1703 713 1834 756 nmio-

196 796 265 825 res
297 781 467 826 ordines
500 795 625 839 supra
660 785 885 826 recensitos
914 782 1099 840 promoti
1133 783 1305 839 proinde
1337 783 1386 826 ad
1423 783 1643 826 liceitatem
1673 782 1831 840 obliya-

200 853 312 897 tione
344 859 539 896 tenentur
571 867 621 896 ex
657 855 830 896 materia
866 856 967 896 ritus
999 855 1119 909 gravi
1153 857 1195 905 a)
1218 866 1368 896 sacrae
1390 853 1691 897 communionis
1716 853 1758 910 b)
1788 853 1831 896 in

198 924 294 981 ipso
331 923 629 967 Ora'inationis
662 922 809 979 Missa,
845 928 988 967 contra
1031 936 1156 980 quam
1205 926 1559 967 circumstantiam
1612 930 1834 981 peccarent

197 996 471 1050 suscipientes
507 994 618 1038 illam
654 999 772 1038 antea
811 994 873 1037 vel
911 999 1066 1050 postea,
1098 993 1428 1052 recipiendae».

907 1157 1065 1194 CAPUT.
1100 1158 1136 1193 V.

569 1242 624 1276 De
650 1241 826 1285 tempore
852 1242 891 1276 et
915 1241 1001 1277 loco
1028 1251 1163 1276 sacrae
1191 1242 1464 1277 ordinationis.

250 1358 335 1394 CAN.
371 1358 469 1393 1006.
490 1378 506 1385 -
527 1363 546 1401 ξ
564 1359 593 1393 1.
616 1357 838 1394 Consecratio
855 1358 984 1404 episco-

203 1406 293 1452 palis
311 1406 460 1441 conferri
481 1406 581 1442 debet
603 1406 694 1441 intra
714 1406 898 1441 Missarum
918 1406 981 1442 sol-

204 1453 347 1498 lemnia,
375 1453 430 1489 die
448 1453 623 1489 dominico
643 1453 693 1489 vel
716 1453 874 1489 natalitio
894 1453 982 1500 Apo-

201 1501 384 1536 stolorum.

251 1552 282 1590 ἓ.
312 1547 344 1584 ⁶2.
360 1546 610 1583 Ordinationes
632 1547 666 1581 in
687 1547 794 1583 sacris
811 1547 984 1583 celebren-

1055 1358 1128 1394 sive
1161 1359 1318 1394 absolute
1355 1359 1426 1395 sive
1459 1359 1524 1395 sub
1558 1359 1766 1400 conditione,
1802 1359 1836 1395 id

1059 1406 1130 1442 fieri
1160 1411 1269 1452 potest
1294 1406 1400 1442 etiam
1427 1412 1524 1442 extra
1549 1412 1706 1452 tempora
1731 1417 1772 1442 ac
1789 1417 1838 1442 se-

1056 1458 1189 1536 creffl'u.
1223 1498 1322 1535 1008.
1356 1520 1371 1527 -
1410 1499 1598 1547 Episcopus
1631 1505 1728 1536 extra
1765 1511 1837 1547 pro-

1059 1548 1173 1594 prium
1208 1547 1432 1589 territorium,
1458 1549 1535 1583 sine
1569 1546 1732 1584 Ordinari
1774 1547 1837 1584 loci

202 1599 259 1630 tur
286 1595 378 1630 intra
405 1594 588 1629 Missarum
616 1594 800 1630 sollemnia
830 1594 984 1630 sabbatis

203 1641 361 1686 Quatuor
387 1641 610 1687 Temporum.
641 1642 786 1677 sabbato
819 1646 900 1677 ante
926 1643 984 1678 do-

205 1689 372 1724 minicam
403 1689 587 1730 Passionis,
616 1693 649 1723 et
672 1689 824 1725 Sabbato
842 1688 982 1725 Sancto.

252 1740 271 1778 ἓ
290 1736 322 1770 3.
341 1736 445 1771 Gravi
467 1741 582 1771 tamen
599 1747 701 1771 causa
717 1736 983 1781 interveniente,

206 1782 395 1830 Episcopus
424 1788 533 1829 potest
550 1789 608 1818 eas
624 1783 751 1819 habere
777 1784 882 1818 etiam
902 1795 986 1830 quo-

205 1831 288 1865 libet
314 1831 370 1866 die
403 1831 578 1866 dominico
604 1835 664 1865 aut
693 1831 778 1866 festo
812 1831 854 1866 de
889 1842 985 1877 prae-

203 1889 242 1913 ce
271 1882 315 1913 to.

248 1889 271 1967 ἓ
298 1923 331 1959 4.
363 1924 477 1959 Prima
503 1930 646 1959 tonsura
680 1924 834 1970 quolibet
868 1925 924 1960 die
955 1930 988 1960 et

205 1973 291 2007 hora
317 1972 465 2007 conferri
496 1976 626 2017 potest‚·
658 1973 798 2007 ordines
836 1972 989 2008 minores

203 2019 353 2064 singulis
379 2019 501 2054 diebus
533 2019 720 2054 dominicis
745 2024 778 2054 et
806 2019 900 2054 festis
926 2020 986 2054 du-

206 2066 369 2112 plicibus:
399 2077 501 2101 mane
528 2071 659 2101 tamen.

254 2118 273 2156 ξ
299 2113 332 2148 5.
372 2113 586 2159 Reprobatur
619 2114 834 2149 consuetudo
867 2118 987 2149 contra

202 2160 466 2196 ordinationum
510 2165 663 2206 tempora
704 2160 990 2206 praecedentibus

208 2208 435 2254 paragraphis
457 2207 689 2254 praescripta:
711 2218 799 2253 quae
817 2208 990 2243 servanda

206 2266 345 2300 quoque
367 2260 460 2295 suut,
479 2266 558 2290 cum
576 2254 764 2301 Episcopus
783 2255 881 2290 latini
903 2255 989 2290 ritus

206 2301 347 2338 ordinat
372 2313 412 2337 ex
438 2302 627 2347 apostolico
653 2302 789 2337 indulto
824 2302 988 2337 clericum

207 2349 304 2384 ritus*
320 2349 500 2384 orientalis
525 2354 584 2384 aut
611 2354 742 2384 contra.

256 2395 341 2431 CAN.
377 2395 474 2430 1007.
507 2417 523 2421 -
552 2394 694 2439 Quoties
730 2396 902 2432 ordinatio
928 2397 989 2432 itc-

209 2443 319 2478 randa
345 2443 389 2477 sit
416 2443 466 2478 vel
494 2442 621 2489 aliquis
647 2444 734 2478 ritus
761 2443 988 2489 supplendus,

1060 1594 1212 1636 licentia,
1254 1595 1375 1641 nequit
1413 1596 1553 1630 ordines
1591 1596 1760 1639 conferre,
1801 1595 1837 1630 in

1058 1653 1206 1688 quorum
1233 1642 1417 1678 collatione
1445 1642 1658 1688 pontificalia
1683 1653 1840 1678 exercen-

1058 1689 1262 1771 tur,¹5salvo
1291 1690 1501 1736 praescripto
1535 1700 1612 1725 can.
1643 1688 1722 1731 239,
1753 1693 1772 1731 ξ
1807 1689 1835 1724 l.

1061 1748 1097 1771 n.
1177 1765 1182 1770 .

1108 1782 1191 1819 CAN.
1223 1782 1324 1820 1009.
1349 1804 1372 1809 -
1399 1784 1417 1829 ἓ
1451 1783 1481 1819 1.
1512 1782 1763 1819 Ordinationes
1789 1793 1841 1828 ge-

1061 1831 1196 1866 nerales
1223 1831 1258 1865 in
1289 1831 1477 1866 cathedrali
1517 1831 1674 1872 ecclesia,
1713 1830 1841 1866 vocatis

1064 1878 1373 1924 praesentibusque
1386 1878 1551 1914 ecclesiae
1569 1877 1761 1922 canonicis,
1781 1889 1856 1924 pur

1062 1925 1150 1960 blice
1176 1925 1415 1961 celebrentur:
1438 1925 1463 1959 si
1484 1931 1600 1961 autem
1615 1925 1650 1959 in
1670 1925 1738 1960 alio
1748 1925 1842 1960 dioe-

1061 1972 1148 2008 cesis
1175 1972 1260 2014 loco,
1283 1977 1464 2018 praesente
1481 1973 1572 2008 clero
1591 1973 1668 2014 loci,
1688 1972 1840 2017 dignior,

1062 2024 1232 2066 quantum
1262 2019 1333 2055 fieri
1363 2019 1497 2066 poterit.
1523 2020 1668 2055 ecclesia
1684 2020 1840 2055 adeatur.

1109 2070 1128 2109 ξ
1154 2066 1187 2101 ³2
1217 2066 1290 2102 Non
1320 2067 1521 2112 prohibetur
1557 2072 1672 2102 autem
1712 2066 1844 2112 Episco—

1064 2125 1137 2160 pus
1165 2114 1255 2149 iusta
1281 2114 1450 2149 suadente
1467 2125 1584 2157 causa,
1606 2114 1844 2149 ordinationes

1064 2160 1290 2206 particulares
1317 2161 1442 2197 babere
1469 2161 1504 2195 in
1535 2161 1614 2197 aliis
1651 2161 1756 2196 etiam
1795 2171 1846 2196 ec-

1061 2208 1176 2243 clesiis
1204 2208 1356 2254 itemque
1382 2208 1417 2242 in
1444 2208 1593 2244 oratorio
1622 2208 1750 2244 domus
1776 2207 1846 2254 epi-

1063 2255 1210 2301 scopalis
1240 2260 1300 2291 aut
1340 2254 1526 2291 Seminarii
1566 2261 1627 2291 aut
1664 2255 1846 2300 religiosae

1062 2303 1199 2338 domus.

1109 2354 1128 2392 ξ
1155 2350 1188 2384 3.
1217 2348 1331 2384 Prima
1369 2354 1512 2384 tonsura
1538 2354 1572 2384 et
1609 2349 1750 2384 ordines
1783 2349 1847 2384 mi-

1063 2407 1164 2431 nores
1190 2397 1338 2432 conferri
1369 2402 1513 2443 possunt
1539 2396 1644 2432 etiam
1669 2396 1706 2431 in
1736 2396 1848 2442 priva—

1064 2443 1107 2478 tis
1133 2443 1304 2479 oratoriis.

328 2550 426 2594 387.
464 2552 720 2607 Inscriptio
754 2552 930 2607 capitis
963 2553 1170 2607 eiusque
1204 2552 1418 2596 ordinati
1444 2564 1674 2596 canones.
1701 2575 1753 2580 —
1777 2550 1846 2593 Se-

209 2622 353 2677 quitur
392 2618 528 2677 Capul
575 2619 606 2662 V
633 2633 741 2663 nuuc
775 2620 1083 2675 explicandum.
1123 2619 1180 2663 De
1215 2625 1398 2677 tempore
1421 2620 1555 2677 quoad
1581 2620 1691 2663 diem
1726 2619 1851 2663 illius-

209 2703 290 2747 que
326 2695 499 2746 partem,
535 2696 572 2732 e!
607 2690 693 2733 loco
727 2705 876 2733 saetae
918 2690 1208 2734 ordinationis
1260 2691 1547 2739 conferendae,
1602 2695 1687 2733 tum
1723 2690 1849 2733 relate

209 2761 261 2804 ad
297 2763 423 2817 ipsius
459 2763 692 2804 ministrum
727 2762 1002 2816 considerato,
1038 2767 1124 2804 tum
1160 2763 1198 2803 in
1222 2763 1372 2817 seipso,
1396 2761 1529 2818 qualis
1556 2774 1705 2816 nempe
1736 2761 1850 2804 locus

210 2843 331 2875 sacer
367 2834 616 2888 requiratur.
636 2831 747 2874 Haec
776 2832 857 2875 duo
882 2832 970 2875 loca
994 2832 1328 2874 determinantur
1353 2845 1425 2887 pei·
1448 2844 1537 2875 can.
1567 2831 1694 2885 1008,
1719 2831 1846 2881 1009,

212 2901 558 2957 praecedentibus
591 2901 682 2944 aliis
715 2902 878 2946 duobus
911 2902 1045 2959 quoad
1093 2907 1316 2958 utrumque
1363 2902 1622 2958 praedictum
1666 2906 1846 2957 tempus:

1955 2546 1971 2641 ξ
