1971 3261
184 191 253 225 742
629 194 755 220 nmmx
781 193 973 220 GANONUM
998 194 1050 218 m
1076 191 1356 219 commin-Anu

1799 410 1839 464 s*

1768 2556 1820 2602 ⁴90

864 348 1051 386 TlTULUS
1080 349 1120 385 ll.

799 427 856 462 De
882 426 1205 462 confirmatione.
1794 469 1797 472 s

1605 493 1684 516 CAN.
1725 493 1808 518 PAG-

183 549 360 583 Canones
385 547 553 583 780-781.
1760 544 1807 580 73

181 607 395 653 Inscriptio
420 606 553 641 tituli.
1761 602 1808 637 74

182 667 313 702 Huius
338 665 572 700 sacramenti
597 664 709 699 notio
764 691 771 697 .
873 689 880 697 .
985 689 991 696 .
1095 689 1102 696 .
1204 689 1210 695 .
1315 688 1322 695 .
1423 687 1432 695 .
1534 687 1542 695 .
1619 661 1690 696 780
1774 677 1788 692 »

182 725 240 760 De
265 725 430 760 materia
453 727 602 759 remota
627 727 667 758 et
692 722 882 768 proxima.
984 748 990 755 .
1093 747 1100 755 .
1205 749 1210 754 ,
1315 747 1322 754 .
1425 746 1432 753 .
1537 748 1544 755 .
1620 719 1689 754 781
1762 720 1808 756 75

183 783 426 819 Distributio
451 782 564 817 tituli
590 783 631 817 in
658 781 787 826 capita
1764 778 1809 814 77

540 912 678 947 CAPUT
703 911 735 946 Ι.
764 931 806 937 -
834 911 890 946 De
914 910 1095 946 ministro
1122 908 1445 945 confirmationis.

185 1009 362 1045 Canones
387 1007 555 1043 782-785.
1765 1003 1810 1039 77

184 1068 396 1114 Inscriptio
422 1066 562 1112 capitis
588 1069 628 1100 et
654 1065 747 1099 ordo
772 1075 968 1099 canonum
989 1090 997 1098 .
1766 1062 1812 1098 78

185 1127 371 1162 Minister
396 1125 548 1161 validae
573 1123 886 1160 confirmationis
954 1158 956 1160 ,
989 1150 996 1156 .
1098 1148 1106 1156 .
1209 1149 1216 1156 .
1319 1149 1327 1157 .
1429 1149 1437 1157 .
1539 1150 1548 1157 .
1624 1123 1693 1158 782
1780 1137 1793 1152 »

184 1187 242 1221 De
266 1185 608 1221 administratione
634 1184 746 1218 licita
785 1182 1097 1227 confirmationis
1133 1192 1203 1227 per
1237 1181 1468 1216 ministrum
1493 1193 1550 1217 or-

279 1245 477 1279 dinarium
548 1270 556 1279 .
657 1270 665 1278 .
769 1269 776 1277 .
879 1269 887 1276 .
990 1268 997 1275 .
1100 1267 1108 1274 .
1211 1267 1218 1275 .
1322 1267 1329 1275 .
1431 1267 1439 1275 .
1542 1267 1550 1275 .
1625 1240 1695 1275 783
1765 1239 1806 1274 81

184 1305 241 1339 De
267 1303 543 1338 confirmandis
568 1302 678 1337 licite
703 1300 876 1337 subditis
901 1300 1043 1335 alienis
1069 1311 1139 1345 per
1168 1299 1443 1346 presbyterum
1543 1326 1551 1333 .
1626 1298 1695 1333 784
1766 1298 1813 1334 82

185 1362 457 1397 Ministrorum
483 1360 792 1396 confirmationis
817 1359 1010 1405 obligatio
1035 1358 1139 1394 hanc
1163 1357 1391 1393 conferendi
1431 1385 1439 1393 .
1542 1384 1549 1392 .
1625 1358 1695 1393 785
1781 1372 1794 1387 »

527 1490 665 1526 CAPUT
690 1489 742 1524 II.
796 1510 838 1515 —
864 1489 920 1524 De
946 1488 1120 1524 subiecto
1144 1487 1470 1524 confirmationis.

185 1568 369 1621 Canones
392 1585 558 1620 786—789.
1766 1579 1814 1615 84

185 1644 399 1689 Inscriptio
424 1644 566 1689 capitis
591 1648 630 1678 et
657 1654 852 1678 canonum
876 1642 1074 1677 ordinatio
1102 1669 1110 1677 .

186 1703 419 1738 Subiectum
444 1702 596 1737 validae
622 1713 667 1737 ac
690 1702 915 1737 fructuosae
941 1701 1253 1736 confirmationis
1320 1728 1326 1734 .
1432 1727 1439 1734 .
1541 1726 1550 1734 .
1627 1699 1697 1734 786
1783 1715 1796 1728 a»

187 1762 244 1797 De
269 1761 513 1807 obligatione
539 1761 752 1807 recipiendi
777 1760 1118 1796 confirmationem
1215 1787 1221 1794 .
1325 1786 1332 1794 .
1435 1786 1442 1794 .
1545 1785 1552 1793 .
1628 1757 1697 1793 787
1769 1756 1815 1792 86

185 1821 244 1855 De
270 1825 400 1855 aetate
426 1820 783 1855 confirmandorum
882 1846 890 1854 .
994 1848 1000 1854 .
1104 1846 1111 1853 .
1215 1846 1222 1853 .
1324 1845 1331 1852 .
1434 1845 1441 1852 .
1545 1846 1552 1852 .
1627 1816 1697 1852 788
1767 1816 1816 1852 87

187 1879 245 1914 De
271 1880 505 1915 adsistentia
529 1880 628 1914 ritui
654 1880 774 1915 etiam
800 1878 1036 1914 accidentali
1105 1906 1112 1913 .
1215 1905 1223 1913 .
1325 1904 1333 1912 .
1435 1903 1444 1912 .
1546 1902 1573 1931 ,ἡ
1629 1876 1699 1912 789
1770 1874 1817 1910 88

306 2010 442 2045 CAPUT
469 2009 539 2044 III.
570 2030 613 2034 —
639 2010 694 2045 De
717 2009 896 2053 tempore
921 2008 961 2044 et
985 2008 1069 2044 loco
1094 2006 1402 2043 confirmationis
1426 2005 1697 2043 conferendae.

191 2104 367 2139 Canones
393 2104 559 2139 790-792.
1770 2098 1816 2133 88

189 2163 400 2208 Inscriptio
425 2163 566 2208 capitis
592 2166 632 2197 et
658 2173 827 2197 canones
853 2161 926 2196 sub
952 2172 997 2195 eo
1105 2187 1112 2195 .
1214 2187 1221 2194 .
1325 2187 1332 2194 .
1435 2185 1442 2193 .
1546 2185 1553 2193 .
1782 2173 1796 2187 »

190 2222 247 2257 De
274 2226 448 2267 tempore
555 2248 562 2255 .
664 2247 672 2255 .
774 2248 781 2255 .
886 2248 892 2254 .
996 2247 1003 2254 .
1107 2247 1113 2254 .
1215 2245 1224 2254 .
1325 2246 1332 2253 .
1436 2245 1443 2253 ,
1545 2245 1553 2252 .
1628 2216 1698 2251 790
1769 2215 1815 2250 89

191 2281 248 2315 De
274 2280 358 2314 loco
443 2307 450 2314 .
551 2307 558 2314 .
661 2307 668 2314 .
772 2307 780 2314 .
882 2308 888 2313 .
992 2306 999 2313 .
1102 2305 1110 2312 .
1213 2305 1221 2313 .
1323 2305 1330 2312 .
1434 2306 1440 2312 .
1545 2306 1551 2312 .
1630 2276 1715 2333 ’791Χ

190 2339 248 2374 De
274 2339 359 2373 iure
386 2339 568 2383 Episcopi
663 2366 669 2372 .
773 2367 778 2372 .
882 2365 890 2372 .
993 2365 999 2371 .
1104 2366 1110 2372 .
1215 2365 1220 2371 .
1325 2363 1332 2371 .
1436 2363 1443 2370 .
1546 2363 1554 2370 .
1631 2334 1701 2370 792
1787 2349 1800 2363 ³

710 2467 848 2502 CAPUT
874 2467 939 2504 IV.
969 2486 1008 2493 -
1035 2467 1091 2502 Dc
1114 2466 1300 2511 patrinis.

191 2561 368 2595 Canones
395 2561 567 2597 793-797.

190 2619 403 2664 Inscriptio
428 2620 569 2664 capitis
595 2623 634 2654 et
660 2620 753 2654 ordo
778 2631 975 2654 canonum
998 2647 1002 2653 .

193 2678 417 2712 Necessitas
444 2678 594 2722 patrini
620 2678 898 2713 confirmandi.
1002 2707 1007 2713 .
1110 2705 1117 2712 .
1200 2706 1226 2722 A.
1329 2704 1336 2711 .
1440 2703 1446 2710 .
1551 2703 1557 2709 .
1634 2675 1704 2710 793

190 2737 248 2771 De
273 2747 436 2771 numero
464 2737 711 2782 patrinorum
737 2742 778 2772 et
803 2736 1158 2772 confirmandorum
1209 2742 1224 2770 ’.
1327 2763 1335 2769 .
1438 2762 1444 2769 .
1550 2763 1557 2770 .
1633 2734 1704 2770 794

192 2795 441 2830 Necessariae
466 2795 680 2841 qualitates
706 2797 856 2842 patrini
892 2823 899 2830 .
1002 2822 1009 2830 .
1112 2823 1118 2829 .
1223 2823 1229 2829 .
1333 2822 1339 2828 .
1442 2821 1449 2828 .
1553 2821 1559 2827 .
1635 2793 1705 2828 795

193 2853 382 2887 Patrinus
407 2852 520 2888 licite
546 2853 792 2889 adhibendus
891 2882 898 2889 .
1003 2884 1007 2888 .
1111 2881 1118 2888 .
1222 2881 1228 2887 .
1331 2880 1337 2887 .
1441 2879 1448 2886 .
1551 2879 1558 2886 .
1634 2851 1704 2887 796

192 2912 249 2946 De
275 2911 583 2947 confirmationis
609 2912 815 2948 effectibus
842 2914 939 2948 iuris
965 2913 1007 2947 in
1033 2913 1189 2958 patrino
1220 2939 1227 2946 .
1329 2939 1336 2947 .
1439 2938 1447 2946 .
1549 2938 1556 2945 .
1635 2909 1703 2945 797

1762 2848 1822 2884 ,93
1889 2836 1971 2906 ἒξ

1777 2908 1884 2943 94·
