1971 3261
135 125 234 162 Can.
260 125 330 160 858
515 124 597 159 TlT.
627 124 700 158 ΙΙΙ.
729 144 740 151 -
768 125 823 159 De
854 129 1103 161 sanctissimi
1136 129 1385 162 Huc-harisliz(
1698 131 1763 165 193

141 246 217 288 tari
251 242 529 299 cupientibus,
563 245 630 299 qui
667 243 853 292 naturale
889 247 1084 287 ieiunium
1123 248 1159 288 in
1193 260 1265 289 sua
1315 249 1549 302 integritate
1597 262 1765 292 serrare

142 317 348 372 nequeant
371 328 409 353 )).
446 312 560 355 Hanc
595 317 917 358 concessionem.
951 315 1109 359 sublata
1135 319 1411 369 distinctione„
1438 320 1474 360 in
1502 318 1568 360 illo
1593 319 1765 362 Dei-reto

141 386 339 442 apposita,
379 399 399 423 ((
427 397 475 426 ex
528 386 687 439 integro
738 386 860 427 rci'ert
885 401 903 425 >³
959 386 1066 442 (can.
1103 388 1139 432 6,
1177 387 1239 443 20)
1270 388 1298 445 ξ
1332 389 1369 430 ΕΞ.
1407 387 1566 445 Infirmi
1616 395 1765 444 Ιιιηιμη,

145 469 224 499 non
256 453 545 510 comprehensi
578 454 654 497 snb
688 455 1004 511 exceptionibus
1039 458 1272 512 praedictis,
1308 459 1377 502 sed
1413 464 1455 517 a)
1488 460 1559 516 qui
1608 461 1687 503 iam
1740 476 1763 503 a

147 539 285 570 iriense
316 524 577 577 decumbunt,
612 538 691 582 qua
727 525 802 569 sub
837 526 1019 569 clausula
1056 542 1102 569 cx
1138 528 1373 572 authentica
1409 533 1446 573 S.
1482 531 1522 572 (2.
1558 530 1599 574 (2.
1647 534 1765 575 inter-

144 598 371 654 pretatione
398 596 407 616 ¹
449 612 471 635 «
494 595 907 650 comprehenduntur
939 610 1102 654 quoque
1137 601 1204 654 qui
1241 603 1434 656 quamvis
1467 604 1583 656 gravi
1623 602 1765 646 morbo

138 669 320 723 correpti
355 671 394 710 et
427 679 475 710 ex
512 666 662 708 medici
699 667 852 709 iudicio
888 668 1073 710 naturale
1109 671 1303 712 ieiunium
1353 684 1522 714 servare
1574 686 1650 715 non
1704 686 1767 716 va-

142 738 285 792 lentes,
305 737 575 780 nihilominus
599 739 638 779 in
660 736 764 780 lecto
788 737 1040 781 decumbere
1067 752 1143 781 non
1170 746 1349 795 possunt,
1369 746 1435 784 aut
1461 756 1508 784 ex
1534 756 1581 783 eo
1620 743 1764 800 aliqui-

142 808 216 852 bus
236 808 348 852 boris
370 808 452 852 (liei
476 821 650 864 surgere
673 813 832 865 queunt
856 824 897 861 n,
922 807 960 861 b)
983 808 1074 851 sine
1097 815 1225 863 ceria,
1250 824 1326 853 non
1354 817 1508 855 tantum
1551 813 1766 868 probabili,

138 893 211 938 spe
242 884 287 922 ut
320 879 401 922 cito
435 877 743 931 convalescant,
777 878 816 935 c)
852 878 904 921 de
932 879 1134 937 prudenti
1167 894 1215 923 ex
1251 884 1571 925 circumstantiis
1609 884 1767 942 constes-

136 950 247 994 sarz'i
279 950 455 994 consilio
488 952 599 994 circa
633 949 710 993 boc
744 950 853 1006 quod
896 950 1127 994 «naturale
1162 953 1358 994 ieiunium
1394 967 1563 997 servare
1598 968 1675 998 non
1699 969 1765 999 va-

141 1022 247 1065 leant
271 1037 310 1077 »,
345 1034 451 1079 quae
485 1025 546 1064 est
578 1020 761 1064 conditio
798 1019 918 1063 buius
952 1024 1231 1065 concessionis
1266 1025 1375 1065 iuxta
1427 1025 1647 1080 praedicta,
1695 1028 1763 1069 sed

140 1092 377 1137 huiusmodi
412 1092 631 1136 consilium
668 1105 740 1148 pro
775 1091 896 1135 buius
932 1096 1075 1135 natura
1111 1096 1191 1135 erit
1226 1096 1509 1138 tantummodo
1544 1098 1580 1138 in
1605 1096 1768 1141 casibus

139 1163 277 1208 dubiis
320 1163 631 1221 requirendum,
667 1167 708 1206 et
742 1165 793 1206 ita
833 1162 893 1206 vel
930 1160 1030 1206 alias
1063 1163 1249 1207 absolute
1273 1166 1581 1209 saiielz'ssimam
1607 1166 1767 1210 Euclea-

139 1234 307 1278 ristiam
341 1248 504 1277 sumere
550 1238 728 1292 possunt
773 1236 1027 1291 quicumque
1077 1234 1275 1290 praedicti
1325 1236 1365 1280 dii
1415 1237 1540 1280 semel
1576 1231 1659 1280 ¹(iul
1708 1238 1767 1281 bis

136 1306 178 1348 in
233 1305 495 1349 hebdomada
559 1304 813 1363 ubicumque
877 1305 1029 1362 degant
1081 1311 1224 1349 contra
1288 1307 1380 1350 citi.
1447 1307 1571 1351 Dec¹.
1627 1309 1766 1352 distin-

132 1379 335 1431 ctionem,
366 1376 406 1434 e)
441 1376 521 1419 etsi
553 1375 743 1434 aliquam
786 1375 1051 1432 medicinam,
1102 1389 1208 1434 quae
1266 1377 1390 1421 verba
1443 1384 1582 1435 utpote
1629 1380 1767 1424 addita

141 1447 256 1491 Dec⁰.
289 1447 376 1491 cit0.
412 1446 684 1503 intelligenda
721 1449 892 1490 veniunt
925 1447 976 1490 de
1010 1449 1095 1503 ipsa
1129 1449 1253 1490 etiam
1289 1461 1360 1504 per
1395 1449 1561 1492 modum
1600 1450 1694 1501 cibi,
1720 1464 1767 1493 ne

140 1518 299 1564 inutilia
333 1519 540 1574 dicantur,
575 1518 638 1561 vel
671 1517 838 1576 aliquid
867 1532 944 1576 per
977 1517 1142 1561 modum
1172 1524 1296 1576 potus
1345 1525 1471 1562 simeo
1516 1521 1769 1578 smnpseriul

131 1589 311 1647 supple:
347 1596 436 1646 post
470 1589 649 1633 mediam
686 1594 848 1633 noctem
884 1592 922 1632 in
958 1589 1000 1643 ξ)
1051 1589 1093 1632 1⁰
1142 1590 1408 1635 declaratam.
1458 1592 1585 1634 Senes
1631 1597 1766 1635 autem

138 1674 217 1704 non
254 1662 422 1714 intirmi,
457 1673 532 1704 nec
563 1674 736 1717 surgere
769 1674 790 1704 e
826 1661 930 1704 lecto
968 1661 1151 1704 valentes
1188 1673 1307 1704 mane
1341 1662 1390 1704 ad
1426 1665 1762 1706 communionem

135 1732 457 1788 suscipiendam,
508 1731 741 1788 indigentes
790 1734 901 1788 prius
944 1731 1140 1775 alimento
1186 1745 1264 1775 non
1312 1737 1407 1775 sunt
1455 1733 1757 1790 comprehensi,

138 1805 280 1861 eisque
315 1816 418 1859 opus
451 1807 511 1846 est
542 1803 850 1859 dispensatione
883 1802 999 1859 aplca
1025 1801 1053 1843 ².

239 1907 314 1943 177.
338 1911 397 1944 De
417 1911 686 1952 obligatione
706 1921 873 1944 sacram
894 1913 1243 1944 communionem
1266 1913 1518 1952 recipiendi.
1539 1931 1582 1936 —-
1603 1910 1770 1946 Dominus

136 1967 222 2003 dicit
239 1968 278 2002 ³:
312 1967 415 2003 «Nisi
445 1969 741 2004 manducaveritis
767 1980 909 2004 carnem
938 1968 1010 2003 Filii
1040 1969 1194 2004 hominis
1220 1974 1252 2003 et
1281 1969 1436 2004 biberitis
1455 1969 1529 2005 eius
1547 1970 1768 2014 sanguinem,

140 2038 210 2062 non
241 2027 414 2063 habebitis
439 2028 547 2063 vitam
575 2028 611 2062 in
651 2028 747 2063 vobis
765 2043 796 2064 »,
822 2049 866 2053 -
897 2027 1049 2073 «Neque
1087 2039 1127 2063 ex
1166 2038 1327 2063 sermone
1367 2027 1424 2063 illo
1462 2033 1552 2063 recte
1586 2028 1770 2073 colligitur,

139 2086 322 2132 utriusque
346 2086 471 2132 speciei
500 2087 785 2122 communionem
812 2099 830 2122 a
864 2087 1010 2122 Domino
1053 2091 1272 2133 praeceptam
1310 2097 1385 2122 esse
1405 2101 1436 2129 »‚
1478 2091 1511 2121 ut
1551 2087 1767 2122 demonstrat

244 2216 255 2237 1
282 2216 303 2250 6
330 2215 443 2250 Mart.
472 2216 575 2251 1907.

241 2262 255 2284 2
282 2263 456 2297 Facilius
481 2274 530 2297 ex
556 2264 840 2298 commentario
868 2263 987 2297 huius
1015 2263 1174 2297 canonis
1209 2262 1454 2307 intelligitur
1487 2262 1655 2296 facultas
1697 2274 1771 2296 am-

139 2308 239 2353 plior
265 2310 356 2344 data
382 2312 423 2345 in
449 2311 633 2345 omnibus
659 2311 834 2356 quinque
864 2311 1058 2344 Formulis
1086 2310 1122 2344 S.
1151 2310 1294 2354 Congr.
1312 2310 1357 2343 de
1378 2310 1490 2354 Prop.
1513 2309 1605 2343 Fide
1626 2309 1766 2354 (Form.

140 2360 259 2391 tertia
286 2358 328 2391 16
356 2358 418 2392 vel
447 2359 518 2403 17):
549 2371 568 2392 ‹
588 2358 836 2393 Concedendi
853 2360 889 2398 a)
906 2359 1078 2402 infirmis
1097 2358 1412 2392 decumbentibus
1427 2364 1560 2400 (sensu
1578 2358 1767 2401 canonis),

141 2405 176 2446 b)
204 2404 250 2438 de
276 2405 422 2450 quibus
448 2410 556 2440 certa
581 2417 669 2451 spes
696 2417 774 2439 non
802 2405 905 2439 adsit
931 2405 1102 2450 (quando
1129 2405 1185 2438 eis
1212 2404 1340 2438 danda
1366 2411 1426 2438 est
1452 2405 1690 2446 communio)
1722 2412 1765 2437 ut

138 2451 216 2485 cito
242 2452 535 2497 convalescant,
565 2458 599 2497 c)
626 2454 746 2487 etiam
773 2459 867 2487 ante
895 2452 1013 2486 finem
1039 2452 1197 2493 mensis,
1224 2464 1247 2486 a
1264 2463 1339 2496 quo
1359 2451 1599 2486 decumbunt
1619 2452 1675 2494 (in
1695 2462 1770 2496 quo

138 2498 242 2532 situs
268 2504 330 2534 est
355 2500 467 2534 favor
492 2506 633 2535 contra
661 2501 750 2544 ius),
780 2506 825 2534 ut
852 2512 880 2535 s.
914 2500 1239 2534 Communionem
1266 2510 1417 2533 sumere
1445 2499 1596 2543 possint
1624 2499 1682 2532 bis
1709 2499 1768 2532 vel

140 2554 200 2580 ter
226 2547 266 2580 in
294 2546 536 2582 hebdomada
561 2548 939 2593 (quomodocumque
968 2547 1074 2580 illam
1102 2547 1189 2580 sani
1212 2546 1453 2590 reciperent;
1482 2546 1770 2590 ampliaturque

140 2593 264 2638 quoad
291 2593 557 2640 frequentiam
582 2595 780 2630 concessio
807 2595 892 2636 sic):
922 2600 961 2628 et
988 2595 1019 2627 si
1046 2599 1188 2638 agatur
1215 2594 1252 2635 d)
1280 2594 1325 2627 de
1353 2593 1622 2627 sacerdotibus
1638 2593 1700 2627 vel
1715 2604 1767 2626 re-

139 2641 307 2685 ligiosis,
338 2652 518 2688 (nempez
554 2658 567 2672 -z
587 2643 654 2687 qui
683 2646 774 2676 vota
801 2649 1084 2685 nuncuparunt
1112 2642 1151 2674 in
1179 2641 1312 2686 aliqua
1337 2641 1530 2685 religione
1550 2653 1567 2671 »
1589 2640 1767 2674 can.4b'8.

138 2688 207 2730 7⁰),
237 2689 356 2723 etiam
383 2690 575 2734 quotidie,
606 2689 804 2733 <omnibus
832 2689 903 2722 sub
932 2701 966 2725 ai
996 2690 1034 2722 et
1061 2688 1098 2727 d)
1126 2694 1168 2722 et
1206 2688 1274 2723 sub
1313 2688 1403 2721 aliis
1446 2687 1766 2729 conditionibus).

139 2746 218 2770 non
236 2739 386 2772 servato
421 2740 567 2772 ieiunio
599 2736 857 2781 (praescripto
884 2737 925 2769 in
953 2748 1035 2769 can.
1061 2736 1130 2769 &58
1157 2739 1176 2777 ἓ
1206 2738 1237 2778 l,
1267 2735 1567 2780 explicaturque
1594 2734 1768 2768 clausula

138 2782 401 2829 intelligenda
427 2796 506 2819 non
534 2784 655 2818 aliter
681 2796 723 2817 ac
751 2784 791 2817 in
820 2785 887 2817 cit.
917 2795 1000 2816 can.
1031 2786 1050 2825 ξ
1075 2784 1111 2825 2)
1140 2782 1212 2817 hoc
1239 2787 1299 2816 est
1324 2783 1400 2816 etsi
1439 2782 1611 2826 aliquam
1650 2781 1765 2815 medi-

132 2830 269 2898 -cinanzi
284 2831 536 2912 Ivelxifflqmd
563 2843 632 2876 per
657 2830 814 2865 modum
842 2837 959 2875 potus
985 2835 1103 2864 antea
1130 2829 1372 2874 sumpserint
1393 2846 1426 2862 ι.

244 2880 250 2899 ²
304 2889 336 2912 0.
400 2880 429 2914 Ι.
460 2880 518 2913 54.

225 2955 320 2984 ΒιΑΤ
343 2972 361 2978 -
388 2957 509 2986 C'omm.
539 2958 622 2985 Tem.
648 2956 724 2985 Cod.
750 2957 820 2985 [ur.
850 2958 932 2985 Can.
1651 2954 1685 2982 13
