1971 3261
158 177 226 211 748
608 181 735 206 mnnx
761 179 954 205 cANONUM
980 178 1031 202 m·
1057 175 1340 203 COMMENTARII

165 227 1424 244 ffl

156 351 427 387 Denunciatio
449 349 671 396 peragenda
695 347 752 382 rei
778 344 1079 381 sollicitationis
1105 344 1146 378 in
1172 343 1419 378 confessione

156 412 222 445 Ius
248 410 376 444 fidelis
403 408 531 454 quoad
563 405 793 442 confessarii
818 404 1054 439 electionem
1076 432 1082 438 .

156 470 412 513 Praeceptum
438 466 750 501 ecclesiasticum
776 475 931 498 annuae
958 462 1216 497 confessionis

157 528 295 563 Modus
320 525 561 571 adimplendi
588 524 792 570 quodlibet
817 525 1070 568 praeceptum
1103 521 1148 555 de
1175 519 1421 555 confessione

400 668 539 703 CAPUT
564 666 631 700 IV.
660 685 704 690 -
734 665 787 699 De
812 664 897 699 loco
922 663 972 698 ad
996 662 1258 698 confessiones
1284 661 1548 706 excipiendas.

157 763 334 798 Canones
360 760 529 795 908-910.

155 821 367 866 Inscriptio
393 819 536 864 capitis
560 830 605 852 ac
630 817 723 852 ordo
749 827 945 851 canonum
971 815 1044 849 sub
1071 815 1157 860 ipso
1185 841 1194 849 .

157 881 283 915 Locus
310 880 416 913 intra
441 889 556 923 quem
574 876 844 923 poenitentiae
862 880 1152 910 sacramentum
1171 878 1232 908 est
1249 872 1531 918 perficiendum

157 938 268 973 Sedis
292 936 590 973 confessionalis
617 934 824 980 dispositio
859 961 866 968 .

157 998 419 1043 Exceptiones
445 995 571 1041 quoad
596 999 809 1039 utrumque
835 993 977 1027 locum.

641 1157 851 1194 CAPU'r‘V.
881 1177 924 1183 -
953 1157 1008 1192 De
1033 1155 1312 1199 Indulgentiis.

500 1284 502 1286 >
526 1266 626 1300 ART.
656 1264 688 1299 Ι.
715 1260 772 1299 Dc
798 1264 1144 1309 indulgentiarum
1170 1263 1426 1297 concessione.

159 1374 338 1409 Canones
365 1373 533 1407 911-924.

157 1433 369 1478 Inscriptio
395 1432 536 1477 capitis
562 1442 605 1465 ac
631 1429 838 1464 distinctio
865 1429 907 1463 in
932 1428 1122 1463 articulos

158 1492 369 1537 Inscriptio
395 1490 557 1526 articuli

160 1553 363 1587 Canonum
394 1550 590 1585 ordinatio
635 1575 642 1583 .

157 1611 378 1655 Descriptio
405 1615 568 1643 naturae
594 1607 939 1653 indulgentiarum
965 1610 1006 1641 et
1031 1606 1173 1640 harum
1200 1604 1412 1639 distinctio

159 1669 328 1712 Quinam
354 1672 521 1714 possunt
547 1666 820 1712 indulgentias
846 1665 1058 1700 concedere
1085 1667 1283 1709 potestate
1310 1662 1529 1698 ordinaria.
1578 1675 1580 1677 ·

157 1729 383 1763 Facultates
409 1728 655 1762 Vicariorum
679 1730 721 1760 et
747 1724 1041 1760 Praefectorum
1068 1723 1391 1769 Apostolicorum

157 1788 269 1822 Aliae
294 1787 555 1821 limitationes
581 1785 793 1830 potestatis
820 1784 1096 1829 indulgentias
1121 1781 1343 1828 elargiendi
1410 1810 1416 1815 .

156 1846 388 1881 Benedictio
414 1845 564 1890 papalis
591 1856 658 1889 per
682 1844 858 1879 locorum
885 1843 1116 1878 Ordinarios
1142 1841 1272 1876 danda
1300 1869 1307 1875 .

157 1905 387 1940 Benedictio
412 1905 562 1950 papalis
587 1916 610 1938 a
634 1903 885 1949 regularibus
911 1901 1175 1947 impertienda
1191 1928 1198 1935 .

158 1964 339 1998 Potestas
365 1962 599 2008 designandi
624 1962 748 1997 altare
773 1961 1087 2007 privilegiatum.

158 2023 277 2058 Notio
291 2023 411 2057 huius
429 2022 632 2067 privilegii
650 2033 726 2067 quo
740 2021 863 2056 altare
879 2020 1172 2060 denominatur,
1195 2018 1408 2054 diversitas
1424 2017 1536 2052 illius

252 2086 293 2116 et
319 2081 566 2115 conditiones
592 2081 633 2115 in
660 2081 746 2115 eius
771 2092 847 2114 usu
873 2078 1089 2114 servandae

159 2142 216 2175 De
243 2140 482 2185 Gregoriano
508 2140 732 2175 tricenario.
760 2139 924 2184 eiusque
950 2137 1131 2172 iuridicis
1157 2135 1457 2171 conditionibus
1524 2162 1530 2167 .

157 2199 315 2233 Altaria
340 2210 388 2232 ex
414 2198 513 2240 iure,
541 2198 608 2232 sed
633 2198 681 2232 ob
707 2198 975 2232 extrinsecum
1001 2196 1197 2230 motivum
1221 2194 1480 2240 privilegiata
1521 2221 1527 2226 .

160 2258 217 2292 De
244 2256 486 2291 indicatione
524 2257 663 2291 altaris
700 2256 961 2302 privilegiati,
997 2259 1037 2290 et
1074 2253 1202 2300 quoad
1240 2254 1383 2288 missae
1418 2253 1460 2286 in
1487 2263 1532 2286 eo

255 2316 473 2351 celebratae
499 2316 788 2361 eleemosynam
857 2342 863 2348 .

161 2375 392 2420 Divulgatio
427 2374 769 2419 indulgentiarum
807 2384 1076 2408 concessarum
1115 2375 1294 2406 recenter
1327 2370 1392 2405 vel
1431 2370 1532 2404 anti-

254 2433 391 2478 quitus
416 2460 422 2467 .
636 2460 642 2467 .
855 2459 863 2466 .
966 2458 973 2465 .

161 2490 344 2526 Conditio
371 2490 442 2525 sub
481 2502 605 2536 poena
643 2490 846 2525 nullitatis
885 2490 927 2524 in
966 2489 1173 2524 nonnullis
1210 2485 1531 2523 concessionibus

254 2548 595 2593 indulgentiarum
637 2577 643 2581 .

160 2607 434 2642 Concessionis
462 2607 806 2652 indulgentiarum
832 2606 1111 2651 interpretatio
1137 2604 1372 2644 authentica
1406 2602 1535 2648 quoad

254 2665 356 2700 festa
381 2670 421 2700 et
448 2665 530 2699 dies
859 2693 866 2700 .
1081 2692 1087 2697 -
1190 2691 1209 2701 .,

160 2724 217 2758 De
243 2724 504 2758 translatione
531 2724 876 2769 indulgentiarum
902 2735 991 2758 cum
1016 2723 1130 2757 festis
1149 2722 1212 2757 vel
1231 2721 1411 2767 precibus
1431 2731 1531 2765 quae

256 2783 421 2816 donatae
448 2787 543 2816 sunt
569 2783 650 2816 illis
971 2811 976 2817 .

161 2841 218 2875 De
246 2846 418 2886 tempore
444 2841 537 2875 utili
563 2841 611 2875 ad
637 2841 845 2875 lucrandas
871 2840 1147 2886 indulgentias
1192 2865 1200 2874 .

162 2899 219 2934 De
245 2899 462 2934 cessatione
488 2910 759 2934 concessarum
785 2898 1129 2944 indulgentiarum
1190 2924 1197 2932 .

1588 292 1667 314 CAN.
1706 291 1786 314 ΡΑΘ.

1602 343 1673 377 904
1719 342 1790 377 274

1602 401 1672 436 905
1719 401 1789 437 278

1600 460 1669 494 906
1717 459 1787 495 279

1604 520 1672 555 907
1721 520 1787 554 281

1722 754 1791 789 281

1718 813 1788 848 282

1605 872 1676 907 908
1748 888 1762 902 »

1605 931 1675 965 909
1747 944 1766 964 ›

1605 989 1675 1024 910
1722 989 1792 1024 283

1721 1366 1792 1400 284

1723 1424 1793 1459 286

1721 1543 1790 1578 287

1604 1603 1671 1637 911
1747 1618 1761 1633 »

1606 1662 1675 1696 912
1724 1661 1794 1695 290

1722 1720 1792 1755 293

1605 1779 1674 1814 913
1723 1779 1793 1814 395

1606 1839 1676 1873 914
1724 1838 1794 1873 298

1607 1898 1675 1933 915
1723 1897 1794 1932 300

1605 1957 1674 1992 916
1722 1956 1792 1991 302

1723 2074 1794 2109 303

1725 2133 1794 2168 306

1605 2193 1673 2228 917
1723 2192 1792 2227 307

1601 2310 1671 2345 918
1720 2309 1790 2344 308

1602 2427 1672 2462 919
1721 2426 1790 2461 309

1603 2543 1674 2578 920
1721 2543 1790 2577 311

1605 2662 1674 2695 921
1724 2659 1794 2694 313

1604 2779 1673 2812 922
1721 2777 1791 2812 314

1607 2836 1676 2870 923
1724 2835 1794 2870 316

1607 2894 1675 2928 924
1749 2908 1763 2923 »
