1971 3261
152 122 222 155 204
553 120 639 154 121ss.
668 119 740 153 ΙΙΙ.
770 138 782 144 -
808 118 920 153 PARS
946 118 976 152 Ι.
1006 138 1018 144 -
1044 118 1101 153 De
1127 118 1391 153 Sacramentz's
1589 117 1683 153 Gan.
1709 117 1777 153 867

156 241 230 284 {im
262 239 311 283 ab
345 239 398 282 iis
432 238 623 297 empletis,
674 250 773 294 ergo
808 250 888 280 non
923 241 1016 280 ante
1049 236 1274 280 solemnem
1313 238 1477 280 missam
1513 250 1589 280 nec
1623 241 1781 280 remote

155 316 243 367 post
276 323 381 364 eam,
404 323 480 353 nec
505 311 543 352 in
568 309 658 352 aliis
680 307 882 351 ecclesiis.
908 307 1022 351 Haec
1047 307 1332 364 paragraphus
1356 307 1536 362 explicat
1558 310 1622 350 ius
1646 311 1780 362 vetus⁷

153 382 261 439 quod
297 382 423 424 reiert
445 394 493 423 ex
523 377 636 422 Dec⁰.
670 378 708 421 S.
743 376 893 435 Congr.
931 378 1098 422 Rituum
1138 380 1176 421 in
1201 377 1450 423 Tifernateu.
1478 377 1491 400 ¹
1532 378 1704 421 «An
1739 377 1782 420 li-

153 457 244 496 ceat
276 454 315 494 iu
350 451 528 495 Sabbato
561 451 710 494 Sancto
745 452 851 493 inter
884 448 1100 493 Missarum
1134 449 1334 493 solemnia
1368 449 1535 493 Sacram
1581 449 1781 493 Euchari-

152 526 273 568 stiam
308 522 499 566 iidelibus
531 521 796 575 distribuere,
820 525 860 564 et
882 534 979 564 num
1006 534 1078 577 per
1100 521 1289 563 eamdem
1326 523 1602 578 sumptionem
1637 533 1781 564 sacrae

151 593 462 638 Commuuionis
497 597 763 649 praeceptum
815 591 1010 635 Paschale
1052 591 1361 648 adimpleatur?
1385 607 1404 632 1)
1456 591 1505 635 Et
1537 592 1575 636 S.
1611 591 1657 635 R.
1691 589 1781 635 C....

154 664 387 720 respondit:
427 679 446 704 ((
470 663 732 707 Affirmative
771 665 810 706 in
851 667 1027 720 utroque
1052 678 1090 704 i).
1124 688 1181 693 —
1212 662 1358 705 Nullus
1408 662 1513 705 alius
1546 662 1635 705 dies
1668 664 1781 705 exci-

153 737 262 791 pitur
295 736 333 777 in
369 733 551 777 Ecclesia
577 734 714 777 latina.
740 733 901 777 Etenim
927 733 978 776 de
1002 733 1068 776 die
1094 732 1315 787 Paschaus,
1351 746 1460 776 nunc
1493 733 1686 776 standum
1721 737 1781 776 est

151 805 266 850 Dec0.
302 806 339 849 S.
374 804 415 848 C.
450 803 492 849 C.
518 804 590 847 2...
621 817 759 850 «an...
794 804 1000 848 servanda
1035 803 1171 847 adhuc
1219 807 1269 847 sit
1304 803 1383 854 lex,
1419 816 1499 861 qua
1539 803 1783 860 prohibetur

150 878 372 934 quominus
404 876 471 919 die
504 876 715 920 Paschatis
750 879 787 918 in
839 875 1026 919 ecclesiis
1061 889 1140 918 non
1177 874 1501 931 parochialibuS,
1538 877 1780 931 praesertim

152 947 426 1004 regularibus,
461 947 697 990 devotionis
730 949 853 990 etiam
890 959 1029 1000 causa,
1064 946 1205 989 Ssmae
1231 945 1514 989 Eucharistiae
1538 945 1782 989 Sacramen-

151 1021 239 1061 tum
274 1016 466 1060 tidelibus
497 1017 811 1060 administretur
836 1032 884 1070 »ς
918 1020 958 1059 et
996 1030 1017 1056 <c
1040 1016 1183 1059 Ssmus
1207 1015 1252 1060 D.
1291 1015 1382 1058 Pius
1418 1015 1488 1059 PP.
1512 1013 1592 1058 X.
1619 1027 1785 1070 respon-

151 1089 240 1132 deri
275 1091 413 1132 iussit:
464 1088 682 1145 Negative,
714 1089 934 1132 contrariis
967 1086 1303 1145 quibuscumque
1336 1100 1416 1130 non
1451 1086 1709 1130 obstantibus
1741 1101 1781 1128 ³).

271 1196 393 1240 Quoad
420 1196 541 1230 horam
569 1194 803 1230 distribuendi
831 1205 965 1229 sacram
993 1193 1296 1234 communionem,
1327 1193 1452 1238 legitur
1479 1193 1513 1227 in
1543 1192 1598 1228 Rit
1632 1192 1730 1228 Rom.
1752 1193 1781 1236 3,

157 1270 171 1287 «
195 1260 295 1290 noctu
325 1259 441 1289 autem
468 1254 533 1289 boc
559 1253 827 1289 Sacramentum
854 1252 979 1288 deferri
1019 1263 1088 1287 non
1116 1251 1229 1289 debet.
1266 1252 1334 1286 nisi
1374 1251 1562 1287 necessitas
1588 1255 1708 1296 urgeat
1736 1265 1749 1283 »
1771 1263 1778 1295 3

153 1314 262 1349 multo
288 1313 400 1358 magis
441 1313 585 1359 proinde
610 1316 745 1348 vetatur
783 1311 985 1347 communio
1011 1311 1107 1346 sanis
1145 1311 1263 1346 danda
1302 1312 1414 1346 noctis
1440 1315 1606 1353 tempore.
1648 1309 1782 1345 Confir·
1805 1308 1812 1321 ⁸

154 1377 270 1408 matur
298 1372 331 1407 id
361 1383 420 1418 per
446 1383 537 1417 resp.
567 1370 602 1407 S.
633 1371 670 1407 C.
702 1371 769 1406 Rit.
799 1371 835 1405 in
863 1369 997 1406 Tuden.
1020 1372 1033 1393 ⁴
1060 1375 1285 1416 sequentem:
1321 1385 1335 1402 (ι
1357 1369 1412 1405 23.
1444 1371 1497 1405 An
1518 1370 1554 1404 in
1581 1370 1637 1405 die
1664 1368 1782 1414 magni

153 1443 345 1468 concursus
387 1432 429 1466 ad
456 1430 716 1476 Indulgentiam
744 1429 939 1476 plenariam
968 1430 1019 1465 vel
1061 1429 1263 1470 lubilaeum,
1303 1429 1410 1475 possit
1449 1428 1640 1464 ministrari
1678 1426 1783 1463 Sacra

154 1491 371 1527 Eucharistia
398 1491 559 1526 fidelibus
585 1490 704 1536 aliqua
729 1489 814 1525 hora
839 1494 921 1524 ante
947 1499 1110 1524 auroram
1136 1493 1172 1524 et
1201 1494 1274 1534 post
1302 1487 1555 1524 meridiemt)...
1586 1488 1637 1523 Ad
1665 1486 1782 1522 23.1n

152 1562 233 1586 casu
261 1551 303 1586 de
329 1562 397 1596 quo
435 1550 563 1594 agitur,
605 1548 821 1584 Affirmative
860 1559 880 1583 a
906 1553 1061 1594 tempore
1098 1548 1141 1583 ad
1169 1552 1316 1593 tempus,
1357 1558 1425 1593 quo
1456 1548 1490 1581 in
1531 1546 1591 1581 illa
1630 1545 1783 1582 Ecclesia

154 1610 278 1645 Missae
307 1609 552 1646 celebrantur:
583 1609 635 1644 vel
661 1609 705 1644 ad
734 1608 881 1643 formam
910 1607 1091 1652 Rubricae‚
1111 1607 1163 1642 vel
1189 1607 1232 1642 ad
1260 1607 1408 1642 formam
1436 1606 1562 1641 lndulti
1591 1606 1703 1641 eidem
1725 1604 1784 1640 Ec-

151 1669 276 1704 clesiae
318 1669 470 1704 concessi
494 1683 522 1704 υ.
558 1668 651 1703 Hinc
676 1673 768 1703 recte
806 1667 982 1712 colligitur
1017 1678 1096 1702 cum
1135 1667 1328 1707 communi,
1370 1667 1490 1701 horam
1527 1665 1782 1700 ministrandae

151 1728 411 1764 communionis
438 1728 472 1762 in
503 1727 654 1763 Ecclesia
679 1737 761 1768 esse,
791 1726 933 1772 quando
951 1725 1076 1760 Missae
1094 1725 1315 1761 celebrantur
1341 1725 1383 1760 ad
1413 1724 1559 1759 formam
1588 1723 1779 1767 Rubricae;

151 1792 184 1824 et
210 1799 289 1823 cum
316 1787 410 1833 gravi
438 1798 543 1823 causa
571 1787 747 1833 praedicta
772 1786 826 1821 vel
852 1785 1004 1831 aequali.
1033 1785 1136 1820 etiam
1165 1785 1305 1830 quando
1338 1784 1558 1819 celebrantur
1577 1783 1611 1817 in
1632 1782 1782 1818 Ecclesia

151 1848 194 1883 ad
222 1847 368 1882 formam
397 1847 538 1882 indulti.
570 1845 653 1881 Sine
679 1856 785 1880 causa.
813 1856 891 1880 vero
920 1844 1108 1890 praedicta,
1137 1843 1313 1879 indultum
1340 1843 1539 1878 celebrandi
1567 1846 1663 1877 extra
1681 1842 1783 1876 horas

153 1906 330 1952 liturgicas
357 1918 426 1941 non
454 1906 678 1941 secumferret
707 1904 906 1940 facultatem
934 1903 1157 1938 ministrandi
1182 1915 1208 1938 s.
1223 1902 1485 1938 eucharistiam.
1514 1922 1556 1926 —
1573 1901 1612 1936 Et
1627 1901 1669 1936 de
1682 1905 1783 1936 nocte

154 1965 349 2001 Nativitatis
378 1965 513 2001 Domini
540 1964 698 2010 sequitur
723 1962 884 2009 specialis
912 1962 1098 2008 probibitio
1124 1973 1163 1997 ex
1189 1961 1344 2007 generali
1373 1961 1555 2007 privilegio
1581 1970 1745 1995 concesso
1763 1969 1783 1994 a

154 2026 211 2061 Pio
238 2025 300 2060 PP.
330 2025 372 2066 X,
401 2025 492 2070 quod
523 2024 676 2059 vidimus
702 2024 738 2057 in
766 2034 844 2058 can.
875 2020 956 2065 8¹21,
986 2026 1004 2064 ξ
1032 2021 1064 2056 3.
1105 2021 1142 2056 Et
1168 2032 1331 2067 expresse
1370 2021 1403 2056 id
1433 2020 1580 2055 habetur
1621 2019 1655 2053 in
1687 2018 1780 2054 Dec⁰.

153 2084 187 2119 S.
218 2083 255 2120 C.
284 2084 350 2119 Rit.
381 2084 416 2118 in
446 2083 625 2118 Pisauren.
649 2084 685 2116 5:
717 2096 731 2114 «
753 2084 807 2117 An
833 2081 934 2117 liceat
962 2082 998 2115 in
1025 2086 1126 2116 nocte
1152 2079 1350 2115 Nativitatis
1380 2079 1533 2117 Domini,
1565 2082 1638 2125 post
1664 2082 1783 2113 cauta—

153 2150 222 2180 tam
250 2144 400 2190 primam
428 2142 584 2184 Missam,
611 2142 698 2177 alias
725 2142 811 2177 duas
838 2141 1039 2176 immediate
1065 2140 1252 2181 celebrare.
1281 2145 1315 2175 et
1341 2138 1605 2175 communicare
1637 2136 1782 2172 fideles?

154 2203 192 2238 Et
219 2202 254 2238 S.
287 2202 321 2236 R.
350 2201 388 2238 C.
417 2201 617 2248 respondit:
648 2200 748 2236 Nullo
776 2201 876 2236 modo
903 2200 1016 2242 licere,
1043 2200 1102 2235 sed
1129 2199 1274 2234 omnino
1304 2198 1613 2245 prohibendum».

272 2299 386 2342 quta
421 2297 526 2341 hanc
576 2297 893 2353 praecedentem
943 2295 1201 2352 disciplinam
1256 2295 1420 2338 videtur
1470 2293 1778 2350 interpretanda

153 2372 178 2424 ἓ
210 2370 247 2413 4.
285 2369 416 2412 Sacra
450 2367 681 2411 communio
715 2367 768 2410 iis
802 2371 965 2409 tantum
1000 2364 1115 2409 horis
1148 2365 1445 2419 distribuatur,
1481 2370 1520 2407 et
1560 2377 1653 2407 cum
1688 2377 1783 2419 sup-

157 2445 358 2495 ponantur
392 2440 705 2492 determinatae,
740 2437 887 2495 quibus
934 2435 1093 2480 Missae
1140 2436 1397 2493 sacrificium
1444 2435 1590 2493 offerri
1620 2439 1768 2492 potest,

153 2510 254 2554 haec
288 2509 469 2553 clausula
503 2514 563 2552 est
598 2509 906 2565 interpretanda
941 2508 991 2550 ad
1033 2519 1219 2550 normam
1245 2519 1334 2551 can.
1370 2506 1448 2549 821
1487 2518 1534 2549 ac
1569 2507 1693 2548 etiam
1730 2504 1781 2547 de

153 2582 445 2625 communione
480 2580 750 2622 ministranda
785 2582 890 2622 intra
925 2577 1089 2621 Missam
1122 2577 1440 2621 conventualem
1480 2576 1541 2619 vel
1569 2578 1780 2632 paroecia·

153 2652 232 2695 lem
268 2654 305 2694 in
342 2655 459 2694 nocte
495 2650 728 2693 Nativitatis
762 2649 1144 2705 Domini.·lnsuper
1169 2642 1354 2704 tempore
1389 2647 1607 2690 Missarum
1642 2660 1691 2690 ex
1720 2648 1778 2688 in-

273 2782 282 2802 l
309 2781 355 2812 22
372 2780 484 2813 Mart.
506 2780 609 2813 1806.
627 2791 666 2812 n.
683 2780 789 2813 2561.
821 2799 862 2803 —
890 2779 904 2800 ²
929 2778 975 2812 28
989 2778 1087 2812 Nov.
1109 2778 1210 2810 1912.
1230 2776 1306 2811 CO.
1324 2776 1387 2817 IV,
1404 2777 1483 2811 726.
1512 2796 1555 2800 —
1579 2777 1593 2798 3
1619 2775 1695 2809 Tit.
1712 2775 1778 2817 IV,

154 2827 342 2918 9.·)‘1)X⁷A(13)e
360 2828 632 2907 (ἶῖῧιῖὶιᾙιᾏῑιίςῖιέξ
661 2826 915 2866 infirmorum,
941 2837 982 2860 n.
1011 2827 1067 2858 to.
1097 2846 1133 2850 ——
1162 2826 1175 2846 ⁴
1206 2825 1225 2859 7
1258 2824 1364 2869 Sept.
1396 2824 1499 2858 1816.
1528 2835 1566 2857 n.
1596 2823 1701 2856 2572.
1737 2841 1779 2847 —-
