1971 3261
0 2989 4 3203 Ι

126 116 220 153 Can.
250 116 339 152 1097
643 117 726 151 ΤιΤ.
754 117 839 152 VII.
866 137 878 143 -
906 117 962 152 De
989 117 1251 152 Matrimonio
1693 116 1763 151 637

128 236 408 283 quasi-domicilii
431 250 463 270 ι).
500 235 711 282 Respondit:
744 251 758 268 «
783 237 833 272 Ad
865 236 903 271 Υ.
931 237 1139 272 affirmative
1173 236 1216 272 ad
1256 236 1320 272 1ΜΠ
1351 242 1497 283 partem,
1526 237 1684 282 negative
1714 237 1758 273 ad

130 295 199 331 ΞΜ
221 311 251 331 υ.
278 295 388 331 idest:
419 295 568 341 primam
597 296 765 336 sufficere,
786 296 896 342 prouti
924 301 956 332 et
984 307 1090 331 nunc.
1108 317 1154 322 -—
1169 296 1204 331 S.
1223 293 1351 342 Congr.
1368 296 1410 332 de
1428 296 1664 332 Sacramentis
1682 297 1693 319 ¹
1713 296 1762 332 sic

128 355 338 391 declaravit:
363 368 376 386 «
396 353 547 389 Dubium
570 353 608 388 Υ.
631 353 753 398 Quoad
777 359 992 390 menstruam
1012 356 1323 392 commorationem
1350 360 1382 391 et
1403 367 1506 400 vagos
1523 355 1760 401 quaeriturz...

128 415 158 460 b)
191 413 310 451 Utrum
338 413 510 460 parochus
538 413 590 449 vel
617 411 828 449 Ordinarius
856 415 1024 460 proprius,
1051 415 1093 451 de
1120 426 1187 461 quo
1212 415 1331 450 eodem
1367 420 1431 450 art.
1465 414 1504 456 Υ,
1533 418 1552 457 ἓ
1579 415 1609 456 3,
1629 415 1674 449 sit
1701 425 1759 461 pa-

129 473 254 509 rochus
282 472 332 508 vel
361 469 571 508 Ordinarius
597 472 883 508 commorationis
918 478 1117 509 menstruae
1151 484 1255 509 sensu
1289 473 1447 509 absoluto
1480 479 1654 519 acceptae,
1684 476 1759 518 (seu

128 532 241 579 quoad
269 531 347 567 illos
373 531 430 577 qui
461 531 585 566 nullibi
616 532 830 578 praedictum
858 533 1075 568 domicilium
1094 537 1154 568 aut
1180 533 1278 579 quasi
1298 533 1514 568 domicilium
1535 533 1694 577 habent),
1713 553 1759 558 —-

129 589 249 635 Quoad
282 590 355 628 Υ..
382 591 432 626 Ad
459 590 491 636 b)
518 591 695 637 provisum
725 602 784 637 per
810 603 1017 637 responsum
1044 592 1085 627 ad
1114 592 1277 638 quintum
1304 592 1425 627 datum
1452 604 1472 627 a
1506 591 1541 628 S.
1571 592 1610 628 C.
1640 591 1678 627 C.
1703 593 1759 628 die

130 648 175 685 28
201 650 316 686 Martii
348 650 449 688 1908.

245 710 273 754 ε)
306 708 425 745 Utrum
455 710 598 745 nomine
625 721 789 755 vagorum
825 710 867 746 de
894 710 1022 756 quibus
1054 715 1120 745 art.
1153 709 1191 752 Υ,
1221 714 1240 752 ἓ
1267 708 1301 751 4,
1330 710 1351 744 ii
1379 721 1502 745 omnes
1530 710 1673 746 veniant
1698 710 1756 756 qui

126 768 366 804 destituuntur
391 768 569 804 domicilio
595 774 627 804 et
654 769 960 815 quasi-domicilio,
986 781 1031 805 au
1060 770 1081 804 ii
1110 774 1246 805 lantum
1274 770 1346 816 qui.
1376 769 1555 805 domicilio
1582 774 1615 805 et
1641 771 1758 816 quasi-

126 826 303 863 domicilio
328 828 498 871 destituti,
529 833 704 874 praeterea
732 828 856 863 nullibi
886 829 1015 864 habent
1042 829 1231 875 parochum
1261 828 1311 864 vel
1347 827 1576 865 Ordiuarium
1604 840 1757 864 commo-

126 886 261 922 ratione
297 887 419 922 saltem
450 892 628 923 menstrua
665 888 891 933 acquisitum.
920 908 964 913 —
991 887 1042 923 Ad
1069 889 1118 931 c):
1149 887 1295 923 Nomine
1333 879 1513 933 vagorum,
1551 888 1592 924 de
1630 889 1758 934 quibus

124 950 190 981 art.
223 945 259 987 Υ,
286 950 305 989 5
332 947 365 987 4,
397 946 541 982 veniunt
567 957 688 982 omnes
727 951 759 982 et
785 947 861 988 soli,
888 947 945 993 qui
975 946 1099 982 nullibi
1140 946 1271 982 habent
1299 948 1486 993 parochum
1517 947 1567 983 vel
1604 946 1758 983 Ordina-

125 1005 217 1040 rium
246 1006 423 1052 proprium
451 1006 586 1041 ratione
611 1006 776 1041 domicilii
806 1007 917 1051 (nunc
942 1017 1099 1052 quoque:
1130 1006 1179 1042 vel
1208 1006 1494 1052 quasi-domicilii
1522 1006 1565 1042 ad
1595 1018 1755 1042 normam

126 1074 204 1099 can.
230 1062 286 1106 94,
312 1068 331 1108 ,ξ
362 1063 391 1108 l)
420 1064 469 1099 vel
499 1070 699 1100 menstruae
724 1065 1063 1100 commorationis».

246 1122 343 1167 Quae
369 1123 548 1170 responsio
573 1124 615 1159 ad
643 1123 674 1167 b)
703 1134 780 1159 vere
804 1128 944 1170 aptatur
979 1123 1026 1158 illi
1056 1128 1093 1167 §⁰
1121 1123 1159 1157 3⁰
1189 1123 1319 1159 Decreti
1352 1129 1527 1170 quatenus
1553 1124 1756 1160 relationem

127 1181 247 1217 habuit
273 1182 315 1217 ad
344 1183 535 1229 praefatam
563 1183 790 1218 obtinendam
820 1183 1008 1226 licentiam,
1035 1188 1067 1219 et
1106 1194 1173 1229 quo
1207 1194 1312 1219 sensu
1351 1183 1393 1219 de
1430 1183 1528 1228 tagis
1568 1183 1604 1218 fit
1631 1183 1693 1219 hoc
1721 1184 1755 1218 in

124 1252 259 1277 canone
298 1242 450 1283 mentio;
477 1242 534 1278 sed
564 1241 621 1278 ille
658 1241 746 1277 alter
772 1245 825 1284 §¹¹³
853 1240 873 1277 4
902 1242 1076 1289 propriam
1109 1242 1227 1278 sedem
1267 1242 1301 1277 in
1339 1240 1467 1278 Codice
1506 1242 1659 1278 obtinuit
1693 1243 1757 1278 sub

124 1311 189 1336 can
235 1299 338 1342 1032,
368 1301 421 1336 cui
450 1312 520 1336 non
547 1306 689 1347 aptatur
714 1302 894 1348 responsio
920 1301 955 1338 S.
982 1301 1110 1347 Cong.S
1137 1301 1180 1337 de
1205 1301 1447 1337 Sacramentis
1473 1302 1515 1337 ad
1543 1302 1570 1345 c}
1599 1302 1758 1348 explicite

123 1360 261 1395 exclusa
289 1371 347 1406 per
375 1360 479 1396 verba
509 1375 522 1393 α
543 1361 585 1396 de
612 1361 740 1407 quibus
766 1361 802 1396 in
830 1372 908 1397 can.
942 1359 979 1396 91
1009 1376 1040 1396 ».

241 1541 278 1594 ἓ.
316 1539 353 1584 ἱ).
391 1537 436 1582 ln
470 1539 652 1598 quoltbet
701 1554 800 1583 casu
850 1553 900 1584 ex
947 1540 1171 1597 praedictis
1202 1540 1279 1584 sub
1328 1540 1387 1583 n.⁰
1422 1540 1464 1583 2⁰
1496 1554 1574 1598 pro
1608 1541 1755 1598 repeda

125 1609 331 1654 habeatur
377 1612 603 1669 sequenda,
639 1624 745 1669 quae
794 1613 938 1656 tribuit
987 1614 1061 1667 ius,
1097 1611 1137 1669 a)
1171 1617 1215 1654 ut
1257 1611 1575 1655 alatrimom'nm
1612 1626 1754 1656 unum-

124 1682 321 1740 quodque
354 1696 495 1726 coram
528 1697 708 1740 sponsae
736 1682 925 1741 parocho
951 1685 1108 1726 ratione
1141 1686 1481 1727 commorationis
1514 1684 1700 1737 actualis,
1724 1686 1757 1727 si

124 1753 192 1797 illa
224 1755 276 1797 sit
312 1766 431 1810 vaga,
469 1754 530 1797 vel
568 1754 668 1798 haec
703 1756 823 1797 suerit
860 1759 1085 1809 menstrua,
1121 1759 1191 1798 aut
1225 1757 1383 1798 ratione
1416 1754 1754 1812 quasi-domicilii

126 1824 190 1867 vel
223 1813 423 1868 domicilii
457 1823 689 1868 celebretur
721 1825 770 1869 ad
806 1824 884 1869 hoc
928 1829 970 1868 ut
1005 1826 1075 1868 fiat
1119 1824 1228 1868 licite
1261 1825 1501 1876 celebratio,
1541 1840 1561 1865 ((
1585 1827 1651 1868 cui
1685 1838 1754 1882 pa-

124 1894 250 1938 rocho
275 1897 336 1938 ius
359 1900 419 1938 cst
441 1895 658 1938 assistendi
685 1897 947 1938 matrimonio
971 1911 991 1936 ))
1022 1908 1119 1951 prae
1145 1894 1324 1951 parocho
1347 1897 1500 1951 sponsi,
1526 1895 1610 1937 nisi
1642 1895 1754 1938 iusta

123 1980 252 2009 causa
285 1979 355 2010 seu
390 1966 648 2010 rationabilis
671 1972 838 2009 effuse!
871 1979 893 2009 a
928 1967 1110 2024 praefata
1140 1966 1322 2022 «regula
1344 1982 1390 2010 )):
1417 1965 1458 2021 b>
1481 1966 1754 2010 matrimonia

123 2043 263 2080 autem-
296 2036 598 2080 catholicorum
633 2038 741 2095 quod
784 2039 959 2081 verbum
993 2037 1177 2081 excludit
1222 2037 1565 2093 impedimentum
1602 2039 1754 2080 mixtae

124 2108 350 2165 religionis,
382 2108 507 2151 armti
537 2108 661 2155 ritus,
699 2122 870 2166 nempe:
896 2109 1050 2152 diversi
1086 2111 1188 2151 ritus
1220 2111 1357 2164 sponsi
1389 2107 1440 2152 ab
1463 2108 1542 2151 alio
1565 2121 1755 2164 sponsae,
1792 2157 1794 2159 ,

121 2180 256 2238 quoad
295 2182 555 2223 matrimonia
590 2179 842 2234 huiusmodi,
881 2194 1000 2236 «pro
1046 2179 1188 2236 regula
1224 2178 1426 2223 habeatur
1461 2183 1503 2222 ut
1537 2179 1751 2223 celebren-

120 2255 248 2302 tur»,
283 2250 368 2293 nisi
400 2249 521 2294 aliud
550 2250 812 2308 particulari
855 2251 947 2294 iure
978 2253 1132 2307 scripto
1179 2250 1241 2294 vel
1276 2250 1642 2294 consuetudinario
1675 2250 1748 2294 ali—

122 2324 240 2365 cuius
273 2321 475 2365 ecclesiae
508 2321 720 2365 orientalis
753 2327 823 2365 aut
874 2321 1057 2365 locorum
1094 2326 1261 2364 cautum
1295 2321 1364 2373 sit,
1398 2321 1439 2377 a)
1474 2321 1517 2363 in
1550 2321 1638 2364 ritu
1672 2321 1755 2363 ciri

123 2392 165 2449 b)
199 2397 238 2435 et
269 2406 411 2436 coram
433 2392 616 2436 eiusdem
649 2391 850 2450 parocho,
875 2395 1032 2436 ratione
1065 2404 1189 2448 supra
1215 2392 1425 2436 declarata
1459 2392 1511 2435 de
1539 2405 1754 2448 «sponsae

123 2462 368 2519 parocho»,
400 2469 497 2506 sunt
531 2463 794 2513 celebranda,
834 2480 856 2504 «
879 2465 945 2507 cui
981 2462 1162 2519 parocho
1205 2462 1301 2506 hinc
1335 2465 1398 2506 ius
1442 2471 1501 2506 est
1536 2463 1752 2506 assistendi

125 2536 388 2578 matrimonio
411 2550 431 2576 2>
471 2535 580 2592 (can.
617 2535 744 2588 1020,
777 2537 802 2588 ξ
836 2533 894 2592 1).

239 2604 438 2650 Constitui
474 2619 547 2663 per
579 2605 688 2650 hunc
722 2619 924 2649 canonem
958 2605 1219 2662 singulorum
1245 2604 1519 2662 parochorum
1557 2607 1619 2648 ius
1651 2605 1754 2648 adsi-

121 2676 254 2719 steudi
289 2676 575 2720 determinatis
621 2678 895 2720 matrimoniis
938 2677 1224 2731 confirmatur,
1258 2675 1425 2734 quando
1458 2677 1569 2719 circa
1603 2675 1756 2718 emolu·

242 2879 253 2901 ¹
282 2879 324 2912 12
362 2877 496 2912 Martii
526 2877 629 2911 1910.
660 2876 735 2911 CO.
765 2876 817 2920 ΙΙ,
851 2876 928 2910 195.
