1971 3261
140 146 233 183 Can.
261 148 332 182 820
530 147 613 182 Trr.
644 147 716 181 111.
738 167 750 171 -
772 147 826 181 De
851 149 1103 181 sanctissima
1132 147 1383 180 Eucharistz'a
1710 145 1775 179 137

141 268 178 309 in
213 265 365 323 quihus
399 268 682 309 ministrorum
719 278 916 308 numerus
953 264 1014 308 rel
1049 266 1166 320 copia
1200 268 1416 307 cantorum
1452 264 1501 306 ad
1542 263 1777 319 praedictas

139 349 278 381 sacras
313 339 543 380 functiones
571 335 811 379 solemniter
845 335 1103 391 peragendas
1127 334 1268 378 haberi
1306 339 1504 391 nequeat:
1540 334 1775 391 (hucusque

139 408 363 464 descriptio
388 407 497 451 illius
521 407 649 462 nitus,
675 419 723 449 ac
746 409 934 463 sequitur
957 406 1109 462 duplex
1135 406 1317 449 conditio
1341 405 1390 448 ad
1419 404 1768 461 perinissiiinein)

139 478 367 521 dummodo
401 483 538 521 tamen
572 482 731 521 constet
766 475 1086 534 (rationabiliter
1110 476 1244 520 eidem
1270 473 1512 532 Ordinario)
1548 475 1590 531 a)
1618 475 1769 518 ibidem

137 552 236 592 satis
267 562 356 593 esse
390 548 622 592 consultum
660 550 920 591 reverentiae
939 550 1068 591 sacris
1094 549 1301 605 mysteriis
1324 546 1502 595 debitae,
1539 547 1576 603 h)
1601 552 1637 589 et
1663 546 1772 603 quod

139 620 248 665 nulla
283 620 433 664 exinde
482 619 628 663 abusui
665 624 802 676 pateat
835 621 1020 665 occasio:
1071 618 1356 676 (prosequitur
1390 623 1526 661 autem
1566 617 1769 660 indultum

140 706 212 748 pro
247 691 308 734 his
340 690 596 734 solemnibus
627 704 656 734 s.
695 690 886 746 liturgiae
911 689 1071 742 diebus,
1095 690 1171 733 suh
1196 688 1473 746 conditione):
1509 695 1546 731 et
1572 694 1776 745 qnatenus

138 776 272 820 neque
309 762 544 818 praedictus
578 761 694 805 Ritus
726 764 885 804 servari
923 764 1047 817 possit
1083 760 1139 818 (in
1176 760 1385 818 aliquibus
1417 759 1604 803 ecclesiis
1638 764 1677 802 ut
1711 772 1775 802 su-

140 836 241 890 pra),
267 833 529 889 permittendi
558 837 597 875 ut
623 835 660 875 in
687 832 830 875 iisdem
867 832 1055 875 ecclesiis
1089 831 1133 889 ιι)
1159 834 1278 875 unica
1314 830 1431 874 Missa
1466 830 1504 887 b)
1541 831 1659 875 lecta,
1686 829 1774 873 loco

137 904 360 959 sollemnis,
410 903 613 948 celebrari
664 905 787 959 possit
823 904 919 946 t'eria
976 901 1003 945 V
1039 905 1075 945 in
1111 901 1246 946 Coena
1297 901 1456 944 Domini
1507 908 1545 944 et
1594 901 1773 945 sabbato

137 974 344 1019 Sancto».

262 1051 316 1090 De
351 1046 427 1090 hoc
463 1046 653 1102 liturgico
679 1045 782 1089 libro
808 1045 902 1089 Dec.
927 1046 965 1088 S.
1001 1043 1168 1101 (ἶοιιςικ8
1200 1043 1367 1087 Ritunin
1392 1045 1556 1099 prodiit,v
1578 1043 1589 1064 ¹
1627 1045 1663 1085 in
1691 1055 1773 1099 quo

138 1117 336 1161 edicitur:
377 1116 653 1160 «Memoriale
688 1116 900 1161 Rituum...
953 1129 1060 1158 nunc
1097 1117 1207 1158 iuxta
1244 1114 1356 1171 leges
1400 1113 1613 1169 liturgiras
1647 1115 1770 1156 etiam

140 1190 392 1231 recentiores
425 1187 612 1244 diligenti
647 1188 783 1230 studio
808 1189 990 1230 revisum
1017 1190 1141 1243 atque
1175 1189 1406 1241 opportune
1442 1186 1773 1237 ret'oi·matum‚...

138 1259 288 1302 Bened.
326 1258 393 1314 l‘p.
430 1257 544 1302 XV...
578 1270 772 1314 suprema
808 1258 888 1301 Sua
912 1259 1158 1300 auctoritate
1179 1258 1438 1311 recognovit,
1467 1260 1589 1312 atque
1624 1254 1772 1300 lianc...

137 1329 361 1372 editionem
416 1334 611 1386 tanquam
664 1331 844 1385 typicam
897 1327 1129 1371 hahendam
1181 1340 1269 1370 esse
1317 1328 1518 1370 sancivit:
1564 1326 1772 1383 simulque

135 1402 275 1444 statuit
310 1412 357 1443 ac
391 1399 635 1453 declaravit,
673 1404 715 1442 ut
748 1399 882 1442 eidem
918 1399 1087 1441 editioni
1124 1412 1268 1441 omnes
1291 1402 1454 1441 ceterae
1489 1400 1525 1440 in
1564 1403 1769 1453 posterum

135 1472 387 1514 conformari
422 1475 546 1527 atque
578 1470 816 1513 authentico
852 1472 1085 1513 testimonio
1119 1468 1382 1525 comprobari
1417 1468 1593 1512 debeant
1613 1484 1652 1512 )).

256 1541 352 1584 131.
374 1543 451 1588 De
469 1545 593 1588 hora
610 1543 706 1587 diei
725 1556 815 1598 pro
833 1543 966 1587 licita
985 1543 1173 1587 Missae
1192 1542 1539 1587 celebratione·
1560 1565 1615 1570 —
1636 1539 1679 1581 Ι).
1698 1539 1770 1584 Th.

136 1612 232 1669 (loc.
268 1611 355 1669 cit.)
390 1614 469 1656 ait:
508 1609 655 1664 «Quia
692 1625 789 1654 vero
824 1611 1032 1654 dominica
1068 1613 1202 1667 passio
1235 1609 1443 1654 celebrata
1484 1615 1542 1652 est
1587 1623 1605 1652 a
1652 1612 1770 1653 tertia

136 1683 235 1727 hora
272 1696 400 1741 usque
433 1683 483 1726 ad
520 1695 685 1736 nonam,
721 1683 811 1725 ideo
847 1681 1095 1739 regulariter
1119 1684 1157 1725 in
1184 1681 1249 1725 illa
1276 1686 1390 1738 parte
1416 1681 1495 1724 diei
1530 1680 1772 1723 solemniter

136 1753 213 1798 hoc
245 1759 553 1798 sacramentum
590 1756 626 1796 in
662 1753 846 1797 Ecclesia
871 1752 1165 1797 celebratur».
1200 1751 1273 1796 Cui
1298 1753 1511 1795 doctrinae
1546 1752 1772 1795 concordat

135 1825 271 1883 quoad
309 1825 430 1868 horas
464 1824 679 1881 liturgicas
712 1823 873 1867 Missale
906 1823 1138 1867 Romanum
1174 1825 1212 1866 in
1248 1822 1388 1877 Rubri
1429 1836 1521 1865 nam
1557 1825 1629 1865 etsi
1669 1820 1769 1877 xXV.

138 1895 194 1939 De
227 1895 326 1939 hora
362 1894 600 1939 celebrandi
625 1894 788 1938 Missam
815 1908 852 1939 n.
884 1895 921 1952 l)
958 1895 1087 1937 dicat:
1127 1896 1289 1937 «Missa
1326 1895 1484 1950 privata
1511 1892 1655 1936 saltem
1684 1897 1772 1948 post

136 1966 381 2010 Matutinum
416 1971 455 2009 et
490 1965 649 2009 Laudes
682 1979 948 2024 quacumque
983 1965 1082 2008 hora
1117 1964 1169 2009 ah
1202 1977 1350 2008 aurora
1397 1978 1525 2021 usque
1560 1964 1609 2007 ad
1648 1966 1768 2007 meri-

134 2038 244 2082 diem
280 2037 361 2081 dici
399 2041 587 2093 potest»,
623 2037 860 2094 subiungit:
897 2038 951 2093 (n.
974 2037 1016 2094 Q)
1056 2035 1214 2079 «Missa
1249 2041 1385 2079 aulem
1420 2034 1708 2078 conventualis
1731 2039 1769 2077 et

134 2108 346 2152 sollemnis
379 2110 569 2166 sequenti
605 2109 750 2152 ordine
784 2109 864 2151 dici
900 2107 1108 2151 debet...»
1162 2112 1204 2150 ut
1240 2106 1407 2162 ibidem,
1442 2106 1622 2150 scilicet:
1663 2121 1682 2145 «
1705 2104 1766 2148 rel

135 2180 243 2224 dicta
279 2182 316 2222 in
351 2179 485 2224 Choro
518 2179 617 2223 hora
653 2182 786 2235 tertia,
826 2180 887 2223 vel
924 2180 1030 2223 dicta
1057 2180 1194 2234 Sexta,
1233 2178 1295 2221 vel
1332 2183 1419 2234 post
1454 2176 1610 2220 Nonam
1633 2193 1670 2219 )).
1696 2175 1768 2219 Ge-

134 2250 329 2294 neralitas
365 2250 509 2294 harum
545 2250 808 2294 rubricarum
856 2253 1067 2306 recognita
1103 2250 1176 2292 fuit
1210 2262 1282 2306 per
1315 2255 1418 2304 seq.S
1464 2248 1770 2291 lleclarationes

134 2321 172 2365 S.
208 2321 249 2365 C.
284 2320 406 2367 Conc.
448 2322 519 2364 «1.
556 2322 700 2365 Baren.
736 2321 837 2364 lunii
881 2321 1003 2363 15:37.
1037 2319 1185 2376 Congr.
1220 2321 1379 2363 censuit
1415 2318 1700 2375 presbiterum
1729 2321 1764 2360 in

134 2404 207 2435 sua
240 2390 423 2435 Ecclesia
462 2391 625 2435 'Missam
660 2391 942 2435 celebrantem
963 2404 1042 2433 non
1080 2393 1208 2433 teneri
1238 2390 1405 2432 ditt'erre
1430 2388 1764 2442 celebratismem,

135 2462 266 2506 donec
301 2465 340 2506 in
375 2462 559 2506 Ecclesia
596 2462 821 2519 parochiali
857 2462 1020 2505 Missam
1059 2460 1263 2517 parochus
1295 2460 1584 2504 celehraxerit.

252 2534 289 2579 2.
325 2534 385 2578 An
420 2531 669 2578 Ordinarius
702 2535 751 2577 ad
790 2535 1025 2576 instantiam
1062 2532 1248 2575 Rectoris
1281 2531 1483 2574 ccclesiae
1520 2529 1766 2586 parochialis

136 2607 263 2661 possit
298 2608 538 2662 praecipere
572 2604 820 2649 Rectoribus
843 2604 1017 2647 aliarum
1042 2602 1319 2646 Ecclesiarum
1347 2615 1424 2644 non
1452 2600 1765 2657 parochialium,

135 2688 183 2719 ne
217 2675 358 2719 Missas
391 2675 602 2720 celebrent
653 2681 875 2733 antequam
925 2674 1112 2717 absoluta
1147 2674 1265 2716 tuerit
1313 2672 1429 2715 Missa
1465 2670 1764 2718 conxentnalis,

132 2759 238 2803 quae
272 2749 310 2789 in
347 2749 432 2803 ipsa
468 2746 693 2803 parochiali
719 2746 904 2803 qnotidie
939 2744 1186 2788 celebratur.
1215 2743 1287 2786 Die
1312 2746 1335 2785 o
1361 2740 1452 2787 Oct.
1483 2742 1590 2784 1625
1615 2742 1761 2795 tlongr.

253 2899 264 2920 1
294 2899 336 2932 14
362 2898 450 2933 Jan.
479 2900 571 2933 1920
598 2898 674 2932 CO.
704 2897 794 2931 XII.
821 2898 903 2931 445.
