1971 3261
153 150 243 186 Can.
271 148 428 184 905-906
677 151 760 185 Trr.
787 152 852 186 IV.
879 173 891 177 -
920 153 974 187 De.
1004 155 1243 189 I'oenz‘tenle‘cz
1708 157 1778 190 279

150 273 222 312 aut
253 267 358 311 alius
379 267 590 312 orientalis
615 281 686 324 pro
711 272 944 325 poenitente
968 271 1136 315 alterius
1161 274 1262 315 ritus
1294 273 1518 327 orientalis,
1550 273 1778 317 dummodo

154 340 220 383 ille
268 339 542 383 confessarius
580 340 906 384 iurisdictionem
954 342 1100 386 habeat
1139 358 1210 400 pro
1249 347 1472 399 territorio,
1505 358 1583 387 non
1624 345 1779 389 directe

155 423 226 464 pro
261 412 446 466 personis
478 410 740 453 determinati
778 413 892 465 ritus,
924 413 991 454 eui
1037 413 1233 456 maluerit
1268 415 1401 458 tidelis
1444 415 1572 472 (unde
1607 415 1683 458 hoc
1718 418 1780 459 ius

151 483 187 524 ei
224 483 536 537 recognoscitur
570 494 647 524 non
689 481 935 525 laedendum
972 496 991 525 a
1036 486 1334 542 vincuntque),
1368 486 1511 539 electo,
1548 491 1589 529 ut
1622 486 1776 529 dictum

153 557 226 607 est,
259 557 432 609 peecata
464 565 541 594 sua
575 552 765 608 confiteri
798 556 920 596 etiam
967 568 1039 610 pro
1084 556 1350 612 adimplendo
1385 563 1603 614 praecepto
1637 558 1779 600 divino

151 627 222 665 aut
255 621 548 676 ecclesiastico,
588 622 649 664 vel
683 625 772 665 sine
807 623 886 666 ulla
922 624 1186 680 obligatione.

271 714 352 750 235.
383 718 667 758 Praeceptum
697 719 1038 752 ecclesiasticum
1079 730 1252 754 annuae
1279 722 1577 757 confessionis.
1607 744 1648 747 —
1690 722 1778 758 Tan-

151 786 256 821 quam
286 775 554 811 fundamentum
583 776 881 822 interpretationis
908 784 996 822 seqS.
1024 786 1117 813 causs.
1148 794 1163 809 «
1192 776 1318 813 Omnis
1354 780 1533 825 utriusque
1571 792 1669 816 sexus
1687 798 1775 822 ......

152 834 378 880 congruentis
404 835 439 869 in
466 835 541 870 eius
569 835 681 881 prima
710 839 806 881 parte
832 835 874 870 de
904 836 1006 871 verbo
1032 836 1074 871 ad
1105 837 1245 871 verbum
1274 850 1351 873 runi
1380 850 1453 885 cap.
1485 839 1524 873 12
1556 854 1570 868 a
1598 841 1639 875 dc
1667 842 1781 886 poeni-

153 893 272 929 tentiis
303 898 335 929 et
361 893 662 929 remissionibus»
701 893 752 933 TV,
781 892 840 937 38)
867 906 906 929 ex
934 894 1040 930 Cone.
1068 895 1289 933 lateranen..
1331 898 1551 933 recolendum
1578 905 1627 935 est
1664 900 1779 935 Cone&

151 952 258 988 Tridi.
280 964 354 999 cap.
383 952 402 988 5
429 964 512 988 sess.
544 952 618 987 xlx·
646 953 681 988 in
711 953 799 989 fine:
832 967 846 985 <‹
877 965 987 999 neque
1014 954 1108 989 enim
1138 966 1196 1000 per
1229 954 1459 991 lateranense
1498 957 1694 993 Concilium
1723 959 1780 994 Ec—

151 1013 257 1048 clesia
283 1013 416 1053 statuit,
446 1017 482 1047 ut
509 1012 636 1047 Christi
679 1012 796 1048 fideles
822 1012 1087 1055 confiterentur,
1114 1014 1205 1059 quod
1233 1015 1305 1049 iure
1331 1015 1450 1051 divino
1489 1018 1722 1052 necessarium
1750 1024 1781 1053 et

152 1072 352 1107 institutum
379 1083 454 1107 esse
489 1071 726 1112 intellexeram
765 1072 823 1107 sed
852 1077 887 1106 ut
921 1076 1141 1118 praeceptum
1180 1074 1419 1115 confessionis
1455 1076 1577 1110 sallem
1612 1077 1715 1111 semel
1745 1078 1779 1111 in

151 1143 260 1173 anno,
289 1131 332 1166 ab
359 1131 523 1166 omnibus
549 1136 581 1166 et
608 1131 769 1175 singulis,
795 1142 874 1166 cum
914 1131 957 1166 ad
984 1142 1096 1186 annos
1122 1132 1342 1168 discretionis
1378 1134 1630 1179 pervenissent,
1661 1135 1780 1182 imple-

154 1195 248 1226 retur
274 1203 307 1224 ».
339 1190 589 1226 Determinavit
626 1201 706 1235 ergo
733 1195 872 1236 tempus
897 1190 1113 1236 adimplendi
1156 1196 1376 1237 praeceptum
1404 1192 1577 1228 divinum.
1610 1193 1705 1229 l'nde
1731 1206 1782 1230 se-

151 1250 272 1296 quitur
298 1249 374 1284 illos
399 1249 442 1284 ad
484 1254 704 1295 praeceptum
732 1249 1008 1285 ecclesiasticum
1035 1249 1192 1295 obligari,
1219 1255 1251 1285 et
1277 1262 1315 1286 eo
1342 1251 1442 1286 modo
1468 1263 1536 1297 qno
1561 1253 1603 1287 ad
1622 1253 1781 1288 divinum

155 1313 375 1355 praeceptum
402 1308 473 1343 sint
498 1308 668 1343 adstricti.
699 1328 737 1333 —›—
773 1308 994 1354 Prosequitur
1021 1307 1126 1344 Cone.
1157 1309 1251 1344 Trid.
1297 1323 1311 1342 «
1342 1310 1433 1345 unde
1461 1311 1529 1345 iam
1558 1311 1592 1345 in
1620 1312 1783 1349 universa

154 1366 314 1410 Ecclesia,
341 1380 420 1403 cum
448 1368 581 1413 ingenti
620 1368 821 1403 animarum
850 1367 1005 1403 fidelium
1035 1368 1146 1403 fructu
1185 1368 1388 1404 observatur
1429 1381 1502 1405 mos
1539 1370 1595 1406 ille
1620 1371 1782 1407 salutaris

150 1427 340 1464 confitendi
370 1438 467 1463 sacro
494 1427 563 1468 illo,
581 1431 613 1463 et
633 1427 784 1462 maxime
802 1427 1006 1473 acceptabili
1027 1432 1182 1473 tempore
1209 1428 1497 1473 quadragesimae
1524 1442 1561 1470 ›>;
1579 1440 1617 1464 ac
1647 1435 1783 1466 notetur

155 1487 311 1523 nondum
338 1498 412 1523 esse
438 1487 566 1533 pascha
594 1487 795 1533 incoeptum
835 1487 923 1522 sicut
952 1487 1124 1523 vidimus:
1155 1499 1174 1520 ‹
1201 1498 1304 1532 quern
1334 1499 1465 1540 morem
1494 1488 1576 1524 baec
1611 1488 1646 1525 S.
1677 1490 1785 1537 Syno-

150 1548 217 1583 dus
244 1547 396 1583 maxime
422 1546 556 1593 probat,
585 1551 617 1582 et
643 1546 884 1593 amplectitur,>
911 1551 1091 1592 tamquam
1133 1547 1239 1593 pium,
1267 1552 1298 1582 et
1325 1548 1470 1583 omnino
1496 1548 1719 1584 retinendum
1746 1563 1778 1583 ›.

154 1607 230 1643 Non
256 1612 374 1643 tamen
403 1606 554 1653 idipsum
586 1605 738 1642 iubetur.

275 1689 376 1734 Can.
410 1692 517 1733 906.
551 1690 622 1733 lllo
657 1692 787 1747 posito
820 1690 1103 1744 fundamentm
1139 1690 1345 1735 clausula:
1386 1690 1531 1734 Omnis
1565 1692 1784 1749 utriusque

152 1776 278 1805 semus
309 1761 446 1818 fidelis
479 1760 746 1818 intelligenda
780 1766 842 1805 est
873 1762 924 1805 de
957 1762 1144 1817 singulis,
1179 1764 1247 1819 qui
1296 1768 1517 1819 praecepto
1551 1764 1694 1806 (livino
1727 1764 1784 1807 di-

155 1838 265 1877 recte
298 1833 548 1884 afficiuntur,
581 1846 631 1877 eo
664 1833 774 1889 quod
811 1846 884 1889 per
919 1833 1102 1876 validum
1139 1832 1340 1889 baptisma
1388 1836 1424 1875 in
1461 1833 1687 1878 Ecclesiam
1724 1837 1783 1877 in·

154 1906 284 1961 gressi
316 1909 424 1955 sunt,
456 1904 527 1947 sed
559 1909 781 1961 postquam
825 1903 880 1947 ad
912 1918 1045 1947 ameos
1078 1904 1362 1959 (lz'srretiom's,
1395 1905 1503 1961 quod
1548 1905 1784 1949 authentice

154 1978 471 2032 interpretatum
505 1975 577 2018 suit
613 1977 651 2017 in
689 1974 802 2019 Dec⁰.
843 1973 1022 2027 «Quam
1058 1975 1304 2031 singulari»
1341 1976 1379 2018 S.
1403 1974 1445 2019 C.
1482 1976 1533 2019 de
1566 1976 1783 2032 disciplina

153 2049 517 2091 Sacramentorum
545 2046 556 2068 ²
591 2046 668 2090 sub
703 2047 746 2089 n0
787 2047 863 2089 «1.
900 2047 1025 2090 Aetas
1058 2047 1319 2089 discretionis
1353 2050 1438 2089 tum
1478 2046 1527 2090 ad
1563 2048 1783 2091 confessio-

155 2131 248 2162 nem
282 2122 367 2161 tum
403 2118 452 2161 ad
495 2131 525 2161 s.
561 2120 897 2161 communionem
933 2130 979 2160 ea
1013 2123 1085 2171 est,
1122 2120 1159 2160 in
1194 2130 1275 2175 qua
1310 2131 1414 2173 puer
1446 2120 1589 2175 incipit
1621 2121 1783 2162 ratioci-

154 2191 258 2238 nari,
294 2188 371 2233 hoc
403 2194 465 2232 est
496 2192 607 2233 circa
641 2191 862 2246 septimum
899 2203 1068 2244 annum,
1098 2192 1187 2232 sive
1221 2202 1359 2245 supra,
1383 2191 1472 2232 sive
1506 2193 1627 2233 etiam
1666 2191 1783 2233 infra.

155 2259 214 2303 Ex
250 2259 327 2303 hoc
375 2263 563 2316 tempore
608 2262 751 2317 incipit
792 2259 989 2317 obligatio
1032 2259 1311 2302 satisfaciendi
1356 2262 1520 2317 utrique
1564 2265 1784 2316 praecepto

154 2331 423 2374 consessionis
455 2335 495 2374 et
527 2333 895 2385 communionis»,
929 2343 1035 2388 quae
1067 2330 1293 2374 declaratio
1327 2332 1364 2373 in
1400 2343 1558 2374 canone
1593 2333 1785 2374 inseritur

155 2402 342 2446 dicente:
376 2401 486 2445 idest
517 2401 573 2445 ad
612 2416 732 2445 usum
774 2402 960 2446 rationis
990 2401 1242 2459 pervenerit,
1291 2406 1329 2445 et
1374 2406 1484 2445 recte
1518 2402 1652 2458 plane,
1686 2405 1782 2460 quia

156 2477 254 2516 tunc
288 2485 366 2516 non
404 2474 516 2529 prius
549 2477 681 2529 potest
715 2471 838 2516 homo
873 2475 911 2515 in
936 2484 1065 2528 grave
1100 2471 1314 2527 personale
1339 2477 1553 2528 peccatum
1590 2472 1787 2525 incidere,

159 2547 327 2600 propter
357 2543 467 2601 quod
517 2544 566 2587 ad
603 2544 901 2587 contessionem
952 2556 1000 2585 ex
1038 2545 1126 2585 iure
1159 2542 1302 2585 divino
1351 2542 1531 2587 manebit
1566 2543 1785 2599 obligatus,

157 2619 278 2671 prout
327 2617 366 2657 in
400 2626 491 2658 can.
525 2614 603 2657 901
653 2614 905 2671 explicatum
940 2619 1012 2656 est.
1047 2612 1107 2656 Ex
1153 2618 1248 2656 tunc
1290 2626 1390 2670 ergo
1439 2619 1604 2656 tenetur
1645 2614 1785 2657 omnia

153 2689 328 2743 peccata
360 2698 438 2727 sua
472 2688 561 2728 iure
594 2685 737 2728 divino
769 2683 958 2728 clavibus
991 2683 1201 2727 Ecclesiae
1234 2683 1492 2728 subiicienda
1527 2687 1639 2727 iuxta
1674 2687 1784 2727 citati

154 2768 246 2799 can.
291 2755 638 2799 declarationem:
683 2758 937 2813 quicumque
985 2768 1084 2811 ergo
1134 2754 1201 2798 illa
1249 2767 1328 2797 non
1377 2754 1514 2808 habet,
1565 2760 1785 2810 praecepto

275 2909 287 2931 1
313 2908 336 2942 8
362 2909 466 2954 Aug.
498 2908 601 2943 1910.
632 2908 708 2943 CO.
739 2908 792 2953 ΙΙ,
821 2908 902 2942 577.
