1971 3261
190 122 259 155 45⁴2
594 117 679 151 Lm.
708 117 782 151 111.
811 137 824 142 -
851 116 962 151 PARS
988 116 1006 150 Ι
1051 136 1060 142 -
1088 117 1144 151 De
1168 116 1433 152 Sacramentz‘s
1629 117 1723 153 Gan.
1749 119 1818 154 991

190 239 443 295 dispensatio
476 242 590 280 caret
621 235 904 293 ambiguitatis
933 235 1208 293 difficultate),
1240 235 1279 293 a)
1310 235 1463 279 valebit
1495 235 1660 294 quidem
1693 236 1821 280 eliam

191 323 240 353 ex
267 309 375 351 illius
397 308 716 364 dispensationis
739 318 873 364 aequa
897 308 1237 363 interpretatione
1260 319 1333 362 per
1355 319 1571 361 canonem,
1595 309 1665 364 qui
1689 309 1819 364 expri-

194 382 265 423 mit
301 379 554 422 voluntatem
590 377 756 421 favendi
793 377 899 420 ultra
933 379 1059 434 petita
1094 377 1306 420 reddendo
1340 376 1514 420 liberum
1541 382 1746 420 oratorem
1771 377 1823 421 ab

192 449 514 506 impedimentis,
546 461 625 505 pro
657 447 840 490 reticitis
872 446 978 491 bona
1010 447 1092 504 fine
1122 447 1343 504 (contentis
1379 449 1416 489 vi
1450 447 1661 491 clausulae
1703 460 1823 504 gene·

192 520 288 564 ralis
322 518 600 576 respectivae)
619 519 799 563 scilicet:
835 533 885 562 ex
920 521 1166 575 ignorantia,
1200 517 1479 575 simplicitate,
1504 531 1598 562 cum
1632 518 1753 562 dolus
1785 523 1825 562 et

192 593 304 635 fraus
350 590 469 645 absit,
505 592 617 633 iuxta
668 590 901 633 doctrinam
935 589 1165 633 Auctorum
1213 592 1325 633 circa
1369 591 1432 632 ius
1470 589 1736 646 praecedens,
1770 589 1824 632 iis

191 662 374 720 eoeeeplis
408 676 515 720 qaae
547 661 588 704 iit
624 675 714 704 caii.
750 663 859 718 990,
891 660 919 719 ἓ
952 664 973 704 1
1006 660 1279 719 eoeeipiuiitar
1310 661 1362 705 ab
1399 658 1717 705 Ordinariorum
1753 672 1822 716 po-

191 738 353 789 testate,
372 746 534 789 nempe,
555 737 640 775 tum
666 732 973 789 irregularitate
995 744 1119 789 quam
1144 734 1362 775 incurrunt
1381 731 1488 789 (can.
1510 731 1613 788 985)
1636 746 1656 772 «
1680 730 1725 774 4⁰
1743 730 1823 785 Qui

195 804 472 847 voluntarium
524 803 797 847 homicidium
848 807 1139 860 perpetrarunt
1171 807 1240 846 aut
1272 803 1378 845 fetus
1421 801 1588 845 humani
1632 801 1823 846 abortum

195 878 540 931 procuiaverunt,
584 873 734 917 ellectu
777 878 968 931 sequuto‚
1011 886 1238 928 omnesque
1286 877 1620 929 cooperantes»,
1664 874 1824 915 etiamsi

193 958 319 988 unum
357 945 419 988 vel
455 944 633 988 alterum
667 948 737 988 aut
772 946 939 987 tertium
970 943 1168 988 delictum
1203 945 1254 987 sit
1286 943 1510 999 occultum,
1530 948 1617 987 tum
1642 942 1826 1001 qualibet

191 1015 270 1059 alia
305 1029 353 1059 ex
392 1015 544 1059 delicto
582 1015 678 1059 «ad
712 1016 847 1058 forum
883 1014 1121 1059 iudiciale»
1149 1015 1342 1069 deducto,
1366 1028 1449 1058 reon
1482 1019 1621 1057 autem
1658 1012 1823 1069 valebit,

190 1101 262 1131 seu
298 1086 820 1143 limitatur«dispensatio
854 1086 1104 1143 generalis»
1130 1088 1243 1130 iuxta
1277 1086 1466 1129 diversas
1498 1085 1697 1129 formulas
1729 1097 1826 1143 qua·

191 1164 285 1203 tuor
318 1158 564 1215 praedictas,
597 1171 675 1215 pro
709 1157 892 1200 relieilis
927 1157 969 1200 iit
1003 1157 1118 1200 mala
1150 1156 1444 1214 fide,scilicet:
1479 1157 1577 1200 dum
1611 1159 1736 1201 sciret
1761 1156 1824 1200 vel

191 1229 401 1273 dubitaret
436 1228 705 1285 probabiliter
738 1229 1012 1285 exprimenda
1037 1236 1126 1272 esse
1160 1228 1226 1272 illa
1261 1241 1309 1272 ac
1343 1230 1509 1272 reticuit
1541 1228 1593 1272 ob
1630 1241 1825 1272 verecun-

191 1301 318 1355 diam,
351 1299 508 1355 dolum,
542 1299 756 1357 aliumque
796 1312 970 1356 pravum
1005 1300 1214 1343 affectum.

309 1370 500 1414 Clausula
533 1369 574 1428 ξ
609 1376 761 1427 pi·aec⁸.
801 1387 822 1411 α
847 1373 895 1414 iis
929 1373 1114 1427 exceptis
1147 1384 1254 1428 quae
1289 1373 1326 1413 in
1361 1370 1570 1425 can.990,
1604 1377 1628 1424 ᾗ
1666 1371 1679 1413 l
1719 1372 1827 1413 exci-

194 1444 364 1498 piuntur
388 1458 426 1495 ³),
463 1455 512 1484 ne
547 1444 584 1484 in
620 1455 805 1485 errorem
841 1444 933 1499 quis
968 1442 1136 1495 incidat,
1170 1442 1409 1486 declaratur
1441 1446 1598 1498 aperte,
1630 1441 1827 1497 aliudque

192 1515 387 1556 statuitur
422 1516 459 1555 in
495 1515 520 1567 ἓ
554 1513 591 1557 2.
628 1512 673 1556 Si
707 1518 863 1571 ayatur
895 1512 946 1556 de
979 1513 1307 1570 irregularitate
1339 1527 1390 1556 em
1424 1511 1650 1556 homicidio
1683 1511 1824 1555 volim-

194 1584 318 1635 tario,
354 1588 475 1640 prout
516 1596 563 1627 ea
609 1586 877 1641 interpretata
911 1589 971 1628 est
1006 1587 1043 1627 in
1080 1586 1161 1628 fine
1199 1597 1289 1628 can.
1325 1586 1423 1638 989,
1459 1584 1586 1627 etiam
1629 1597 1828 1627 numerus

191 1653 454 1711 delictorum,
474 1657 544 1712 qui
571 1659 740 1711 propter
773 1655 962 1699 homines
995 1657 1165 1700 forsitan
1191 1658 1313 1699 unico
1338 1658 1420 1699 ictu
1445 1658 1604 1699 occisos
1637 1660 1826 1712 augetur,

192 1725 492 1782 eoeprimeiidus
525 1732 585 1768 es!
618 1725 691 1768 sab
723 1739 860 1783 poena
893 1726 1111 1769 nallitatis
1150 1725 1438 1770 concedendae
1479 1725 1826 1784 dispensationis,

192 1800 277 1838 tum
315 1796 578 1851 particularis
610 1801 681 1840 aut
705 1797 756 1840 de
781 1810 861 1840 una
887 1797 1195 1854 irregularitate
1218 1797 1455 1841 huiusmodi
1485 1803 1554 1840 aut
1578 1797 1629 1840 de
1653 1810 1827 1840 numero

193 1867 377 1909 inferiori
413 1879 535 1923 quam
572 1867 737 1910 suerunt
771 1867 936 1920 delicta,
961 1873 1046 1911 tum
1072 1868 1280 1925 generalis
1313 1869 1364 1911 de
1398 1867 1466 1911 tali
1500 1870 1640 1924 specie
1673 1870 1829 1924 irregu-

196 1935 368 1980 laritatis
401 1942 488 1980 tum
522 1937 573 1980 de
608 1937 801 1982 omnibus
836 1938 1229 1995 irregularitatibus.

312 2049 347 2084 ln
368 2060 442 2095 cap.
466 2050 475 2083 1
505 2063 519 2081 (ι
541 2050 583 2085 de
611 2049 692 2084 filiis
723 2050 1003 2097 presbyterorum
1031 2055 1064 2086 et
1089 2051 1168 2086 aliis
1195 2051 1379 2096 illegitime
1404 2051 1496 2087 natis
1517 2066 1531 2083 n
1556 2051 1622 2096 (tit.
1640 2051 1691 2092 11,
1708 2051 1782 2087 Lib.
1801 2051 1827 2096 l)

192 2108 229 2142 in
256 2107 293 2142 60
321 2108 520 2144 Bonifacius
549 2108 620 2144 Vlll
648 2109 716 2144 ait:
750 2123 764 2142 «
786 2109 829 2151 ls,
858 2110 917 2155 qui
944 2110 1118 2145 defectum
1149 2110 1277 2156 patitur
1304 2111 1475 2146 natalium
1502 2122 1542 2146 ex
1567 2111 1828 2157 dispensatione

193 2166 348 2213 Episcopi
378 2167 470 2203 licite
498 2173 609 2214 potest
630 2169 670 2212 (si
699 2169 728 2204 ei
756 2169 851 2204 aliud
879 2169 1089 2204 canonicum
1117 2181 1189 2205 non
1215 2169 1376 2214 obsistat)
1399 2170 1441 2205 ad
1469 2170 1608 2205 ordines
1636 2170 1827 2216 promoveri

193 2225 358 2267 minores,
386 2231 418 2261 et
445 2226 602 2262 obtinere
629 2227 854 2269 beneficium,
882 2228 936 2263 cui
965 2239 1048 2263 cura
1084 2239 1154 2263 non
1193 2228 1355 2263 imminet
1387 2228 1609 2264 animarum:
1639 2229 1829 2264 dummodo

191 2284 235 2318 sit
263 2284 341 2326 tale,
371 2296 474 2331 super
500 2297 568 2331 quo
597 2297 656 2332 por
682 2286 798 2332 ipsum
827 2287 1027 2333 episcopum
1058 2287 1168 2323 valeat
1201 2287 1411 2334 dispensari,
1441 2287 1492 2322 Ad
1519 2287 1659 2323 ordines
1692 2297 1829 2333 quoque

192 2343 351 2384 maiores,
374 2344 425 2378 vel
447 2344 616 2380 beneficia
643 2355 762 2381 curam
791 2346 990 2381 animarum
1019 2346 1196 2386 habentia.
1217 2358 1320 2392 super
1346 2347 1473 2392 quibus
1501 2347 1623 2392 nequit
1641 2346 1829 2393 Episcopus

189 2402 405 2448 dispensare,
435 2404 510 2439 sine
537 2404 802 2450 dispensatione
829 2403 930 2441 Sedis
957 2405 1175 2451 Apostolicae
1203 2405 1394 2451 promoveri
1423 2417 1492 2441 non
1520 2410 1674 2452 potest».

313 2503 402 2546 Post
438 2504 601 2548 Codicis
653 2507 839 2562 vigorem
893 2506 1179 2563 «dispensare
1227 2512 1481 2565 nequeunt»
1535 2507 1728 2564 Episcopi
1777 2506 1827 2550 ad

193 2586 380 2617 normam
425 2578 491 2618 cit.
530 2578 690 2632 capitis,
724 2590 772 2619 eo
822 2577 929 2633 quod
970 2593 989 2618 ((
1014 2577 1116 2621 haec
1165 2583 1343 2634 potestas
1376 2578 1532 2622 eisdem
1580 2591 1661 2622 non
1706 2579 1830 2621 suerit

193 2645 388 2701 explicite
419 2646 481 2689 vel
535 2646 733 2703 implicite
776 2660 1016 2691 concessa»
1072 2648 1180 2706 (can.
1218 2649 1290 2705 81)
1340 2651 1378 2692 in
1429 2649 1510 2692 illo.
1545 2675 1602 2680 —
1634 2649 1826 2693 Attamen

195 2715 303 2758 illius
336 2719 495 2772 capitis,
533 2722 574 2760 ut
611 2718 788 2772 videtur,
826 2721 980 2762 motivo
1029 2719 1215 2762 decernit
1263 2719 1480 2763 declarans
1521 2720 1548 2778 ξ
1582 2720 1619 2763 3.
1657 2719 1830 2778 Disperi-

194 2786 304 2829 salio
338 2786 378 2843 a)
409 2787 626 2844 yeneralis
659 2788 710 2831 ab
747 2789 1123 2845 irregularitatibus
1160 2790 1220 2833 vel
1258 2791 1566 2846 impedimentis
1600 2789 1641 2847 b)
1675 2790 1732 2833 ad
1762 2803 1828 2834 or-

196 2855 315 2899 diizes
350 2858 623 2914 recipiendos,
647 2860 918 2914 exercendos,
954 2861 1056 2903 idest
1090 2860 1246 2918 absque
1279 2860 1426 2903 horum
1459 2861 1745 2917 designatione
1788 2863 1826 2904 in
