1971 3261
121 137 214 174 Can.
243 137 334 172 1035
645 137 730 170 Tm.
759 137 845 170 VII.
875 157 887 162 -
915 137 970 172 De
997 137 1256 171 Matrimonio
1681 136 1749 170 5⁶25

118 262 202 303 sica
236 252 417 315 polleant
455 256 684 313 generandi
729 256 938 307 facultate,
971 258 1033 299 ius
1067 256 1115 299 ad
1152 258 1462 299 matrimonium
1509 255 1662 299 habere
1708 257 1748 299 in

120 333 339 387 praecepto
372 327 421 371 ad
457 329 817 370 conservationem
864 327 1032 370 humani
1078 329 1243 383 generis
1275 327 1370 370 dato
1404 327 1634 381 tundalum,
1669 339 1750 384 quo

119 405 254 444 tamen
282 400 336 442 uti
363 411 435 454 per
457 411 500 440 se
525 410 603 439 non
639 397 877 453 obligantur
910 397 1086 454 singuli3
1120 402 1300 440 attamen
1336 397 1471 455 quoad
1508 397 1616 440 illius
1651 399 1751 440 iuris

118 472 364 514 exercitium
384 468 535 513 debent
554 481 724 512 servare
743 481 887 511 omnes
908 467 1032 525 leges,
1052 481 1158 525 quae
1179 467 1277 511 illud
1300 468 1581 512 moderantur.
1603 468 1752 525 Agitur

118 543 226 585 enim
261 541 311 584 de
344 544 574 593 contractu,
609 541 678 596 qui
714 552 791 581 non
831 544 987 582 tantum
1025 544 1197 583 naturae
1230 538 1436 582 humanae
1478 542 1646 582 interest
1679 539 1749 582 sed

117 611 337 656 cuiuslibet
372 612 594 661 societatis,
617 613 655 652 et
690 609 741 653 ob
775 609 1061 653 diversitatem
1089 615 1336 666 temporum,
1364 609 1548 653 locorum
1584 622 1630 653 ac
1666 623 1753 666 per·

117 695 313 727 sonarum
363 682 542 725 diversis
591 680 747 737 indiget
798 683 967 731 normis,
1002 680 1230 724 dummodo
1267 680 1409 724 salvae
1449 681 1751 737 relinquantur,

117 766 224 811 quae
258 752 313 796 illi
349 755 437 796 iure
471 751 614 795 divino
647 754 737 794 sive
772 751 949 795 naturali
982 754 1072 795 sive
1108 754 1284 808 positivo
1309 757 1403 794 sunt
1429 754 1659 808 impositae,
1679 765 1750 794 seu

120 826 205 881 regi
239 837 405 881 quoque
440 822 562 866 debet
598 824 686 865 iure
721 821 916 865 humano.
947 821 1049 865 Hinc
1084 824 1237 878 optime
1273 825 1520 878 principium
1557 822 1752 879 generale

120 894 243 937 tradit
289 893 426 937 lnnoc.
463 892 512 935 lll
548 895 585 935 in
621 906 710 948 cap.
747 892 799 934 <23
835 892 885 935 dc
919 892 1181 949 sponsalibus
1215 898 1253 935 et
1289 895 1552 936 matrimonio
1589 892 1645 949 (1,
1684 891 1752 949 Π)

120 965 285 1008 dicens:
325 981 347 1004 «
370 977 463 1007 cum
486 962 804 1020 prohibitorium
825 965 874 1005 sit
894 963 1076 1006 edictum
1098 965 1148 1006 de
1169 965 1432 1005 matrimonio
1456 963 1755 1014 contrahendo,

123 1041 163 1081 ut
197 1038 452 1093 quicumque
486 1048 564 1077 non
599 1033 859 1090 prohibetur,
884 1047 956 1091 per
978 1036 1317 1091 consequentiam
1353 1034 1659 1090 admittatur»,
1683 1047 1754 1077 seu

122 1112 163 1151 ut
196 1108 247 1151 de
282 1094 550 1163 personarum
594 1105 807 1148 habilitate
840 1118 888 1148 ac
924 1105 1147 1148 idoneitate
1181 1104 1229 1148 ad
1268 1105 1613 1148 matrimonialem
1659 1119 1754 1148 con-

122 1183 297 1222 tractum
332 1179 473 1221 statuit
507 1191 597 1220 can.
635 1177 768 1219 1035.
807 1174 959 1219 Omm’s
994 1181 1185 1233 possunt,
1222 1180 1361 1232 utpote
1407 1175 1644 1219 facultatem
1686 1188 1754 1219 na-

122 1255 239 1293 turae
274 1249 491 1292 iuridicam
528 1246 728 1290 habentes
761 1260 808 1290 ac
844 1246 954 1290 licite
989 1246 1303 1289 nzatrimom'mn
1339 1245 1603 1296 contrahere,
1631 1247 1755 1290 idest:

121 1320 335 1364 celebrare
370 1318 484 1361 illum
509 1323 785 1372 contractum,
810 1317 883 1375 qui
906 1317 1013 1368 iure,
1037 1319 1102 1361 cui
1128 1317 1373 1361 subdantur.
1397 1317 1579 1361 scilicet:
1614 1318 1757 1360 divino

121 1404 287 1447 semper
320 1393 409 1433 site
444 1389 621 1433 naturali
645 1391 735 1432 sire
761 1391 951 1446 positivo,
976 1391 1177 1432 canonico
1203 1388 1392 1441 baptizati
1430 1394 1471 1431 ut
1505 1389 1756 1445 explicatum

123 1466 182 1506 est
216 1464 254 1504 in
290 1473 381 1504 can.
420 1460 544 1514 teto,
578 1459 692 1503 civili
739 1461 826 1502 iure
871 1459 1054 1502 nondum
1103 1458 1308 1515 baptizati,
1342 1473 1422 1502 von
1465 1458 1758 1517 prohibentur.

123 1532 241 1578 Unde
275 1532 622 1588 impedimentum
661 1530 965 1573 matrimoniale
991 1534 1101 1573 recte
1125 1530 1348 1573 delinietur
1377 1546 1395 1570 α
1423 1529 1644 1586 prohibitio
1668 1543 1760 1573 con-

123 1603 312 1647 trahendi
347 1604 658 1646 matrimonium
694 1601 819 1645 alicui
856 1602 961 1645 facta
998 1614 1072 1658 per
1106 1603 1168 1644 ius
1201 1603 1266 1644 cui
1301 1601 1555 1645 subditur».
1579 1627 1630 1632 —
1659 1601 1761 1644 luris

122 1681 260 1719 autem
296 1673 728 1730 humaniprohibitio
761 1675 820 1716 sic
854 1675 1017 1729 concipi
1053 1677 1212 1716 tantum
1250 1678 1394 1729 potest,
1427 1677 1467 1715 ut
1500 1675 1551 1715 sit
1587 1672 1758 1715 relativa

122 1746 258 1805 quoad
294 1747 605 1789 matrimonium
640 1758 734 1788 cum
771 1744 840 1788 tali
875 1743 1012 1787 aliave
1047 1756 1236 1800 persona,
1261 1743 1454 1800 equidem
1481 1742 1533 1787 ob
1558 1745 1758 1786 motivum

125 1820 163 1860 in
198 1819 257 1861 eis
293 1817 356 1860 vet
393 1818 430 1859 in
464 1828 640 1873 persona
687 1814 894 1872 prohibita
934 1817 1129 1870 existens,
1165 1828 1258 1858 nam
1307 1814 1529 1871 prohibitio
1573 1813 1758 1858 absoluta

125 1890 436 1932 matrimonium
472 1886 762 1941 contrahendi,
795 1886 928 1930 solum
976 1888 1134 1929 ratione
1178 1885 1272 1929 boni
1313 1888 1547 1929 communis
1579 1890 1648 1929 aut
1681 1884 1759 1928 alia

125 1961 450 2016 proportionata,
482 1971 560 2001 non
609 1957 777 2001 videtur
819 1957 1076 2001 admittenda
1122 1959 1197 1999 nisi
1233 1956 1283 2000 ad
1319 1961 1496 2012 tempus,
1532 1958 1584 1998 ita
1631 1960 1671 1999 ut
1709 1955 1757 1997 ad

127 2033 274 2074 iustam
320 2029 640 2086 prohibitionem
687 2034 930 2086 perpetuam
964 2030 1015 2071 sit
1050 2041 1233 2082 necesse,
1267 2032 1309 2070 ut
1346 2039 1519 2083 persona
1556 2026 1656 2070 illud
1691 2038 1760 2069 na-

126 2101 258 2145 turale
293 2103 355 2144 ius
393 2100 625 2144 voluntarie
658 2099 823 2144 abdicet
857 2099 1002 2143 saltem
1038 2099 1172 2156 quoad
1210 2098 1320 2142 illius
1352 2100 1616 2142 exercitium.
1644 2097 1760 2142 L'nde

125 2175 313 2230 sequitur
346 2172 454 2229 quod
482 2171 824 2229 impedimentum
861 2170 1167 2214 matrimoniale
1189 2169 1335 2213 saltem
1361 2171 1461 2212 iuris
1483 2168 1652 2212 humani
1677 2168 1761 2212 duo

127 2242 323 2296 includat,
348 2255 521 2298 nempe:
559 2241 881 2299 prohibitionem
918 2242 1171 2284 matrimonii
1196 2239 1469 2284 contrahendi
1494 2244 1533 2282 et
1557 2241 1759 2282 motivum

127 2316 165 2357 in
203 2326 374 2371 persona
411 2313 608 2370 impedita
644 2315 841 2367 existens,
874 2314 964 2355 sive
997 2311 1074 2355 hoc
1109 2314 1159 2354 sit
1204 2310 1422 2368 physicum
1462 2312 1551 2354 six-e
1591 2310 1759 2354 morale.

246 2418 326 2455 428.
358 2423 520 2455 Divisio
549 2422 964 2462 impedimentorum
993 2420 1166 2453 ratione
1194 2418 1394 2452 effectus.
1413 2416 1509 2451 -ln
1531 2416 1760 2452 Decretalium

127 2479 392 2515 collectionibus
418 2479 630 2515 authenticis
657 2479 740 2514 haet¹
769 2478 836 2513 duo
864 2477 1095 2513 inveniuntur
1122 2477 1208 2512 iuris
1236 2476 1419 2522 principia.
1446 2475 1565 2511 lnnoc.
1583 2474 1624 2510 lll
1649 2475 1697 2510 ait
1725 2474 1759 2508 in

128 2550 158 2574 c.
190 2536 230 2573 16
263 2551 276 2570 α
297 2538 338 2574 de
365 2538 583 2583 regularibus
609 2542 642 2572 et
668 2537 936 2572 transeuntibus
961 2536 1004 2571 ad
1032 2536 1273 2580 religionem»
1304 2534 1376 2579 (ΙΙΙ,
1405 2534 1485 2579 31);
1515 2534 1660 2569 «multa
1688 2533 1760 2568 fieri

129 2596 370 2644 probibentur,
399 2607 487 2643 quae
513 2597 541 2631 si
571 2597 660 2632 facta
689 2596 830 2638 fuerim,
857 2595 989 2631 roboris
1019 2594 1180 2630 obtinent
1219 2594 1460 2630 infirmitatem
1483 2610 1513 2634 ι),
1539 2598 1571 2629 et
1597 2604 1615 2629 e
1641 2597 1761 2628 contra

127 2656 230 2692 edicit
260 2656 339 2702 Reg.
370 2655 414 2691 64
442 2656 507 2691 iur.
534 2656 570 2690 in
598 2654 656 2690 60:
690 2656 824 2699 «Quae
849 2660 971 2691 contra
998 2655 1051 2690 ius
1084 2654 1185 2697 fiunt,
1214 2654 1341 2689 debent
1376 2654 1496 2699 utique
1527 2664 1588 2699 pro
1623 2651 1761 2688 intectis

128 2715 247 2751 haberi
270 2730 303 2756 »,
331 2726 410 2750 cum
450 2715 611 2761 sequenti
652 2715 941 2761 interpretatione
967 2713 1003 2748 in
1031 2714 1105 2749 iure
1142 2712 1312 2749 canonico
1337 2712 1380 2748 ad
1409 2723 1557 2748 norman
1584 2723 1663 2747 can.
1698 2711 1757 2746 tl:

133 2789 146 2808 «
168 2775 346 2810 irritantes
371 2779 431 2810 aut
458 2773 724 2809 inhabilitantes
749 2784 808 2809 eae
834 2778 971 2809 tantum
1000 2773 1091 2818 leges
1110 2772 1291 2808 habendae
1309 2777 1404 2815 sunt,
1422 2772 1550 2818 quibus
1567 2776 1626 2807 aut
1644 2775 1760 2807 actum

128 2845 203 2870 esse
230 2834 367 2869 nullum
393 2837 454 2869 aut
481 2833 673 2868 inhabilem
700 2844 775 2868 esse
803 2843 987 2879 personam
1006 2842 1166 2878 expresse
1185 2831 1237 2867 vel
1255 2831 1516 2877 aequivalenter
1542 2831 1758 2866 statuitur».

131 2914 171 2919 -—
189 2892 377 2937 Quaeritur
391 2903 471 2937 ergo
498 2903 567 2927 non
585 2892 760 2927 immerito
788 2896 904 2927 utrum
931 2891 991 2927 illa
1017 2891 1136 2936 regula
1162 2895 1266 2937 queat
1295 2890 1557 2937 impedimentis
1585 2889 1762 2925 matrimo-

1809 2954 1827 3013 l
