1971 3261
107 124 199 161 Can.
228 122 432 159 1038-1039
635 120 719 155 Tl‘r.
745 119 832 153 Vn.
861 139 872 146 -
897 120 953 154 De
980 120 1238 153 sslutrimom'o
1667 117 1736 150 529

106 256 273 303 quoque
322 245 453 299 potest
495 240 544 284 ad
591 251 756 282 normas
804 251 946 282 earum
998 237 1331 291 attributionum,
1362 236 1572 294 privative
1610 235 1734 278 idest:

110 327 207 372 prae
250 324 514 371 quacumque
557 309 635 354 alia
679 312 925 353 auctoritate
959 309 1025 351 ius
1057 314 1117 351 es!
1153 310 1333 365 proprie,
1367 320 1437 350 seu
1480 305 1647 349 moralis
1682 306 1737 348 fa-

105 385 240 429 cultas
273 383 363 439 lege
397 381 565 425 fundata
599 385 637 424 et
673 378 938 433 inviolabilis,
962 379 1051 421 alia
1085 380 1127 430 a)
1155 377 1456 436 impedimento
1483 382 1646 434 practer
1678 388 1738 423 ea,

108 468 214 514 quae
251 454 315 498 vel
351 457 438 497 iure
472 453 615 497 divino
648 454 869 496 constituta
903 456 1010 505 suut,
1039 450 1101 494 vel
1128 452 1165 494 in
1192 449 1343 494 Codice
1379 451 1629 495 inseruntur,
1653 462 1739 490 'ma-

108 525 353 570 trimonium
397 537 476 568 non
521 523 816 581 quodcumque
851 521 894 579 b)
929 520 1203 579 impedientia
1242 520 1302 563 rel
1335 519 1584 563 dirimentia
1617 532 1740 576 supra

106 597 328 654 explicata,
353 595 424 640 sed
457 595 497 652 c)
530 607 608 653 pro
641 593 867 652 baptizatis
900 595 990 637 sive
1025 595 1130 635 inter
1163 606 1205 635 sc
1239 594 1329 635 sive
1362 604 1460 635 cum
1498 604 1576 633 non
1613 589 1739 646 bapti-

106 674 196 712 zata
230 679 403 725 persona
442 665 797 719 contrahentibus,
832 664 899 708 illa
934 662 1217 707 eonslituemli'
1251 662 1295 719 d)
1324 675 1403 720 per
1434 660 1599 705 *modum
1635 660 1740 718 leyis

105 741 149 797 e)
184 739 270 782 sive
304 736 558 781 universalis
591 736 772 781 scilicet:
808 749 880 793 pro
916 740 996 779 tota
1030 734 1214 778 Ecclesia
1254 733 1397 777 saltem
1436 733 1573 787 latina,
1599 732 1627 789 i)
1657 731 1743 774 sive

107 809 392 870 particularis
426 822 498 866 pro
531 808 669 866 aliqua
704 809 871 864 regione
904 811 974 850 aut
1007 808 1215 850 territorio
1249 807 1374 848 etiam
1409 804 1624 847 dioecesis.

228 881 326 924 431.
362 882 576 926 Vetitum
617 881 882 926 Ecclesiae.
914 903 971 909 —
1003 876 1202 920 Doctores
1244 879 1302 920 sic
1348 878 1513 932 proprie
1559 876 1745 918 nomina-

111 958 206 997 runt
239 952 473 1010 Superioris
508 949 942 1007 prohibitionem,qua
977 948 1099 992 alicui
1135 950 1173 990 in
1211 946 1452 1004 particulari
1488 958 1585 990 casu
1621 948 1744 989 inter-

107 1024 264 1068 dicitur
317 1024 568 1066 matrimonii
616 1020 856 1073 celebratio,
892 1022 1005 1063 iuxta
1057 1018 1266 1063 rubricam
1316 1017 1422 1061 tituli
1463 1016 1742 1061 Decretalium

118 1110 137 1136 c(
161 1094 220 1138 De
254 1095 518 1137 matrimonio
552 1096 764 1136 contracto
797 1095 939 1135 contra
975 1089 1240 1133 interdictum
1268 1088 1479 1132 Ecclesiae
1503 1103 1522 1129 J)
1552 1085 1742 1144 (16,1V).

110 1166 178 1211 Sic
214 1166 454 1209 moderatur
487 1163 587 1207 illud
620 1162 758 1208 Codex
795 1176 866 1219 per
899 1176 990 1205 ean.
1026 1163 1157 1205 1039.
1182 1161 1210 1219 ξ
1237 1163 1272 1204 1.
1301 1159 1528 1203 Ordinarii
1561 1158 1743 1202 locorum

109 1238 220 1295 (can.
258 1237 356 1289 198,
390 1238 414 1290 ἓ
447 1235 506 1292 2),
540 1247 587 1278 ac
621 1239 729 1278 tacet
771 1246 902 1278 canon
948 1233 999 1276 de
1044 1232 1249 1290 parochis,
1285 1233 1402 1289 queis
1447 1243 1525 1273 non
1568 1235 1746 1287 potestas

113 1307 387 1352 interdicendi
412 1305 668 1358 conceditur,
693 1304 763 1348 sed
792 1305 994 1348 indirecte
1021 1306 1192 1347 vetitum
1230 1303 1432 1359 infligitur
1466 1303 1554 1344 iure
1587 1303 1747 1358 sponsis

108 1392 161 1423 ex
199 1377 476 1435 prohibitione
521 1375 701 1433 parocho
739 1377 843 1419 sacta
882 1391 904 1416 «
927 1388 978 1418 ne
1010 1376 1238 1428 assistat»,
1274 1377 1316 1417 ut
1352 1372 1534 1416 vidimus
1567 1374 1605 1416 in
1640 1377 1744 1416 can⁸.

111 1455 277 1506 praem,
312 1451 349 1504 a)
382 1446 573 1491 omnibus
605 1446 647 1489 iu
682 1460 757 1489 suo
791 1445 1010 1489 territorio
1044 1450 1140 1488 actu
1186 1441 1553 1494 commorantibus,
1587 1445 1746 1486 etiamsi

114 1534 195 1565 non
232 1519 410 1564 habeant
441 1519 482 1562 hi
515 1517 773 1565 domicilium
810 1531 885 1561 nec
917 1519 1032 1575 quasi
1067 1516 1341 1568 domicilium,
1367 1514 1544 1572 proinde
1568 1514 1647 1557 illis
1670 1527 1748 1558 non

111 1591 358 1646 subdantur,
385 1592 466 1634 imo
500 1603 575 1634 nec
610 1594 865 1633 menstruam
899 1589 1288 1642 commorationem,
1314 1585 1356 1644 b)
1381 1591 1420 1629 et
1449 1585 1540 1629 suis
1572 1584 1751 1628 subditis

109 1663 162 1707 ad
200 1674 389 1706 normam
422 1657 511 1705 can.
548 1661 616 1714 94,
652 1660 729 1703 111
769 1659 897 1703 eliam
930 1664 1053 1702 θωνα
1086 1658 1188 1715 fines
1236 1657 1305 1700 sui
1350 1656 1563 1700 territorii
1604 1655 1750 1713 supple

115 1738 248 1778 «actu
282 1731 638 1777 commorantibus
657 1747 696 1786 ›),
715 1735 995 1787 congruenter
1026 1731 1172 1774 canoni
1203 1729 1255 1772 24
1281 1728 1351 1773 ubi
1376 1728 1549 1785 legitur:
1589 1744 1610 1769 α
1635 1740 1746 1785 prae-

110 1810 247 1862 cepta,
281 1803 456 1860 singulis
487 1803 596 1858 data,
632 1816 703 1846 eos
746 1802 899 1860 quibus
943 1802 1109 1855 dantur,
1145 1799 1300 1857 ubique
1344 1804 1492 1856 urgent
1516 1814 1565 1853 »ς
1613 1804 1752 1841 vetare

109 1881 290 1934 possunt
325 1873 597 1918 alatri-monia
630 1872 672 1930 a)
708 1873 752 1916 iu
786 1887 886 1916 casu
918 1872 1144 1931 peculiari,
1180 1884 1350 1928 nempe:
1388 1869 1464 1913 hoc
1489 1869 1647 1914 illudve
1671 1881 1754 1913 ma-

116 1949 372 2000 trimonium,
423 1945 464 2002 b)
508 1944 582 1988 sed
629 1943 686 1988 ad
733 1949 893 2002 tenipus
944 1949 1121 1999 tantum,
1169 1956 1205 1987 v.
1247 1956 1308 1999 gr.
1357 1941 1420 1986 vel
1465 1946 1640 1995 certum,
1686 1940 1750 1984 vel

117 2030 332 2076 usquequo
374 2015 546 2060 dubium
593 2015 757 2060 eluatur
800 2015 851 2059 de
897 2014 1211 2072 impedimento,
1251 2013 1359 2070 quod
1404 2012 1549 2056 abesse
1591 2013 1753 2069 sponsis

113 2094 230 2134 certo
263 2093 437 2143 constat,
463 2087 527 2131 vel
563 2087 613 2131 ad
649 2100 898 2132 consensum
933 2085 1204 2130 obtinendum
1240 2097 1269 2128 a·
1297 2083 1549 2141 parentibus,
1575 2082 1614 2140 c)
1639 2082 1751 2126 iusta

114 2160 168 2204 de
184 2174 329 2213 causo,
361 2159 490 2203 idest:
523 2158 754 2202 secundum
795 2157 856 2201 vel
896 2162 1059 2214 praeter
1082 2171 1136 2200 ss.
1155 2169 1338 2200 canones
1370 2160 1410 2198 et
1445 2156 1752 2211 proportionata

120 2233 247 2275 vetito
290 2229 335 2287 d)
375 2243 506 2288 eaque
546 2228 823 2288 perdurante,
859 2228 1032 2286 proinde
1081 2226 1247 2285 quando
1295 2230 1441 2281 cesset,
1475 2224 1750 2269 auferendum

114 2307 225 2346 esset
262 2303 449 2354 vetitum,
483 2302 566 2344 imo
599 2304 783 2344 cessaret
817 2299 894 2343 hoc
927 2313 975 2342 ex
1010 2300 1158 2355 seipso.
1190 2297 1229 2340 Si
1267 2302 1401 2341 tamen
1435 2298 1575 2352 sponsi
1609 2300 1750 2340 contra

116 2373 194 2417 boc
227 2372 495 2416 interdictum
531 2384 603 2428 per
634 2385 678 2415 se
711 2383 843 2427 grave
876 2369 1186 2423 contraherent,
1212 2368 1267 2411 illi
1291 2381 1339 2412 ac
1375 2366 1580 2424 parochus
1613 2378 1754 2424 pecca-

119 2445 438 2502 rent,quamvis
475 2442 672 2486 Doctores
707 2446 819 2485 recte
853 2441 1075 2485 admittant
1107 2441 1304 2483 materiae
1330 2441 1578 2496 parvitatem
1603 2437 1655 2482 ob
1678 2439 1754 2482 cir-

115 2516 402 2560 cumstantias.
437 2513 578 2557 Cessat
621 2525 789 2570 quoque
834 2511 934 2555 illud
983 2513 1170 2565 vetitum,
1209 2509 1434 2553 «resoluto
1467 2511 1556 2552 iure
1596 2510 1752 2566 praeci-

120 2587 269 2643 pientis
292 2600 332 2638 »,
367 2584 473 2628 idest
515 2586 554 2627 in
597 2596 697 2627 casu
750 2583 811 2627 vel
862 2581 1172 2627 discedentibus
1214 2582 1376 2638 sponsis
1410 2594 1488 2624 non
1523 2579 1699 2624 subditis
1732 2592 1751 2623 a

120 2659 299 2702 vetantis
333 2659 556 2712 territorio,
585 2656 647 2700 vel
683 2657 855 2712 insuper
888 2653 1217 2710 derelinquendo
1251 2651 1651 2709 quasi-domicilium
1690 2650 1751 2694 vel

118 2727 396 2783 domicilium,
428 2730 461 2770 si
500 2732 648 2784 agatur
685 2727 736 2770 de
770 2723 982 2770 Ordinarii
1031 2725 1208 2767 vetantis
1250 2722 1439 2778 subditis,
1479 2738 1501 2764 «
1527 2722 1754 2766 dummodo

123 2801 296 2843 vetitum
322 2811 400 2841 non
426 2799 547 2841 suerit
576 2799 814 2854 impositum
842 2809 914 2853 per
938 2795 1167 2851 legitimum
1196 2794 1496 2838 documentum
1521 2798 1590 2837 aut
1614 2805 1752 2837 coram

118 2869 285 2914 duobus
319 2868 532 2913 testibus»
570 2869 679 2925 (can.
715 2868 798 2923 ⁶24).

207 2960 302 2989 BLAT
328 2975 346 2982 -
372 2959 495 2988 Comm.
524 2959 608 2987 Text.
634 2957 709 2987 Cod.
733 2957 804 2986 Ῑιιν.
832 2956 914 2985 Can.
1636 2953 1673 2982 34
