1971 3261
171 139 242 173 310
574 140 659 174 Lm.
685 140 756 174 ΠΙ.
783 160 795 164 -
822 139 932 173 PARS
956 139 987 173 ἶ.
1015 159 1026 164 -
1053 139 1111 174 De
1135 140 1400 175 Sacramentis
1520 139 1612 175 Gan.
1639 140 1799 175 958-960

172 273 265 304 cum
314 259 366 303 ab
415 259 618 315 Episcopo
662 258 899 313 delegatum
936 263 1021 301 esto
1044 273 1086 312 ›>‚
1118 271 1168 301 ex
1202 271 1281 316 qua
1317 258 1576 315 delegatione
1608 263 1796 317 quaestio

173 343 366 387 praesens
397 329 596 373 solvenda
630 334 748 372 esset.
784 329 1021 372 Secundum
1053 328 1080 386 ἓ
1115 328 1138 372 3
1172 328 1359 372 eiusdem
1393 332 1563 373 canonis
1596 343 1796 374 nonnum-

171 414 293 458 quam
334 400 609 456 «Capitulum
645 400 846 443 ecclesiae
878 399 1130 443 cathedralis
1172 413 1292 443 suum
1339 402 1539 444 vicarium
1575 403 1798 445 constituat

171 471 258 527 (sed
296 484 367 527 pro
400 470 564 514 casibus
598 470 660 513 liis
692 469 927 526 subditur):
960 472 1029 528 qui
1054 472 1239 526 regimen
1264 476 1447 514 assumat
1471 484 1564 514 cuni
1595 476 1798 527 potestate

173 540 322 585 vicarii
356 541 603 597 Capitularis
626 557 674 589 »;
712 541 927 584 videlicet:
964 543 1000 583 in
1037 541 1315 584 concedendis
1348 541 1594 585 dimissoriis
1620 543 1671 585 ad
1701 555 1795 585 nor-

171 625 279 655 mam
314 624 403 655 can.
439 612 538 666 958,
571 611 614 653 3⁰
648 625 721 654 seu
760 616 891 667 «post
937 623 1091 654 annum
1136 624 1158 654 a
1197 611 1294 654 sede
1339 612 1549 668 impedita,
1587 611 1648 655 vel
1690 615 1794 656 intra

169 695 367 726 annum...
392 698 431 724 ›).
465 709 519 716 —
554 681 727 725 Demum
764 682 821 724 illi
860 682 953 725 «ad
989 695 1092 739 quos
1128 684 1350 724 vicariatus
1397 687 1465 725 aut
1511 683 1795 738 praefecturae

169 766 267 796 cura
312 753 528 796 devenerit
564 752 671 809 (can.
707 752 804 797 310.
838 753 863 806 ἓ
897 752 950 805 2),
987 754 1043 795 uti
1088 757 1257 809 possunt
1298 751 1489 795 omnibus
1531 752 1796 796 facultatibus

169 824 402 879 ordinariis,
427 823 577 881 quibus
604 822 790 867 Vicarius
816 823 878 866 vel
917 823 1151 866 l'raetectus
1176 822 1354 879 pollebat
1377 839 1417 875 1),
1443 824 1699 881 proindeque
1727 824 1793 867 illa

169 907 291 952 quam
326 895 460 937 eidem
497 894 639 938 tribuit
671 907 761 937 can.
797 895 881 937 958
915 894 992 938 sub
1026 907 1064 939 n.
1099 894 1156 938 40.

288 965 384 1008 306.
422 966 547 1017 Quid
581 968 820 1022 praedicti
853 969 1060 1022 possunt
1083 967 1231 1010 etiam
1266 967 1396 1010 circa
1419 967 1796 1011 ordinationem.

168 1064 222 1071 —
257 1036 539 1079 Determinata
575 1038 786 1091 potestatis
819 1037 1025 1091 praefatae
1059 1048 1252 1078 mensura
1287 1037 1325 1077 in
1361 1048 1449 1078 can.
1487 1048 1637 1091 praec,
1674 1035 1794 1079 valde

168 1112 397 1164 opportune
420 1106 679 1150 subnectitur
703 1106 942 1149 immediate
965 1120 1055 1149 caii.
1080 1107 1174 1148 959
1207 1105 1424 1148 includens
1447 1106 1646 1159 quosdam
1673 1106 1792 1162 Prae-

170 1179 271 1222 latos
303 1178 494 1221 exclusos
526 1177 577 1221 ab
610 1177 827 1220 ordinandi
866 1181 1066 1233 potestate
1109 1176 1220 1220 licite
1256 1177 1406 1220 utenda
1439 1177 1668 1220 secundum
1703 1190 1792 1220 can.

169 1250 267 1303 95⁴5,
301 1249 401 1302 957,
433 1248 647 1292 videlicet:
677 1247 760 1301 Qui
790 1254 927 1305 potest
962 1251 1073 1290 iuxta
1108 1249 1489 1304 interpretationem
1526 1260 1662 1304 praec.
1688 1254 1791 1291 can⁸.

168 1325 207 1362 et
239 1325 343 1362 can⁸.
379 1319 477 1372 964,
511 1318 568 1372 20,
595 1318 638 1361 3⁰
663 1318 831 1361 litteras
864 1317 1133 1360 dimissorias
1167 1317 1221 1359 (1ιί
1254 1317 1424 1360 ordines
1461 1318 1665 1374 quoslibet
1687 1319 1791 1361 reci-

164 1389 342 1448 piendos
364 1389 469 1432 itare
491 1389 542 1433 ob
576 1393 638 1432 ius
672 1392 882 1446 proprium
912 1389 973 1431 vel
999 1388 1050 1433 ob
1084 1391 1435 1443 commissionem,
1470 1391 1551 1432 imo
1575 1389 1624 1432 ad
1650 1403 1795 1433 omnes

170 1466 210 1504 ut
244 1475 291 1504 ex
328 1461 438 1504 dicto
472 1473 560 1505 can.
597 1465 721 1517 patet,
757 1463 793 1502 vi
829 1473 918 1503 can.
952 1459 1076 1503 huius
1115 1465 1252 1517 potest
1290 1474 1450 1518 quoque
1483 1460 1592 1503 licite
1628 1466 1794 1517 propter

166 1538 279 1590 seqm.
314 1532 540 1575 clausulam
577 1537 842 1588 postremam,
866 1532 904 1587 a)
925 1530 1088 1574 eosdem
1112 1530 1282 1574 ordines
1314 1530 1506 1588 conferre
1526 1544 1603 1587 pei·
1624 1545 1668 1573 se
1690 1531 1793 1588 ipse,

169 1602 210 1660 b)
243 1603 280 1645 si
313 1602 594 1645 necess-‹mam
628 1601 792 1645 ordinis
819 1607 1071 1659 potestatem
1106 1615 1178 1656 pro
1210 1614 1353 1644 sacrae
1386 1602 1657 1644 ordinationis
1694 1602 1790 1645 vali-

167 1674 293 1717 ditate
328 1672 501 1723 habeat;
533 1686 638 1730 quae
672 1677 850 1729 potestas
884 1672 1090 1728 profluere
1123 1671 1246 1715 debet
1278 1672 1329 1715 ab
1363 1672 1586 1728 episcopali
1628 1678 1791 1729 recepta

167 1747 490 1799 consecratione,
517 1749 559 1787 ut
581 1746 632 1786 sit
657 1746 841 1786 minister
864 1743 1113 1797 ordinarius,
1141 1756 1177 1783 v.
1202 1756 1262 1798 gr.
1284 1743 1606 1786 Administrator
1624 1743 1791 1800 Aplcus.

167 1818 235 1873 qui
271 1820 329 1858 est
379 1815 607 1871 Episcopus
640 1814 830 1865 titularis,
870 1813 931 1857 vel
966 1813 1017 1856 ab
1050 1814 1309 1857 ordinatione
1352 1818 1541 1870 suscepta
1586 1814 1793 1871 presbyte-

169 1891 294 1937 ratus,
319 1888 350 1929 si
391 1898 453 1928 «a
489 1888 577 1928 iure
603 1885 665 1928 vel
692 1898 711 1928 a
746 1885 851 1928 Sede
875 1884 1110 1940 Apostolica
1148 1898 1218 1940 per
1252 1884 1460 1940 peculiare
1485 1885 1687 1928 indultum
1723 1898 1791 1941 po-

167 1962 355 2000 testatem
381 1959 590 2013 acceperit
621 1956 781 2013 aliquos
814 1956 980 1999 ordines
1013 1956 1249 1998 conferendi
1270 1970 1312 2009 ›>‚
1337 1969 1373 1999 v.
1399 1969 1459 2011 gr.
1494 1954 1560 1998 ille
1583 1955 1633 1998 ad
1667 1969 1788 2012 quem

171 2030 396 2071 vicariatus
428 2033 497 2070 aut
533 2030 818 2083 praetecturae
852 2039 950 2069 cura
986 2026 1219 2080 devenerit,
1252 2028 1322 2082 qui
1372 2026 1492 2069 simul
1528 2029 1578 2069 sit
1615 2028 1793 2069 vicarius

169 2097 436 2154 provincialis
481 2099 691 2154 religionis
722 2102 955 2153 exemptae,
991 2101 1127 2153 posset
1159 2097 1326 2140 ordines
1370 2099 1549 2139 minores
1582 2096 1790 2140 consodali

168 2168 351 2224 legitime
401 2168 646 2211 dimittendo
693 2168 880 2211 conferre
930 2169 1039 2210 iuxta
1091 2166 1241 2210 limites
1281 2179 1380 2210 suae
1425 2169 1635 2223 potestatis
1682 2167 1791 2210 ordi-

167 2239 304 2282 nandi

286 2309 384 2352 307·
420 2312 673 2368 Requisita
695 2314 746 2356 ut
778 2312 909 2356 licite
945 2312 1122 2355 dentur
1157 2312 1468 2355 dimissoriae
1499 2311 1792 2365 exprimuntur

167 2381 216 2423 ad
254 2381 421 2424 modum
457 2381 656 2437 simplicis
706 2380 994 2438 prohibitionis
1038 2382 1076 2422 in
1111 2394 1200 2423 ean.
1237 2383 1342 2423 960.
1377 2382 1404 2437 ξ
1437 2383 1470 2423 1.
1506 2378 1696 2422 Litterae
1727 2378 1788 2422 di-

169 2451 389 2494 missoriae
421 2466 471 2494 ite
504 2452 799 2503 comedantur,
833 2464 931 2507 ergo
974 2453 1042 2508 qui
1077 2463 1146 2494 eas
1178 2451 1277 2495 dare
1324 2455 1493 2507 possunt
1525 2450 1709 2508 qualibet
1739 2463 1788 2493 ex

166 2534 290 2565 causa
325 2525 495 2577 praevie
529 2523 741 2566 obtineant
788 2523 895 2579 quod
930 2524 1118 2579 sequenti
1156 2521 1338 2565 clausula
1372 2523 1562 2576 edicitur,
1598 2521 1682 2563 nisi
1717 2520 1789 2563 lia-

166 2592 264 2634 bitis
298 2598 423 2634 (triten
459 2592 560 2636 bene
596 2594 820 2637 notandum
845 2591 1033 2636 omnibus
1068 2592 1319 2635 testimoniis
1351 2606 1398 2636 ac
1431 2592 1528 2635 solis
1561 2606 1667 2649 qzcae
1698 2591 1792 2633 iure

166 2662 329 2707 Codicis
361 2663 590 2719 eoeiymitm·
623 2664 677 2706 ad
710 2677 900 2707 normam
933 2676 1022 2705 can.
1057 2664 1289 2706 993-1000
1323 2667 1419 2706 tunc
1461 2662 1695 2706 ediscenda.
1734 2687 1791 2692 —

165 2733 281 2776 Adeo
307 2733 516 2790 legislator
536 2734 731 2778 Praelatis
754 2733 1018 2778 commendat
1039 2733 1204 2776 illorum
1237 2746 1441 2777 canonum
1467 2733 1788 2782 observantiam,

167 2809 211 2847 ut
244 2803 322 2847 alia
357 2804 633 2860 prohibitione
667 2806 845 2861 idipsum
881 2803 1067 2847 obtinere
1115 2804 1302 2847 intendat
1334 2807 1358 2858 ἓ
1389 2806 1432 2847 2.
1458 2804 1504 2847 Si
1533 2808 1627 2861 post
1664 2802 1789 2846 datas

167 2874 216 2918 ab
254 2873 487 2918 Orcliiiario
520 2880 780 2932 competente
829 2874 998 2917 litteras
1040 2874 1321 2929 div'iissorias,
1354 2876 1531 2918 servatis
1563 2873 1791 2917 canonibus
