1971 3261
192 140 237 174 98
593 138 677 173 Lm.
705 137 776 171 ΙΙΙ.
807 157 819 162 -
846 137 955 172 PARS
981 138 1011 171 Ι.
1041 156 1053 163 -
1079 137 1137 172 De
1161 137 1427 172 Sam-amentis
1626 138 1719 175 Gan.
1746 139 1816 175 801

193 263 403 302 eramento
438 270 516 300 nou
550 270 638 299 esse
671 268 834 310 corpus,
859 259 898 297 et
921 257 1164 311 sangninem
1190 254 1352 298 Domini
1377 257 1502 298 nostri
1538 256 1626 300 lesu
1650 257 1815 314 Christi,

193 329 262 372 sed
298 333 453 371 tantum
491 330 528 369 in
564 340 652 377 usu,
686 326 783 368 (lum
818 327 1009 379 sumitur,
1044 338 1122 368 non
1157 330 1295 368 autem
1329 330 1436 380 ante,
1473 326 1535 369 vel
1562 333 1676 383 post,
1711 334 1750 373 et
1774 332 1814 373 in

195 400 348 453 hostiis,
381 411 451 441 seu
488 395 698 453 particulis
742 398 1007 449 consecratis,
1053 407 1158 452 quae
1192 400 1281 451 post
1313 399 1645 441 communionem
1688 413 1816 444 reser-

194 474 355 519 vantur,
394 468 456 511 vel
490 471 722 521 supersunt,
759 479 836 508 nou
874 478 1090 508 remanere
1137 479 1280 509 verum
1321 479 1471 522 corpus
1504 466 1681 523 Domini,
1715 483 1813 514 ana-

192 540 329 583 thema
362 541 413 581 sit
437 554 489 590 »ς
524 538 699 593 offertur
735 538 770 577 in
807 540 1096 579 sacrosanctae
1131 535 1277 579 Missae
1309 537 1527 587 sacrificio,
1560 539 1742 582 sumitur
1774 544 1813 584 in

191 622 304 653 sacra
340 610 644 650 communione.
680 631 730 636 —-
766 605 926 648 Etenim
967 620 987 646 <c
1013 605 1088 649 hoc
1111 610 1417 649 sacramentum
1454 606 1575 651 hahet
1609 609 1813 665 triplicem

190 680 562 735 significationem:
600 689 720 719 uuam
755 676 926 733 quidem
963 681 1152 732 respectu
1189 678 1413 732 praeteriti,
1460 679 1700 734 inquantum
1735 685 1815 726 sci·

191 750 283 793 licet
317 753 373 791 est
408 749 824 791 commotum-auvam
870 746 1106 789 dominicae
1152 748 1365 803 passionis,
1410 759 1515 803 quae
1559 749 1633 792 fuit
1669 764 1813 795 verum

189 820 453 871 sacrificium,
488 822 527 860 et
559 817 786 860 secundum
824 816 900 860 hoc
934 819 1172 860 nominatur
1203 817 1487 873 saerificium;
1519 818 1640 862 aliam
1675 827 1812 866 autem

189 890 532 945 significationem
567 887 692 930 habet
726 891 914 942 respectu
952 889 1008 930 rei
1045 889 1285 943 praesentis,
1318 887 1476 931 scilicet
1509 889 1816 936 ecclesiasticae

192 961 369 1014 unitatis,
402 961 466 1001 cni
502 957 688 1000 homines
721 962 1004 1013 aggregantur
1038 971 1111 1013 per
1134 957 1211 1001 hoc
1234 963 1570 1013 sacramentum,
1605 966 1644 1003 et
1666 975 1814 1006 secun·

189 1030 287 1073 [lum
323 1029 398 1072 hoc
433 1031 667 1071 nominatur
700 1027 932 1070 communio
975 1027 1036 1070 vel
1085 1028 1276 1086 synaoeiS.
1314 1028 1418 1071 Dicit
1450 1032 1559 1072 euim
1596 1030 1815 1077 Damasce-

187 1100 297 1143 nus1
339 1099 490 1157 «quod
535 1099 688 1141 (licitur
736 1100 974 1141 communio
1024 1100 1118 1154 quia
1171 1101 1529 1142 communicamus
1578 1114 1649 1157 per
1682 1104 1811 1159 ipsam

186 1169 361 1223 Christo,
408 1174 447 1212 et
494 1171 590 1225 quia
641 1170 937 1224 participamus
985 1171 1073 1212 eius
1122 1181 1246 1212 carne
1289 1173 1329 1212 et
1370 1169 1600 1225 divinitate,
1645 1177 1682 1215 et
1716 1177 1813 1231 quia

186 1242 545 1284 communicamus
577 1244 616 1282 et
649 1242 816 1282 unimur
848 1240 898 1282 ad
935 1241 1115 1283 invicem
1153 1252 1225 1295 per
1258 1241 1403 1296 ipsam.
1449 1239 1627 1284 Tertiam
1660 1245 1815 1300 signiti-

185 1314 389 1355 cationem
425 1310 547 1353 habet
586 1314 773 1365 respectu
814 1310 1003 1363 futuri»,
1037 1322 1165 1367 quam
1206 1309 1424 1353 retulimus
1463 1313 1500 1353 iu
1539 1312 1643 1355 tituli
1669 1315 1811 1358 iuscri-

188 1384 324 1438 ptione
366 1386 449 1424 «et
491 1381 719 1423 secundum
771 1380 847 1423 hoc
895 1380 1047 1423 (licitur
1096 1380 1297 1423 viaticum
1344 1386 1383 1424 et
1431 1383 1553 1425 etiam
1603 1382 1812 1428 Euchari—

186 1452 271 1495 slia
294 1467 313 1492 ))
344 1453 371 1494 ².

308 1523 401 1567 100.
438 1524 728 1568 Distributio
750 1524 876 1568 tituli
900 1524 947 1567 in
974 1524 1152 1579 capita,
1177 1536 1529 1582 sacrorumque
1552 1527 1613 1571 de
1635 1529 1810 1573 eucha-

184 1596 326 1639 ristia
359 1607 612 1639 canonum.
648 1618 700 1623 —
726 1591 813 1635 Hoc
831 1597 1138 1636 sacramentum
1159 1607 1208 1636 ex
1231 1596 1484 1637 institutione
1508 1594 1672 1652 Christi,
1698 1599 1810 1645 iuxta

187 1676 329 1706 veram
364 1663 514 1706 tidem:
552 1663 593 1705 1⁰
629 1662 751 1706 (lebet
784 1663 921 1705 offerri
947 1662 1043 1718 Deo,
1075 1665 1207 1719 ipsum
1234 1665 1516 1707 consecrando
1539 1678 1586 1709 ac
1609 1667 1813 1710 sumendo

187 1741 225 1782 in
262 1741 502 1782 memoriam
540 1741 738 1795 passionis
762 1737 912 1781 Christi
934 1755 941 1787 ;
979 1741 1089 1782 iuxta
1115 1739 1213 1782 illud
1255 1739 1370 1783 «hoc
1395 1741 1516 1783 facite
1539 1744 1814 1798 quotiescum-

187 1823 266 1867 que
301 1812 338 1852 in
375 1821 507 1852 meam
547 1812 984 1852 commemorationem
1009 1824 1049 1864 n,
1084 1814 1124 1853 et
1166 1812 1313 1853 iterum
1358 1813 1470 1854 iuxta
1505 1811 1745 1868 Apostolum
1772 1813 1811 1854 ³:

192 1896 212 1921 (c
236 1883 580 1937 quotiescumque
614 1879 917 1923 manducabitis
957 1892 1101 1936 panem
1128 1880 1237 1924 huuc
1260 1886 1299 1924 et
1323 1881 1493 1925 calicem
1520 1881 1682 1935 bibetis,
1708 1897 1811 1926 mor-

187 1955 267 1994 tem
304 1950 464 1993 Domini
499 1950 796 1993 annuntiabitis
828 1950 959 1994 douec
985 1953 1121 1994 veniat
1143 1966 1192 1994 ›>:
1229 1950 1273 1994 2⁰
1308 1951 1377 1995 llle
1417 1967 1437 1993 (c
1459 1957 1520 1995 est
1542 1956 1658 2009 panis
1688 1955 1812 1998 vivus

187 2024 254 2079 qui
289 2022 339 2064 tle
379 2020 493 2064 coelo
532 2020 789 2063 descendit»
819 2021 847 2071 4,
891 2021 1078 2078 dixitque
1111 2021 1262 2077 lesus:
1302 2037 1322 2063 ε(
1346 2025 1422 2066 uisi
1456 2023 1812 2068 manducaveritis

186 2104 351 2135 carnem
398 2091 484 2133 Filii
526 2091 703 2133 hominis
745 2096 784 2134 et
828 2091 1014 2135 biberitis
1055 2094 1144 2135 eius
1186 2095 1445 2149 sanguinem,
1491 2106 1569 2136 nou
1607 2094 1812 2138 habebitis

188 2163 313 2204 vitam
351 2164 389 2203 in
427 2161 614 2217 vobis));
649 2166 687 2204 et
722 2164 759 2204 in
796 2161 873 2205 illis
911 2161 1073 2205 (luobus
1106 2162 1282 2206 habetur
1304 2166 1410 2207 actio
1434 2164 1746 2208 sacramentalis
1770 2170 1809 2208 et

189 2232 308 2274 huius
340 2234 587 2275 sacramenti
622 2235 842 2288 susceptio,
876 2245 982 2290 quae
1016 2235 1054 2275 iu
1089 2233 1180 2276 aliis
1213 2236 1483 2277 sacramentis
1515 2235 1635 2278 simul
1670 2238 1810 2279 coexi-

185 2307 323 2345 stunt:
358 2302 428 2345 setl
475 2306 640 2358 proptor
683 2308 871 2346 naturam
917 2303 1191 2347 eucharistiae
1225 2306 1262 2346 in
1309 2317 1352 2347 re
1395 2308 1668 2361 permanenti,
1703 2308 1812 2350 inter

185 2375 537 2416 consecrationem
589 2372 695 2415 illius
743 2378 782 2416 et
828 2376 1132 2430 susceptionem
1184 2387 1313 2431 usque
1362 2375 1411 2418 ati
1447 2378 1808 2432 consumptionem

187 2442 230 2485 30
263 2445 444 2485 continet
480 2456 622 2485 verum
656 2442 877 2499 Christum,
914 2443 1059 2487 Filium
1086 2444 1170 2500 Dei,
1197 2444 1429 2502 Filiumque
1464 2446 1669 2500 hominis,
1704 2447 1808 2490 dixit

185 2515 294 2555 enim
331 2513 439 2555 lesus
463 2514 476 2535 ⁵²
497 2529 504 2555 :
543 2529 564 2553 «
589 2512 674 2556 Hoc
698 2519 758 2556 est
780 2527 933 2570 corpus
959 2528 1095 2557 meum
1121 2530 1159 2570 ›>,
1197 2530 1219 2555 «
1242 2514 1318 2558 Hic
1341 2520 1401 2558 est
1423 2518 1591 2572 sanguis
1617 2530 1731 2560 meus
1751 2533 1771 2558 ))
1797 2536 1807 2571 ;

184 2594 231 2626 ac
266 2584 435 2639 prointlc
469 2596 515 2625 eo
549 2584 656 2640 quoii
694 2584 908 2627 uobiscum
941 2585 1190 2628 sensibiliter
1224 2589 1399 2639 maneat,
1434 2585 1640 2629 obiectum
1687 2599 1806 2643 prae-

185 2656 352 2709 cipuum
387 2658 447 2696 est
479 2653 613 2696 cultus
653 2653 818 2709 publici,
843 2660 882 2698 et
914 2658 949 2698 ei
984 2655 1243 2698 exhibendus
1280 2658 1413 2698 omnis
1447 2655 1577 2699 honor
1599 2662 1636 2699 et
1661 2657 1806 2713 gloria.

188 2748 240 2753 —
265 2723 447 2766 Ecclesia
481 2736 579 2778 ergo
613 2723 664 2766 ob
698 2738 902 2767 summam
938 2727 1212 2768 reverentiam
1253 2730 1292 2768 et
1335 2727 1644 2782 gratitudinem,
1687 2727 1809 2783 pluri-

302 2829 312 2850 ¹
341 2828 452 2862 Orth.
482 2828 572 2862 fidei
598 2828 665 2863 lib.
696 2829 748 2862 IV
775 2841 856 2874 cap.
888 2831 930 2864 14
955 2830 1004 2864 ad
1030 2830 1098 2864 fin.
1126 2850 1171 2856 —-
1197 2830 1210 2852 ‘²
1236 2831 1282 2864 D.
1313 2830 1383 2865 Th.
1415 2832 1485 2866 loc.
1516 2832 1577 2866 cit.
1615 2855 1656 2859 ψ
1681 2833 1695 2854 3
1716 2832 1733 2866 Ι
1759 2832 1807 2866 ad

187 2874 365 2910 Corinth.
395 2875 465 2919 XI,
493 2875 609 2909 24:26.
639 2894 683 2902 —
709 2878 721 2898 4
752 2877 855 2911 toan.
883 2877 948 2920 VI,
978 2879 1036 2917 51,
1065 2877 1121 2912 54.
1152 2897 1194 2902 -
1221 2877 1234 2898 5
1260 2877 1400 2912 Matth.
1433 2878 1579 2922 XXVI,
1601 2880 1657 2922 26,
1679 2879 1735 2915 28.
1762 2899 1805 2904 ——
