1971 3261
104 133 198 170 can.
223 129 383 167 979-980
685 129 768 162 Tl‘r.
798 129 859 162 VI.
888 149 897 154 -
927 129 983 163 De
1013 129 1156 163 Ordine
1663 130 1731 163 405

104 249 293 296 ordinati
326 248 367 291 in
399 247 534 290 saeris
570 246 668 297 vila,
707 247 964 302 proindeque
1003 247 1054 291 ab
1097 247 1368 289 ordinationis
1411 246 1477 289 dio
1513 249 1549 289 in
1586 261 1729 303 perpe-

104 328 218 366 tuum
254 331 367 362 more
402 318 594 370 humano,
635 317 673 373 b)
703 324 741 360 el
778 331 868 359 vere
901 318 1120 374 sufficiens,
1154 331 1253 373 ergo
1287 318 1421 375 quoad
1464 318 1647 361 redditus
1680 332 1729 361 ex

103 391 220 435 titulo
254 390 304 433 de
340 390 446 432 facto
491 388 781 444 percipiendos
814 387 870 429 ml
904 402 1131 444 consp-nam
1155 387 1336 430 eiusdem
1368 405 1388 428 «
1414 389 1589 431 ordinati
1617 405 1635 429 »
1663 403 1730 431 ,ςη-

102 460 396 504 stentationem
435 461 471 501 in
512 461 637 511 victu,
675 461 838 503 vestitu.
875 458 1141 507 habitatione,
1165 459 1354 515 aliisquo,
1377 458 1600 501 servendum
1638 474 1730 501 nor-

105 545 206 583 ma3,
230 543 308 574 non
344 532 422 573 iani
459 529 761 573 consuetudine
797 529 1066 581 introductas,
1089 529 1158 571 sod
1194 542 1299 586 quae
1340 534 1473 571 tamon
1510 530 1734 585 prudenter

103 602 335 646 condantur
368 599 416 643 ab
454 598 702 643 Ordinai'it's
735 599 1000 656 generaliter,
1037 599 1206 654 proinde
1242 613 1318 641 non
1356 602 1552 655 respectis
1594 601 1730 643 divor-

103 686 242 716 sorum
286 671 533 715 clericorum
578 669 862 728 qualitatibuS,
895 669 964 712 sed
1003 683 1080 726 pro
1114 668 1292 711 dirersis
1326 669 1366 725 a)
1401 671 1583 712 [emirum
1620 671 1661 725 b)
1695 678 1733 713 et

105 749 333 800 temporum
368 740 407 798 c)
443 740 778 792 necessitatibus,
801 743 897 798 quia
922 739 999 783 bae
1023 739 1074 783 ab
1104 739 1183 782 illis
1218 741 1407 795 pendent,
1433 740 1476 797 d)
1511 747 1547 782 et
1582 741 1731 783 adime-

105 813 182 856 clis
223 811 388 855 dandas
431 811 785 869 quandocumque
830 810 1019 866 Episcopi
1069 815 1345 866 opportunum
1400 810 1602 865 xidoatur,
1645 815 1733 853 siro

106 897 213 927 nunc
248 887 333 939 post
367 881 531 926 Codicis
565 881 940 938 promulgationem
975 880 1119 923 saltem
1167 882 1286 923 tacite
1329 881 1596 936 approbando
1633 881 1732 937 illas,

104 967 210 1012 quae
244 956 282 996 in
317 953 575 997 dioecesibus
608 952 782 1009 singulis
815 954 1005 1005 existant,
1033 956 1116 994 tuni
1154 951 1242 993 illas
1268 965 1372 993 nunc
1401 952 1462 994 vel
1490 955 1526 994 in
1552 955 1732 995 tuturuin

107 1025 304 1068 mutando
338 1027 375 1066 in
411 1023 554 1067 alias...

222 1136 297 1172 Huc
325 1137 473 1183 pertinet
513 1136 836 1182 praescriptumque
875 1135 1020 1171 canonis
1050 1135 1201 1170 declarat
1228 1135 1318 1180 quod
1348 1135 1449 1169 refert
1477 1134 1601 1170 Bened.
1633 1134 1733 1170 ΧΠ1

104 1209 140 1232 n.
172 1197 230 1232 Vl:
261 1210 276 1228 «
298 1198 351 1231 An
379 1207 398 1231 a
426 1195 608 1237 beneficio,
638 1207 697 1231 seu
732 1194 970 1241 Cappellania‚
997 1195 1041 1230 ad
1075 1194 1174 1229 cuius
1213 1194 1351 1228 titulum
1393 1195 1470 1239 quis
1510 1195 1657 1229 intendit
1692 1195 1734 1229 ad

105 1255 166 1292 SS.
196 1255 348 1291 Ordines
376 1255 580 1301 promoveri,
603 1254 820 1290 detrahenda
846 1254 918 1288 sint
944 1264 1051 1289 onera
1078 1253 1260 1288 Missarum
1288 1253 1401 1288 eidem
1427 1253 1574 1288 adiecta.
1597 1254 1736 1298 qnando

106 1315 335 1351 Beneficiatus
374 1325 443 1349 non
483 1319 622 1349 tenetur
647 1325 704 1349 eas
733 1324 792 1359 per
818 1314 971 1359 seipsum
1011 1312 1198 1354 celebrare,
1230 1313 1280 1347 vel
1311 1313 1435 1358 potius7
1464 1313 1628 1347 oneribus
1655 1313 1737 1347 mis—

104 1385 221 1410 sarum
246 1385 314 1410 non
343 1373 522 1414 detractis,
551 1373 622 1408 sive
650 1373 730 1408 illae
756 1373 987 1408 celebrandae
1013 1372 1083 1406 sini
1110 1383 1170 1418 per
1195 1372 1359 1417 seipsum,
1388 1372 1458 1406 sive
1487 1372 1618 1417 possint
1652 1372 1737 1407 cele-

105 1433 196 1469 brari
227 1443 286 1479 per
302 1432 425 1475 alium,
448 1431 628 1468 faciendus
647 1431 691 1466 sit
710 1431 864 1466 calculus
882 1431 1041 1466 omnium
1063 1430 1239 1465 fructuum
1260 1442 1319 1476 pro
1338 1430 1582 1465 constituenda
1600 1442 1737 1465 summa

106 1504 126 1528 a
153 1492 319 1539 Synodali
349 1491 610 1532 constitutione,
626 1491 677 1526 vel
705 1490 858 1536 regionis
883 1501 978 1526 more
1004 1490 1172 1535 requisita
1201 1501 1260 1536 pro
1279 1488 1393 1524 Sacris
1419 1489 1602 1524 ordinibus
1629 1489 1737 1524 susci-

107 1551 255 1598 piendis.
287 1550 412 1586 171111.
438 1549 525 1585 1723
551 1561 572 1585 a
599 1548 635 1585 S.
657 1548 696 1585 C.
719 1548 758 1585 C.
780 1549 827 1585 ita
853 1560 1058 1595 responsum
1090 1549 1170 1584 suit:
1197 1560 1271 1584 esse
1298 1548 1567 1594 relinquendum
1595 1548 1738 1583 arbitrio

105 1615 137 1647 et
163 1610 397 1646 eonscientiae
432 1607 704 1645 Ordinariorum
727 1624 757 1641 n.
787 1609 901 1655 Atque
936 1609 970 1643 in
1009 1620 1044 1642 n.
1075 1607 1116 1643 X.
1151 1607 1314 1644 «Primo.
1343 1619 1386 1643 an
1419 1606 1572 1643 Clericus
1609 1607 1736 1653 alioqui

107 1670 251 1706 idoneus
290 1669 423 1705 habens
453 1668 663 1705 Beneficium
704 1668 920 1703 insufficiens
947 1668 989 1703 de
1016 1679 1074 1714 per
1101 1678 1147 1709 se,
1175 1668 1232 1703 sed
1261 1667 1333 1713 qui,
1362 1667 1480 1702 iuncto
1513 1666 1736 1702 patrimonio.

107 1729 244 1773 habeat,
264 1729 354 1774 quod
382 1728 531 1764 sufficiat
548 1728 591 1763 ad
611 1728 794 1767 honestam
825 1727 914 1762 vitae
933 1727 1239 1762 sustentationem.
1262 1727 1367 1772 possit
1396 1726 1606 1772 promoveri3
1634 1724 1735 1760 Sacra

107 1786 145 1824 C.
176 1788 215 1823 C.
246 1798 365 1828 mense
391 1785 532 1823 Octobri
564 1785 652 1822 1589
682 1786 861 1832 respondit
887 1786 931 1821 ad
959 1785 1126 1832 primum,
1156 1796 1254 1831 posse
1289 1785 1381 1820 iuxta
1419 1785 1563 1819 formam
1592 1784 1738 1819 Concilii

106 1847 306 1883 Tridentini
331 1861 361 1881 ».
392 1845 490 1890 Quae
515 1845 707 1881 concordat
733 1850 812 1881 cum
840 1845 876 1887 §0
900 1856 996 1880 nunc
1029 1845 1265 1890 interpretato.

226 1948 323 1991 331.
358 1950 634 1994 Existentia
671 1949 797 1994 tituli
839 1949 1050 1993 stabilis·
1077 1949 1180 1992 iure
1223 1948 1546 2003 praescripta.
1581 1972 1632 1975 —
1668 1946 1737 1988 At—

108 2023 215 2062 tenta
253 2032 389 2062 rerum
427 2018 702 2061 humanarum
741 2017 1023 2063 instabilitate.
1060 2018 1250 2074 providet
1284 2018 1592 2059 sustentationis
1629 2016 1738 2058 ordi-

108 2092 270 2133 natisin
315 2092 444 2133 sacris
490 2090 753 2145 perpetuitati
808 2092 1049 2145 praesertim
1100 2088 1233 2145 quoad
1285 2087 1423 2130 titulos
1469 2086 1740 2130 subsidiarios

106 2175 196 2204 ean.
230 2162 336 2204 980.
371 2160 400 2219 ξ
437 2161 471 2204 1.
511 2159 746 2203 Θνᾱὶηαῐιιε
788 2160 830 2203 in
875 2160 1023 2213 saeris,
1060 2161 1110 2203 de
1153 2173 1234 2217 quo
1280 2161 1397 2201 unice
1441 2158 1666 2215 loquuntur
1700 2158 1737 2200 lii

105 2244 297 2284 canones,
331 2231 368 2274 si
402 2230 572 2274 titulum
610 2233 648 2274 in
683 2231 943 2275 ordinatione
976 2235 1046 2274 aut
1079 2230 1262 2274 eiusdem
1303 2231 1498 2272 canonica
1543 2228 1738 2272 substitu—

106 2304 216 2346 tione
250 2301 434 2346 habitum
460 2302 632 2344 annelat
668 2301 992 2359 quomodolibet,
1017 2304 1104 2344 sine
1138 2300 1259 2356 culpa
1297 2300 1359 2343 vel
1395 2313 1487 2343 cum
1523 2313 1583 2351 ea,
1607 2299 1736 2342 alium

106 2386 156 2417 ex
190 2372 323 2417 tribus
368 2373 591 2430 praedictis
639 2373 701 2417 vel
735 2386 784 2416 ex
820 2386 913 2417 can.
948 2373 1022 2415 981
1065 2372 1365 2428 supi‘iletorium
1409 2370 1488 2413 sibi
1518 2370 1740 2428 provideat

106 2444 159 2488 ob
191 2447 345 2487 iussum
397 2444 533 2487 eidem
583 2444 649 2488 hic
698 2444 856 2499 (latum,
889 2457 982 2487 cuni
1034 2443 1109 2486 hac
1159 2448 1315 2485 tantum
1355 2444 1621 2498 exceptione:
1657 2442 1740 2484 nisi

108 2514 264 2558 iudicio
297 2513 499 2573 Episcopi
532 2525 626 2559 cum
662 2515 837 2559 iuridica
871 2516 1173 2571 significatione
1208 2519 1245 2555 ot
1280 2515 1343 2555 cui
1369 2511 1627 2564 subuenitur,
1650 2512 1740 2555 eius

107 2586 285 2629 ordinati
319 2586 370 2629 de
403 2599 485 2643 quo
522 2588 559 2629 in
591 2585 630 2640 §⁰
664 2600 875 2643 congruae
917 2584 1219 2627 sustentationi
1261 2583 1390 2626 aliter
1427 2595 1549 2640 quam
1588 2596 1658 2639 pei·
1692 2585 1738 2626 ti-

108 2656 238 2700 tulum
273 2662 440 2699 cautum
474 2656 544 2701 sit.
578 2655 665 2700 Hoc
699 2661 806 2700 statu
833 2670 971 2699 rerum
999 2655 1255 2711 perdurante
1272 2654 1539 2710 suspenditur
1562 2654 1598 2708 §¹
1625 2666 1739 2709 prae-

107 2728 320 2783 scriptum.
346 2726 405 2769 Ad
440 2727 549 2784 quod
586 2727 882 2771 elucidandum
919 2729 1060 2769 iuvant
1085 2738 1168 2782 seq.
1199 2724 1505 2768 Declarationes
1525 2723 1551 2768 ².
1578 2726 1614 2768 S.
1635 2726 1676 2767 (1.
1697 2725 1739 2768 (J.

110 2890 134 2913 n
179 2832 398 2913 VIlHInstit.
440 2833 575 2867 eccles.
618 2833 766 2867 XXVI.
800 2853 839 2857 -—
869 2833 882 2854 '³
909 2831 1056 2865 Bened.
1098 2830 1204 2864 XIV.
1247 2830 1382 2864 Institi.
1422 2831 1557 2864 eccles.
1591 2830 1736 2870 XXVI,
