1971 3261
184 152 252 186 loo
573 150 659 184 LIB.
694 150 768 185 ΠΙ.

174 268 229 303 tiri
259 268 379 314 nequit
405 267 628 312 ordinarius,
660 268 726 302 nisi
754 279 848 309 cum,
875 279 954 321 pru-

173 316 266 351 denti
295 315 403 361 ipsius
431 315 568 356 iudicio
600 320 737 361 propter
769 316 952 360 penuriam

172 362 388 398 sacerdotum
416 362 470 397 die
506 362 590 397 festo
615 362 657 397 de
688 367 869 408 praecepto
898 373 952 397 no-

175 409 290 445 tabilis
317 409 471 444 fidelium
493 420 593 454 pars
586 408 710 444 Missae
724 409 862 444 adstare
881 420 950 443 non

173 457 300 503 possit3
330 467 396 491 nou
425 460 476 492 est
493 460 610 491 autem
637 456 672 490 in
692 456 765 491 eius
787 461 951 501 potestate

173 504 287 549 plures
314 514 418 555 quam
445 503 531 538 duas
558 502 680 538 Missas
706 503 818 538 eidem
838 513 948 538 sacer-

171 551 239 586 doti
271 551 480 603 permittere.

218 597 300 632 CAN.
329 596 407 631 807.
440 617 456 622 -
489 596 655 632 Sacerdos
689 596 753 631 sibi
790 596 950 631 conscius

173 644 298 689 pcccati
328 643 495 684 mortalis,
525 643 751 688 quantumvis
769 653 804 678 se
822 644 948 678 contri-

170 695 243 725 tum
269 691 454 734 existimet,
495 690 571 725 sine
611 690 800 735 praemissa
834 701 949 725 sacra-

170 737 310 773 mentali
339 737 556 772 confessione
595 737 736 772 Missam
775 737 949 773 celebrare

170 796 214 820 ne
239 785 387 819 audeat:
430 784 520 830 quod
559 783 600 824 si,
641 784 824 820 deficiente
849 784 949 830 copia

169 831 368 866 confessarii
395 835 427 867 et
463 835 607 876 urgente
641 831 858 874 necessitate
886 831 946 867 eli·

168 878 235 913 cito
263 883 380 913 tamen
409 878 577 924 perfectae
603 878 825 913 contritionis
851 883 944 921 actu,

167 925 403 966 celebraurit,
433 925 694 998 quamprimum
726 925 946 961 confiteatur

216 971 300 1007 CAN.
330 970 409 1007 808.
493 971 667 1008 Sacerdoti
703 973 876 1008 celebrare
903 983 947 1008 ne

168 1019 277 1061 liceat,
312 1019 378 1054 nisi
419 1019 549 1055 ieiunio
588 1020 738 1055 naturali
777 1031 798 1055 a
832 1020 946 1055 media

170 1071 266 1102 nocte
292 1071 436 1102 servato.

213 1113 296 1149 cm.
335 1112 415 1149 809.
444 1134 465 1140 -
501 1114 676 1159 integrum
715 1119 765 1149 est
803 1113 944 1149 Missam

165 1161 340 1206 applicare
368 1172 427 1207 pro
453 1161 634 1207 quibusvis
660 1167 734 1196 tum
755 1161 851 1202 vivis,
870 1166 944 1196 tum

166 1208 270 1243 otiam
286 1208 459 1244 defunctis
479 1208 676 1261 purgatorio
697 1209 777 1253 igne
791 1209 945 1244 admissa

166 1254 396 1342 oxgiantib-{ls
412 1255 506 1291 salvo
523 1256 732 1302 praescripto
748 1267 825 1291 can.
840 1254 944 1298 2262,

167 1306 186 1343 ἓ
278 1313 300 1336 n

213 1348 296 1384 CAN.
319 1347 399 1384 810.
476 1348 642 1385 Sacerdos
670 1360 712 1385 ne
738 1350 874 1385 omittat
900 1349 943 1384 ad

166 1395 388 1432 Eucharistici
427 1371 594 1432 Sacrificii
631 1397 843 1432 oblationem
870 1408 944 1433 sese

801 171 809 176 -
837 151 947 186 PARS
973 151 1003 185 I.

1033 171 1045 177 ·
1072 152 1129 186 De
1159 151 1425 187 Sam-amentis

1030 268 1095 314 piis
1124 269 1282 314 precibus
1308 268 1505 314 disponere,
1533 280 1641 314 eoque
1659 269 1806 315 expleto,

1027 316 1158 360 gratias
1187 315 1252 351 Deo
1279 326 1339 362 pro
1365 320 1462 351 tanto
1494 316 1659 352 beneficio
1693 327 1806 361 agere.

1100 361 1184 398 CAN.
1215 361 1295 399 811.
1369 367 1388 405 ἕ
1418 363 1447 398 1.
1466 362 1645 407 Sacerdos,
1667 362 1808 398 Missam

1024 409 1272 451 celebraturus,
1293 409 1425 445 deferat
1442 414 1571 445 vestem
1598 410 1808 446 convenien-

1025 460 1093 491 tem
1120 467 1209 502 quae
1225 437 1272 491 ad
1297 456 1383 492 talos
1403 457 1579 509 pertingat
1596 462 1629 493 et
1643 468 1741 493 sacra
1755 468 1807 493 or-

1024 507 1192 538 namenta
1209 514 1229 538 a
1246 503 1396 538 rubricis
1410 515 1462 539 sui
1480 504 1565 539 ritus
1582 505 1803 551 praescripta.

1070 554 1089 592 ἓ
1120 550 1152 585 ⁶2.
1182 550 1364 586 Abstineat
1401 555 1518 586 autem
1556 562 1576 586 a
1617 551 1740 597 pileolo
1774 556 1807 587 et

1021 597 1167 638 annulo,
1201 597 1268 631 nisi
1304 597 1349 632 sit
1383 596 1418 633 S.
1457 598 1495 632 R.
1526 598 1561 633 E
1592 597 1803 643 Cardinalis,

1023 643 1211 696 Episcopus
1255 644 1305 680 vel
1339 644 1456 680 Abbas
1492 645 1707 687 benedictus,
1744 651 1805 681 aut

1022 702 1088 725 nisi
1124 691 1351 743 apostolicum
1391 692 1566 728 indultum
1603 692 1805 728 eorumdem

1022 749 1123 772 usum
1153 749 1186 772 in
1215 738 1319 773 Missa
1345 739 1554 774 celebranda
1590 739 1701 775 eidem
1731 751 1804 786 per-

1024 784 1151 868 ωῐὲιίιξ.
1170 830 1284 867 812.-
1301 831 1391 867 Nulli
1412 833 1578 868 sacerdoti
1599 832 1802 876 celebranti,

1022 884 1155 924 praeter
1175 879 1358 926 Episcopos
1375 879 1531 925 aliosque
1551 880 1720 925 praelatos
1737 892 1803 916 usu

1020 926 1272 972 pontificalium
1311 927 1475 967 fruentes,
1515 927 1607 971 licet,
1644 927 1716 963 sola
1743 927 1803 964 ho-

1019 973 1113 1008 noris
1150 978 1211 1008 aut
1249 955 1493 1009 sollemnitatis
1529 985 1647 1016 causa,
1673 974 1802 1011 habere

1020 1020 1260 1077 presbyterum
1287 1021 1521 1056 assistentem.

1065 1067 1150 1103 CAN.
1180 1066 1260 1102 813.
1293 1067 1416 1110 -ξῙ,
1453 1067 1618 1104 Sacerdos
1657 1068 1800 1104 Missam

1019 1125 1062 1150 ne
1099 1115 1248 1150 celebret
1285 1115 1360 1150 sine
1401 1115 1561 1151 ministro
1600 1116 1658 1162 qui
1686 1116 1799 1152 eidem

1019 1162 1184 1197 inserviat
1210 1167 1243 1197 et
1268 1162 1490 1206 respondeat.

1065 1213 1083 1251 ξ
1111 1209 1144 1243 2.
1173 1209 1334 1245 Minister
1372 1209 1497 1245 Missae
1536 1209 1730 1246 inserviens
1756 1221 1800 1246 ne

1016 1256 1061 1290 sit
1089 1256 1226 1298 mulier,
1257 1256 1337 1298 nisi,
1371 1256 1554 1292 deficiente
1589 1257 1673 1298 viro,
1709 1257 1799 1293 iusta

1016 1303 1058 1338 de
1084 1314 1199 1346 causa,
1225 1314 1334 1349 eaque
1369 1303 1443 1349 lege
1460 1308 1498 1339 ut
1527 1304 1651 1340 mulier
1669 1315 1708 1340 ex
1729 1304 1800 1340 lon-

1014 1350 1147 1396 ginquo
1184 1351 1390 1396 respondeat
1425 1362 1489 1387 nec
1522 1351 1591 1386 ullo
1627 1356 1725 1398 pacto
1756 1351 1800 1387 ad

1015 1397 1124 1433 altare
1149 1398 1303 1433 accedat.

509 1524 552 1528 —
578 1503 690 1549 quoad
711 1514 765 1549 po·
802 1522 844 1527 „-
872 1501 1026 1537 habitam
1621 1503 1703 1539 Can.
1733 1502 1800 1540 802

530 1555 688 1587 testatem
744 1570 786 1576 -

797 1600 846 1679 ¹—d
878 1607 1045 1632 exercen-
1081 1617 1130 1643 4—
1157 1607 1235 1632 cum
1254 1597 1335 1633 aliis
1353 1598 1590 1633 sacerdotibus
1658 1612 1672 1630 »
1729 1596 1795 1633 803

850 1655 906 1679 am
1090 1712 1129 1716 —
1157 1691 1192 1726 in
1219 1692 1364 1727 ecclesia
1396 1692 1449 1727 cui
1481 1697 1591 1728 extra-

1108 1750 1194 1774 neus
1219 1744 1270 1774 est
1618 1753 1621 1756 ’
1659 1754 1672 1771 »
1727 1738 1794 1775 804

664 1880 670 1885 ⁵
796 1853 844 1884 ¹—
872 1816 906 1867 iii
935 1844 1030 1868 anno
1657 1848 1671 1867 »
1726 1832 1793 1870 805

265 1926 337 1960 Art.
366 1926 389 1961 1.
582 1880 710 1926 plumes
811 1949 845 1954 —-
872 1927 908 1961 in
936 1927 991 1962 die
1656 1943 1670 1961 »
1725 1927 1791 1963 806

164 1972 208 2008 De
218 1973 393 2008 sacerdote
404 1973 482 2008 Mis·

185 2030 241 2055 sae
270 2020 478 2056 sacrificium
800 2041 843 2046 -—
869 2021 961 2056 circa
987 2022 1239 2057 conscientiam
1331 2048 1335 2051 .
1655 2037 1670 2055 »
1724 2022 1791 2058 807

183 2067 381 2103 celebrante
443 2089 487 2094 -
1107 2104 1108 2107 ,

802 2137 842 2140 -
869 2115 962 2151 circa
988 2115 1159 2151 ieiunium
1655 2131 1668 2148 »
1723 2115 1790 2152 808

503 2182 545 2187 -
572 2162 684 2207 quoad
712 2162 761 2197 di-

516 2209 778 2253 spositiones-
799 2231 841 2234 —
867 2210 959 2245 circa
985 2209 1253 2256 applicationem
1282 2210 1376 2245 illius
1652 2225 1667 2243 »
1722 2210 1789 2246 809

797 2324 839 2329 —-
868 2303 934 2350 piis
967 2304 1128 2350 precibus
1651 2319 1665 2338 n
1720 2304 1787 2341 810

799 2420 838 2423 -
865 2399 958 2434 circa
984 2403 1114 2434 vestem
1140 2403 1173 2434 et
1198 2404 1359 2434 ornatum
1649 2414 1664 2433 »
1718 2398 1784 2435 811

501 2510 542 2515 -
568 2491 660 2572 cidrca
685 2502 753 2527 ser·
795 2511 838 2518 —
865 2492 978 2538 quoad
1003 2492 1225 2528 assistentem
1647 2507 1662 2526 »
1717 2492 1784 2529 812

521 2548 587 2572 Nan
616 2549 635 2572 a
793 2606 836 2611 —
863 2586 976 2632 quoad
1003 2586 1252 2622 inservientem
1647 2602 1662 2621 »
1715 2586 1782 2623 813

278 2701 369 2743 101.
405 2705 662 2759 Inscriptio
696 2706 872 2760 capitis
906 2707 922 2750 1
957 2719 1016 2750 ac
1050 2707 1331 2750 distributio
1365 2708 1411 2750 in
1444 2707 1692 2752 articulos.
1726 2731 1783 2737 —

159 2770 291 2828 Caput
327 2771 347 2815 Ι
378 2772 615 2816 inscribitur
651 2776 815 2829 proprie
849 2773 910 2817 De
941 2780 1224 2826 sacrosancto,
1258 2777 1354 2832 quia
1390 2777 1557 2819 victima
1591 2781 1651 2820 est
1675 2776 1742 2819 ille
1768 2777 1779 2798 1

274 2890 283 2911 1
313 2889 434 2929 Petri,
464 2890 514 2929 ΙΙ,
544 2891 587 2922 22
