1971 3261
176 148 272 185 Can.
299 150 455 185 sao-831
554 115 639 184 ''1¹1T.
669 151 740 185 111.
772 171 780 177 -
810 153 865 187 De
892 157 1144 189 sanctissima
1171 156 1425 192 Eucharistia
1740 161 1801 194 161

183 267 306 303 vandis
332 273 365 304 et
399 269 572 304 evitandis
600 269 636 304 10
677 270 909 306 celebratIOne
938 272 1063 308 missae
1092 288 1122 315 n,
1152 278 1184 309 et
1222 275 1451 310 confirmatur
1491 287 1549 322 per
1591 284 1697 323 respS.
1728 279 1737 299 1
1765 279 1808 313 ad

174 328 333 374 quaesita
352 341 359 364 z
392 344 406 362 «
425 327 566 372 Quanta
582 329 706 365 debeat
725 341 800 366 esse
813 330 1035 378 eleemosyna
1056 332 1239 368 Missarum
1262 334 1507 370 manualium?
1525 336 1561 369 2⁴>
1576 334 1715 379 Quanta
1735 347 1808 372 esse

174 388 299 425 debeat
327 400 386 435 pro
415 389 591 436 perpetuis
619 401 689 425 non
718 390 841 425 taxatis
868 402 887 425 a
916 390 1129 426 fundatore?
1149 392 1182 426 S.
1210 392 1336 438 Congr.
1364 392 1468 429 Conc.
1497 395 1668 440 reposuit:
1691 396 1740 430 Ad
1763 395 1806 431 lm

179 454 211 484 et
238 448 287 483 *21¹³
313 449 449 484 censuit
475 449 724 484 attendendam
752 460 825 485 esse
852 451 1140 485 consuetudinem
1170 452 1231 487 loci
1261 453 1311 488 vel
1341 454 1449 498 legem
1477 454 1695 501 synodalem,
1728 467 1808 501 qua-

174 512 279 543 tenus
304 508 416 551 adsit;
445 508 499 542 sin
528 508 659 551 minus,
701 509 924 544 statuendam
952 521 1026 545 esse
1054 521 1112 555 per
1138 512 1338 558 opiscopum
1365 512 1622 560 eleemosynam
1657 513 1732 549 eius
1757 526 1808 550 ar-

174 566 338 602 bitrio».
370 566 408 602 Et
446 567 558 613 quoad
585 568 761 612 regulares
800 567 905 604 Sacra
944 569 1063 604 eadem
1104 569 1230 614 Congr.
1269 572 1303 605 10
1346 582 1415 607 una
1456 572 1611 608 Romana
1636 573 1650 595 2
1677 573 1806 609 edixit:

176 642 190 656 «τ
221 626 478 673 eleemosynam
509 638 568 672 pro
596 627 751 673 qualibet
779 628 885 663 missa
913 639 973 674 per
1000 629 1175 673 regulares
1202 630 1409 666 celebranda
1438 632 1471 666 in
1507 643 1625 667 eorum
1652 633 1806 668 ecclesiis

169 695 246 720 esse
272 686 459 721 taxandam
486 686 631 722 arbitrio
658 686 837 723 Ordinarii
866 687 961 722 iuxta
988 699 1117 722 morem
1146 689 1295 732 regionis
1324 703 1353 723 n.
1823 679 1826 682 ¹

290 744 459 780 'laxatum
488 746 703 792 stipendium
732 751 842 793 potest
868 747 1027 782 sacerdos
1065 747 1210 792 exigere,
1237 760 1275 782 01·
1304 749 1369 783 0151
1397 750 1510 794 detur,
1549 749 1672 786 Missae
1697 751 1806 797 appli-

170 803 341 840 cationem
371 805 435 840 hac
461 805 573 840 solum
600 806 642 841 de
680 816 784 841 causa
811 817 982 841 recusare.
1025 805 1090 841 Sed
1119 806 1196 841 talis
1235 808 1365 842 exactio
1408 820 1475 844 non
1517 809 1558 843 sit
1586 810 1672 851 (solo
1698 811 1802 845 etiam

168 864 305 907 animo)
333 869 512 910 tamquam
540 864 582 901 de
609 865 729 911 pretio,
757 865 820 901 hoc
846 865 941 901 enim
969 869 1057 901 esset
1083 865 1245 900 simonia.
1277 867 1442 902 Sacerdos
1470 868 1590 914 nequit
1619 869 1806 916 eleemosy-

174 934 256 959 nam
282 924 442 971 synodali
470 930 549 960 taxa
575 925 740 960 maiorem
769 925 916 970 exigere,
938 925 996 960 sed
1015 929 1138 971 sponte
1155 924 1306 960 oblatam
1334 932 1512 972 acceptare
1540 928 1658 974 utique
1678 933 1800 975 potest,

173 989 264 1035 quod
292 986 455 1022 ultimum
482 986 571 1021 sicut
608 985 713 1021 etiam
744 985 956 1031 praedictam
995 989 1227 1031 spontaneam
1262 985 1471 1021 oblationem
1512 987 1677 1022 laicorum
1714 1002 1728 1020 «
1757 989 1801 1023 ab

173 1048 338 1094 Episcopo
366 1045 538 1093 prohiberi
567 1056 637 1080 non
666 1055 793 1091 posse»
824 1044 977 1091 reposuit
1003 1043 1038 1080 S.
1060 1043 1098 1079 (J.
1120 1042 1158 1079 C.
1180 1044 1206 1078 3.
1230 1065 1271 1069 —
1296 1044 1317 1079 E
1333 1050 1452 1080 contra
1473 1057 1551 1082 vero
1580 1047 1613 1080 10
1634 1057 1664 1083 0.
1688 1046 1723 1083 S.
1745 1046 1801 1084 Se·

170 1107 277 1144 verini
297 1109 308 1129 ⁴¹
339 1106 534 1153 postulante
560 1104 729 1151 Episcopo
759 1119 774 1136 «
791 1115 885 1140 ...an
913 1104 987 1150 ipse
1005 1108 1155 1139 statuere
1175 1104 1280 1149 possit
1306 1104 1562 1151 eleemosynam
1598 1106 1797 1142 manualem

175 1166 278 1202 unius
307 1165 434 1208 integri
463 1164 538 1200 iulii
567 1161 679 1208 (054)
709 1174 768 1210 pro
794 1163 948 1209 qualibet
975 1163 1092 1204 missa,
1120 1163 1332 1208 imponendo
1360 1174 1504 1209 poenam
1541 1165 1799 1200 celebrantibus

169 1236 229 1271 pro
257 1224 384 1260 minori
414 1224 608 1269 quantitate
628 1235 667 1263 »;
697 1222 734 1259 S.
763 1222 800 1258 C.
827 1222 865 1258 C.
895 1222 1091 1269 respondit:
1123 1235 1138 1255 α
1157 1222 1371 1258 Affirmative
1397 1223 1508 1268 quoad
1536 1223 1794 1270 eleemosynam

172 1283 372 1319 manualem
405 1298 432 1317 u.
474 1283 586 1317 Posita
625 1282 824 1318 huiusmodi
857 1281 1014 1328 Episcopi
1043 1281 1286 1328 prohibitione,
1327 1293 1386 1328 pro
1425 1283 1548 1317 minori
1576 1283 1798 1327 eleemosyna

168 1342 290 1388 nequit
317 1342 483 1377 Sacerdos
521 1342 665 1377 missam
692 1341 884 1387 applicare;
924 1346 1036 1387 posset
1064 1352 1142 1376 vero
1167 1341 1284 1386 gratis,
1312 1353 1390 1376 cum
1421 1342 1483 1377 hoc
1519 1342 1650 1377 nullius
1676 1343 1796 1377 damni

168 1402 360 1448 periculum
386 1402 466 1437 aliis
492 1401 728 1437 sacerdotibus
756 1401 975 1447 praeseferat,
1018 1411 1081 1437 nec
1106 1401 1166 1436 tali
1207 1401 1439 1447 prohibitione
1465 1401 1792 1447 comprehendatur.

165 1461 199 1496 Si
230 1472 309 1497 vero
338 1461 490 1507 praefata
517 1460 704 1506 prohibitio
730 1471 801 1495 000
828 1461 962 1501 existat,
989 1471 1009 1495 a
1034 1459 1193 1508 synodali
1222 1464 1300 1495 taxa
1325 1460 1471 1495 deficere
1499 1461 1531 1494 10
1570 1461 1793 1506 suscipienda

164 1520 387 1567 eleemosyna
413 1524 503 1555 recte
531 1519 603 1555 fieri
633 1524 753 1565 potest.
779 1519 815 1554 10
845 1519 908 1554 1]οο
936 1530 1014 1555 vero
1051 1531 1133 1554 casu
1160 1520 1333 1554 servanda
1360 1519 1538 1565 responsio
1564 1518 1598 1555 S.
1626 1519 1664 1554 C.
1694 1518 1732 1556 C.
1757 1530 1795 1554 ex

167 1579 297 1615 Urbani
327 1578 388 1613 PP.
423 1577 490 1613 Vlll
518 1578 743 1614 auctoritate:
789 1594 802 1610 α
833 1577 885 1614 lll.
912 1579 980 1620 An,
1009 1589 1088 1614 cum
1116 1576 1324 1614 Ordinarius
1354 1578 1611 1625 praescripserit
1645 1578 1791 1614 eleemo-

159 1649 287 1686 synam
314 1648 505 1683 congruam
534 1637 628 1673 iuxta
653 1637 855 1683 qualitatem
885 1637 962 1678 loci,
993 1648 1219 1683 personarum
1246 1649 1285 1673 ac
1313 1643 1506 1684 temporum
1529 1652 1561 1678 »,
1591 1640 1688 1682 (nam
1709 1637 1791 1672 istae

159 1702 244 1733 sunt
270 1697 554 1733 circumstantiae
572 1698 608 1732 in
627 1701 727 1733 taxae
745 1697 1037 1733 determinatione
1057 1698 1315 1743 ponderandae)
1338 1714 1351 1727 «
1371 1698 1564 1733 sacerdotes
1581 1697 1792 1743 accipientes

156 1757 373 1804 stipendium
399 1757 516 1792 minus
542 1768 707 1802 congruo,
734 1761 920 1792 teneantur
946 1756 1069 1792 Missas
1096 1756 1164 1791 illis
1189 1757 1233 1792 ab
1260 1758 1424 1793 011010010
1457 1757 1686 1803 praescriptas
1704 1756 1789 1792 cele-

160 1817 286 1853 brare?
313 1838 358 1842 -
385 1816 436 1851 Ad
465 1815 504 1851 lll
533 1816 641 1852 teneri
677 1834 702 1850 ι.

277 1913 364 1958 Ηο0
403 1930 424 1954 «
448 1916 510 1956 ius
537 1918 653 1956 vetus
676 1926 724 1956 ex
751 1915 912 1969 integro
938 1913 1123 1955 referunt
1145 1928 1165 1954 »
1209 1913 1290 1956 duo
1324 1925 1502 1956 canones
1534 1917 1755 1969 sequentes
1780 1929 1786 1952 :

163 1984 262 2028 Fan.
285 1986 386 2028 831.
427 1982 652 2027 Ordinarii
683 1983 765 2026 loci
797 1983 906 2040 (can.
948 1983 1040 2038 198,
1065 1987 1088 2037 ἓ
1113 1983 1155 2040 Ξ)
1180 1989 1241 2026 est
1278 1982 1514 2026 nzanualem
1560 1981 1792 2026 silit-sarain„

154 2056 305 2113 stipem
339 2060 476 2099 notam
512 2069 563 2098 ex
597 2067 686 2099 can.
723 2055 821 2109 826,
844 2055 872 2112 ξ
900 2055 935 2108 l,
970 2054 1011 2096 in
1045 2068 1123 2097 sua
1146 2053 1340 2108 dioecesi,
1378 2052 1583 2096 «abbatia
1619 2065 1785 2110 quoque

161 2126 222 2170 vel
260 2126 495 2170 Praelatura
531 2125 684 2168 nullius
707 2141 728 2165 »
755 2133 862 2181 1000.
898 2124 996 2178 ⁶215,
1028 2127 1053 2178 ἓ
1087 2124 1143 2182 ⁶2),
1178 2129 1302 2182 atque
1340 2140 1361 2165 ((
1389 2122 1535 2167 Vicarii
1561 2128 1632 2167 aut
1668 2123 1785 2165 Prae-

156 2199 250 2241 fecti
285 2197 509 2254 Apostolici
547 2199 584 2240 in
619 2210 693 2240 suo
728 2198 934 2240 territorio
968 2211 988 2236 »
1027 2195 1134 2253 (can.
1171 2196 1269 2249 ⁶294,
1308 2195 1336 2253 ξ
1363 2195 1398 2250 1>
1437 2194 1612 2251 definire
1649 2194 1785 2251 quoad

153 2271 270 2326 stipis
302 2270 589 2326 quantitatem,
638 2269 772 2311 forsan
808 2268 1017 2310 diversam
1071 2280 1142 2323 pro
1176 2269 1344 2310 civitate
1378 2279 1426 2309 ac
1471 2280 1542 2322 pro
1577 2264 1784 2308 ruralibus

154 2339 376 2396 parochiis,
412 2353 483 2395 pro
518 2341 652 2383 missis
686 2339 801 2383 lectis
839 2338 900 2381 vet
927 2340 1114 2392 cantatis,
1144 2351 1224 2395 pei·
1247 2337 1461 2380 decretum
1485 2350 1556 2379 seu
1596 2348 1782 2378 normam

152 2410 391 2467 generalem
427 2409 731 2466 obligatoriam,
752 2415 954 2467 quamnim
973 2408 1230 2466 fieripolest,
1256 2414 1379 2466 atque
1402 2410 1460 2451 sic
1486 2408 1784 2464 praescriptum

146 2489 209 2525 est
242 2481 466 2538 Episcopo:
502 2481 545 2524 in
579 2480 828 2524 dioecesana
868 2479 1034 2537 Synodo
1067 2479 1201 2522 tatum
1234 2480 1381 2523 eodem
1409 2479 1530 2521 inodo
1569 2490 1615 2521 00
1649 2482 1783 2520 cetera

147 2552 315 2595 decreta
349 2552 564 2609 synodalia
600 2553 790 2594 feruntur
812 2550 862 2593 ad
889 2562 1076 2593 normam
1101 2562 1191 2593 000.
1228 2549 1428 2598 360-362,
1450 2554 1489 2592 et
1513 2548 1608 2591 inde
1633 2560 1779 2590 nomen

152 2638 173 2664 ((
197 2628 316 2666 taxae
339 2622 553 2680 synodalis
576 2638 614 2663 2).
643 2622 945 2677 Praescriptum
970 2620 1279 2665 celebrantibus
1304 2622 1542 2676 impositum
1567 2620 1780 2675 sequitur:

145 2708 219 2736 vnec
249 2693 460 2737 sacerdoti
493 2693 591 2736 lic-ec
624 2707 673 2736 ea
707 2695 927 2736 constituta
953 2706 1025 2749 pro
1051 2694 1185 2735 missis
1214 2691 1368 2735 ibidem
1402 2690 1549 2733 oblatis
1580 2689 1776 2731 maiorem

141 2764 324 2822 01319010,
345 2764 440 2808 hinc
467 2769 604 2807 taxam
623 2763 865 2820 synodalem
887 2762 981 2806 licet
999 2765 1183 2819 exigere,
1205 2762 1327 2804 modo
1354 2766 1488 2804 tamen
1508 2772 1631 2815 supra
1650 2758 1772 2801 (licto.

260 2917 270 2938 ¹
297 2918 336 2951 15
361 2917 461 2951 Nov.
494 2917 593 2951 1698.
619 2936 661 2940 —
679 2916 692 2938 ²
722 2917 764 2950 15
790 2916 873 2950 Ian.
903 2916 1005 2950 1639.
1029 2936 1070 2940 -—-
1090 2914 1264 2948 316100.
1288 2913 1387 2947 1649.
1407 2933 1448 2936 —
1468 2912 1480 2933 4
1506 2912 1543 2944 to*
1566 2910 1636 2944 [ul.
1663 2909 1766 2943 1639.

231 2995 327 3023 BLAT
350 3011 369 3016 -
395 2996 520 3024 Comm.
552 2995 635 3023 Teme.
663 2994 737 3022 Ood.
765 2994 837 3022 Ῐιιν.
868 2994 949 3022 (ἀνι.
1658 2989 1692 3015 ll
