1971 3261
215 126 313 163 Can.
341 126 409 161 sol
602 125 688 160 ΤιΤ.
716 124 789 159 ΙΙΙ.
817 144 829 150 ·
856 124 913 159 De
937 126 1190 159 sanctissima
1217 124 1472 158 Eucharistia
1809 122 1852 156 97

216 247 351 302 gratia
388 244 457 288 Dei
497 246 579 287 vita
616 248 798 297 aeterna,
839 245 877 286 in
903 246 1104 300 quantum
1130 241 1207 286 hoc
1230 245 1537 285 sacramentum
1563 246 1624 284 est
1649 241 1854 297 praetigu-

217 319 399 360 rativum
434 316 639 358 truitiouis
672 313 761 368 Dei,
794 325 900 370 quae
933 315 1011 356 erit
1046 314 1083 355 in
1121 315 1265 368 patria,
1301 311 1553 368 praebetque
1588 313 1707 354 novis
1745 313 1852 354 riam

217 387 316 431 illuc
351 386 637 443 perveniendi,
673 385 735 428 vel
771 386 866 442 quia
904 383 1069 426 realiter
1102 385 1284 426 continet
1318 382 1542 436 Christum,
1577 384 1646 439 qui
1681 387 1739 426 est
1775 381 1855 438 ple-

216 471 295 501 nus
328 460 522 513 gratia».
558 457 616 500 lta
653 455 698 499 D.
731 455 805 499 Th.
831 455 857 498 1.

335 527 474 573 Codex
520 530 558 571 in
606 526 878 584 praeambulo
912 539 1071 570 canone
1105 525 1289 583 generali
1325 525 1448 568 liuius
1482 525 1586 568 tituli
1625 524 1744 568 valde
1780 526 1853 567 mi-

215 598 402 643 rabiliter
436 601 473 641 in
498 600 726 642 summario
759 597 881 642 (locet
915 597 1169 654 peculiarem
1207 596 1328 640 huius
1361 598 1610 639 sacramenti
1647 600 1852 649 naturam,

213 672 312 727 quia
347 669 445 713 illud
481 669 616 712 solum
650 681 729 712 non
763 670 910 712 transit
943 668 1041 711 dum
1079 669 1306 724 perticitur,
1341 667 1411 710 sed
1449 669 1485 709 in
1523 680 1565 709 re
1595 667 1852 722 permanenti

212 742 413 785 consistit.
449 739 681 797 eademque
714 752 765 782 ex
810 744 957 782 natura
994 741 1187 795 provenit
1222 742 1435 794 respectus
1468 737 1652 780 eiusdem
1689 735 1853 793 triplex,

214 811 266 855 de
298 824 380 869 quo
430 810 581 867 triplici
632 814 821 867 respectu
871 815 966 853 sunt
1015 812 1200 867 quinque
1249 809 1475 865 dogmatici
1516 821 1696 851 canones
1728 807 1853 852 Conc.

212 881 323 926 Trid.
361 884 398 925 in
434 895 593 926 canone
640 880 805 926 Codicis
851 881 997 924 saltem
1043 895 1092 924 ex
1130 885 1246 938 parte
1295 880 1531 924 coadunati.
1587 877 1850 923 Videlicet2:

215 952 360 998 «Can.
400 954 433 997 l.
469 954 507 997 Si
553 955 645 1011 quis
689 955 920 1009 negaverit,
956 953 1001 995 iii
1035 951 1332 995 sanctissimae
1381 949 1668 993 eucharistiae
1714 963 1853 993 sacra-

213 1029 349 1067 mento
383 1024 592 1068 contineri
628 1037 726 1067 vere
751 1023 917 1067 realiter
940 1028 979 1067 et
1002 1022 1330 1066 substantialiter
1365 1035 1516 1078 corpus
1544 1026 1583 1065 et
1606 1023 1850 1078 sanguinem

213 1107 294 1139 una
327 1109 420 1139 cum
457 1097 609 1152 anima,
643 1099 683 1138 et
712 1095 931 1138 divinitate
967 1094 1129 1137 Domini
1155 1093 1289 1136 Nostri
1329 1093 1416 1136 lesu
1442 1093 1578 1148 Cristi,
1602 1106 1649 1136 ac
1681 1093 1852 1149 proinde

212 1171 345 1210 lotum
383 1166 610 1216 Christum,
644 1165 863 1210 anathema
897 1168 961 1209 sit.
1000 1191 1054 1196 —
1086 1163 1182 1209 Can.
1221 1165 1259 1208 2.
1294 1164 1334 1207 Si
1368 1166 1461 1221 quis
1493 1164 1660 1219 dixerit,
1705 1164 1749 1207 iii
1782 1178 1849 1207 sa-

210 1243 430 1280 crosancto
470 1236 758 1280 eucharistiae
798 1241 1064 1279 sacramento
1100 1248 1316 1278 remanere
1348 1234 1621 1277 substantiam
1659 1237 1776 1291 panis
1813 1240 1851 1278 et

213 1310 310 1362 vini,
347 1322 426 1352 una
460 1322 555 1352 cum
589 1321 762 1364 corpore
795 1312 835 1350 et
868 1310 1071 1364 sanguine
1104 1306 1269 1350 Domini
1306 1308 1431 1349 nostri
1470 1305 1559 1349 lesu
1593 1304 1744 1350 Christi
1781 1320 1849 1350 ne-

209 1381 457 1437 gaveritque
492 1378 722 1423 mirabilem
759 1378 885 1435 illam,
920 1383 959 1422 et
982 1378 1236 1435 singularem
1263 1379 1581 1421 conversionem
1609 1379 1731 1420 totius
1754 1377 1848 1421 sub-

207 1452 383 1494 stantiae
419 1453 535 1507 panis
568 1453 606 1494 in
651 1464 816 1507 corpus,
851 1454 891 1493 et
924 1452 1048 1493 totius
1092 1449 1348 1493 substantiae
1396 1450 1476 1490 vini
1515 1451 1551 1491 iu
1589 1451 1851 1505 sanguinem,

209 1520 473 1564 marcentibus
507 1521 731 1565 dumtaxat
764 1520 977 1577 speciebus
1007 1521 1134 1578 panis
1166 1526 1205 1563 et
1239 1520 1328 1563 viiii
1346 1535 1358 1569 ‚·
1391 1533 1514 1577 (luam
1550 1520 1719 1577 quidem
1753 1533 1849 1563 con-

211 1594 445 1636 versionem
481 1592 685 1636 catholica
719 1591 907 1636 Ecclesia
941 1594 1155 1649 aptissime
1190 1590 1676 1634 transuhstantiationem
1711 1590 1849 1647 appel-

209 1662 276 1713 lat,
311 1662 531 1707 anathema
564 1665 614 1707 sit
641 1678 680 1705 ›>.
716 1663 775 1706 Ac
799 1663 813 1684 ³
853 1661 989 1707 «Can.
1028 1662 1064 1705 1.
1099 1662 1138 1705 Si
1184 1665 1276 1719 quis
1320 1662 1486 1716 dixerit,
1528 1664 1565 1704 in
1613 1663 1735 1705 missa
1770 1674 1848 1704 non

205 1733 355 1791 offer-ri
392 1733 473 1777 Deo
510 1747 671 1788 verum,
705 1738 743 1777 et
780 1736 993 1790 proprium
1028 1734 1327 1777 sacrificium...
1353 1732 1576 1775 anatliema
1602 1734 1665 1775 sit.
1686 1732 1783 1776 Can.
1811 1732 1847 1776 2,

205 1803 247 1847 Si
282 1807 375 1862 quis
407 1805 561 1848 dixerit
595 1804 673 1848 illis
710 1804 876 1848 verbis:
914 1804 1000 1848 Hoc
1025 1806 1145 1848 tacite
1170 1806 1207 1846 in
1236 1816 1368 1847 meam
1391 1805 1849 1858 commemorationem,

205 1873 416 1919 Christum
450 1889 530 1919 non
565 1878 791 1919 instituisse
824 1875 1031 1932 apostolos
1064 1875 1317 1930 sacerdotes,
1351 1880 1422 1918 aut
1447 1888 1527 1917 non
1552 1874 1781 1929 ordinasse,
1805 1878 1847 1918 nt

206 1947 300 2002 Ipsi,
333 1946 486 2004 aliique
518 1947 757 1991 sacerdotes
788 1946 989 2005 offerrent
1022 1960 1174 2004 corpas
1207 1951 1246 1988 et
1278 1946 1530 2003 sanquinem
1572 1959 1707 1997 suain,
1750 1958 1846 1989 ana-

207 2016 345 2061 thema
379 2020 492 2061 sit».
525 2017 572 2061 Et
598 2018 613 2040 4
652 2033 673 2059 ((
697 2017 793 2062 Can.
834 2016 932 2063 Vlll.
967 2017 1006 2061 Si
1042 2020 1135 2075 quis
1169 2018 1337 2072 dixerit,
1374 2015 1595 2060 Christum
1629 2016 1670 2059 iii
1695 2015 1846 2059 eucha-

142 2108 147 2112 ·
204 2088 335 2132 ristia
368 2088 613 2146 eoeliibiticm,
646 2089 918 2146 spiritualiter
951 2094 1109 2133 tantum
1136 2087 1403 2143 manducari,
1438 2093 1477 2131 ct
1512 2101 1589 2131 uon
1625 2090 1748 2131 etiam
1784 2102 1846 2131 sa—

203 2159 527 2203 cramentaliter
559 2174 608 2203 ac
639 2160 832 2215 realiter,
867 2160 1088 2204 anathema
1123 2161 1236 2203 sit».

325 2230 384 2274 En
419 2233 545 2288 igitur
577 2233 864 2275 sanctissimae
907 2231 1164 2275 Eucaristiae
1209 2233 1417 2274 notionem
1456 2233 1493 2273 in
1531 2245 1622 2273 caii.
1662 2232 1764 2274 801.
1800 2229 1844 2273 lii

204 2301 479 2345 sanctissima
523 2301 801 2357 eucharistia,
848 2307 970 2359 prout
1003 2304 1089 2352 ‚fert
1133 2304 1347 2358 inscriptio
1384 2301 1487 2345 tituli
1522 2301 1743 2358 explicata,
1775 2301 1848 2344 sab

204 2372 420 2430 speciebus
450 2373 575 2431 panis
610 2379 649 2416 et
680 2373 769 2417 virzi
801 2373 988 2418 scilicet:
1022 2373 1099 2417 sub
1133 2373 1279 2416 horum
1324 2372 1612 2416 accidentibus
1652 2386 1847 2416 sensuum

208 2445 444 2487 testimonio
479 2443 716 2501 patentibus
748 2445 923 2502 ipsemet
961 2443 1154 2488 Christus
1191 2443 1393 2487 Dominus
1426 2446 1496 2501 qui
1536 2459 1555 2484 «
1582 2457 1676 2487 cum
1714 2443 1843 2487 homi-

208 2513 330 2558 nihus
363 2520 637 2559 conversatus
679 2520 740 2559 est
764 2531 783 2557 »
832 2521 871 2559 et
906 2529 1015 2559 nunc
1055 2516 1213 2558 «sedet
1246 2528 1268 2559 a
1301 2515 1460 2559 dextris
1495 2515 1567 2559 Dei
1596 2531 1613 2555 s)
1643 2514 1671 2569 ⁵,
1707 2519 1746 2558 et
1782 2529 1845 2557 ve-

206 2587 291 2628 niet
328 2601 350 2626 α
373 2599 466 2630 cum
506 2588 657 2630 virtute
693 2587 820 2630 multa
854 2592 893 2630 et
928 2589 1182 2630 maiestate»
1210 2587 1243 2641 ⁶,
1277 2586 1531 2637 continetur,
1568 2589 1618 2629 ita
1656 2590 1698 2629 ut
1722 2585 1735 2607 ⁷
1766 2587 1844 2629 «Si

200 2657 297 2712 quis
329 2656 496 2708 dixerit,
532 2661 696 2713 peracta
730 2659 1056 2711 consecratione,
1103 2659 1141 2700 in
1176 2657 1413 2700 admirabili
1461 2657 1737 2700 eucharistiae
1779 2669 1841 2700 sa-

322 2788 333 2808 1
360 2786 402 2820 3²
429 2787 471 2820 P.
499 2799 532 2831 q.
551 2787 725 2821 LXXIII
745 2800 780 2822 a.
800 2788 822 2822 4
842 2799 943 2833 corp.
975 2809 1020 2812 —
1046 2789 1059 2810 2
1086 2788 1131 2822 In
1151 2800 1245 2822 sess.
1268 2788 1379 2821 XIII.
1442 2809 1453 2812 -
1483 2788 1496 2809 3
1524 2788 1567 2821 In
1593 2799 1687 2821 sess.
1712 2787 1836 2821 XXII.

205 2853 248 2858 —
273 2835 287 2877 {²
313 2833 359 2867 In
378 2845 473 2868 sess.
502 2834 611 2868 XIII.
654 2855 696 2860 ——
735 2836 748 2858 5
782 2835 919 2878 Marci,
960 2835 1067 2879 XVI,
1113 2836 1165 2869 19.
1212 2857 1241 2860 —
1291 2837 1304 2857 ὓ
1332 2835 1474 2869 Matth.
1513 2835 1659 2878 XXIV,
1700 2834 1758 2868 30.
1797 2854 1839 2860 —

199 2881 216 2902 7
244 2880 345 2914 Siss.
375 2881 487 2919 XIII,
517 2882 611 2916 Can.
641 2882 708 2917 IV.

286 2958 383 2987 BLAT
408 2975 425 2980 -
452 2959 575 2987 Oomm.
605 2960 690 2988 Text.
718 2960 796 2989 Cod.
821 2960 893 2988 Iar.
920 2960 1001 2989 Can.
1737 2959 1752 2987 7
