1971 3261
139 160 233 196 (lan.
260 160 330 195 858
529 160 612 195 ΤῙΤ.
638 159 709 194 III.
734 180 747 185 —
772 160 829 195 De
855 164 1107 196 sanctissima
1136 163 1387 197 Eucharistia
1700 166 1764 197 191

134 281 270 324 statim
306 278 590 334 explicantlis;
625 277 805 322 scilicet:
851 281 970 321 «nisi
1024 283 1166 324 mortis
1215 286 1359 338 urgeat
1407 282 1652 338 periculum,
1696 288 1767 326 aut

134 351 357 394 necessitas
391 348 645 405 impediendi
682 350 996 392 irreverentiam
1034 353 1070 393 in
1105 357 1411 395 sacramentum
1437 369 1476 405 »,
1500 355 1766 409 quatenus‘in

136 423 195 465 eis
226 419 342 464 adest
374 419 713 462 communicandi
748 425 1015 476 praeceptum
1052 422 1256 465 divinum.

234 501 311 537 176.
343 504 402 536 De
424 502 616 535 naturali
645 503 809 536 ieiunio
837 506 940 536 ante
959 513 992 537 s.
1014 508 1378 540 communionem.
1403 526 1438 530 -
1462 505 1656 541 Concilium
1678 506 1767 541 Con-

137 561 330 598 stantiense
349 562 360 582 ¹
390 560 422 594 in
453 560 517 595 hac
546 569 580 594 re
607 559 840 606 approbatum
868 571 887 595 a
914 560 1064 596 Martino
1093 561 1116 594 t*
1158 575 1216 609 per
1255 563 1388 599 Bullam
1429 564 1500 599 «ln
1540 565 1728 600 eminentis
1748 579 1764 596 ι)

143 623 212 668 (an.
246 618 348 662 1418)
381 619 582 660 «declarat,
609 618 765 654 decernit
790 623 823 654 et
848 619 984 660 definit,
1013 621 1102 666 quod
1132 622 1207 657 licet
1235 622 1393 658 Christus
1421 629 1493 669 post
1532 635 1672 659 coenam
1715 623 1767 658 in-

138 679 288 715 stituerit
315 683 348 714 et
374 678 448 714 suis
475 677 658 724 discipulis
684 678 1030 714 administraverit...
1062 680 1122 715 boc
1147 681 1342 717 venerabile
1361 688 1631 723 sacramentnm,
1649 687 1766 718 tamen

137 739 201 774 boc
226 749 297 774 non
325 737 485 774 obstante
511 747 689 772 sacrorum
717 747 894 772 canonum
920 739 1107 774 auctoritas
1135 739 1318 775 laudabilis
1343 746 1374 776 et
1401 742 1591 787 approbata
1624 752 1768 777 consue·

135 797 218 833 tudo
244 796 416 833 Ecclesiae
443 795 593 831 servavit
619 800 651 831 et
678 800 803 838 servat,
830 796 920 842 quod
941 797 1139 833 huiusmodi
1161 805 1416 835 sacramentum
1439 811 1506 836 non
1522 801 1621 836 debet
1640 799 1765 835 confici

137 861 212 903 post
239 867 398 897 coenam,
428 866 544 902 neque
569 866 589 890 a
616 855 777 891 fidelibus
805 855 910 902 recipi
939 868 1007 892 non
1039 857 1173 898 ieiunis,
1203 858 1268 892 nisi
1298 859 1332 893 in
1360 870 1441 894 casu
1469 860 1683 895 infirmitatis
1708 864 1767 895 aut

133 914 277 951 alterius
319 913 540 950 necessitatis
579 924 601 948 a
644 913 719 949 iure
762 913 814 949 vel
851 913 1002 950 Ecclesia
1028 926 1190 951 concesso
1218 917 1267 952 vel
1296 917 1500 952 admisso».
1530 937 1573 943 -—
1601 917 1671 953 lmo
1699 917 1763 952 Rit.

136 974 230 1010 Rom.
250 975 264 997 2
291 973 394 1009 babet
417 985 424 1007 ε
459 987 472 1005 α
495 972 627 1009 Ceteris
653 977 771 1008 autem
800 973 951 1008 infirmis
971 976 1055 1017 (non
1077 974 1169 1010 brevi
1192 976 1398 1017 morituris),
1416 977 1471 1022 qui
1492 977 1534 1011 ob
1549 976 1765 1012 dexotionem

135 1034 171 1069 in
198 1032 419 1079 aegritudine
444 1031 723 1073 communicant,
751 1032 869 1067 danda
887 1037 939 1068 est
953 1032 1170 1069 Eucliaristia
1187 1040 1267 1069 ante
1286 1046 1425 1069 omnem
1446 1035 1561 1070 cibum
1581 1041 1611 1070 et
1633 1040 1764 1081 potum,

136 1104 205 1129 non
232 1093 333 1128 aliter
358 1103 397 1128 ac
424 1091 548 1127 ceteris
575 1090 751 1132 fidelibus,
780 1091 908 1137 quibus
934 1103 997 1127 nec
1033 1092 1137 1127 etiam
1174 1104 1233 1139 per
1271 1094 1411 1129 modum
1457 1095 1648 1130 medicinae
1686 1100 1769 1130 ante

134 1152 266 1199 aliquid
294 1162 432 1187 sumere
459 1151 539 1186 licet
559 1164 590 1186 ».
617 1150 684 1186 Sed
711 1161 750 1186 ex
781 1149 818 1185 D.
849 1150 912 1185 Th.
934 1152 948 1173 3
978 1165 992 1183 «
1013 1163 1092 1186 cum
1119 1152 1246 1190 dicitur
1279 1153 1368 1198 quod
1410 1154 1470 1188 boc
1508 1159 1765 1189 sacramentum

135 1211 231 1259 prius
257 1222 363 1258 quam
391 1210 450 1246 alii
479 1210 547 1246 cibi
575 1209 676 1246 debet
703 1210 739 1244 in
767 1221 804 1245 os
831 1209 1023 1246 Christiani
1053 1211 1193 1253 intrare,
1220 1223 1290 1246 non
1324 1217 1374 1247 est
1410 1213 1673 1257 intelligendum
1707 1213 1767 1248 ab·

135 1271 244 1307 solute
270 1275 431 1317 respectu
458 1269 564 1306 totius
590 1270 772 1316 temporis,
800 1269 956 1315 alioquin
985 1270 1043 1316 qui
1071 1271 1177 1307 semel
1195 1271 1398 1307 comedisset
1419 1272 1468 1307 iel
1490 1272 1643 1307 bibisset.
1666 1284 1766 1307 num—

135 1341 242 1377 quam
272 1334 385 1377 posset
413 1334 531 1376 postea
557 1329 621 1365 hoc
647 1334 907 1365 sacramentum
934 1330 1111 1375 accipere;
1141 1330 1197 1366 sed
1225 1335 1273 1365 est
1302 1331 1567 1375 intelligendum
1595 1337 1765 1377 quantum

134 1389 176 1425 ad
206 1389 368 1425 eumdem
396 1389 515 1431 diem;
544 1392 579 1424 et
604 1388 683 1424 licet
709 1388 922 1435 principium
951 1388 1018 1424 diei
1047 1389 1238 1424 secundum
1266 1389 1419 1425 diversos
1445 1390 1673 1425 diversimode
1711 1402 1768 1425 su-

134 1453 253 1483 matur
280 1451 377 1484 (nam
405 1447 550 1494 quidam
576 1458 597 1483 a
623 1447 782 1491 meridie,
812 1447 954 1493 quidam
981 1448 1026 1482 ab
1068 1458 1200 1488 occasu,
1241 1448 1383 1494 quidam
1419 1460 1436 1484 a
1466 1449 1579 1484 media
1613 1450 1723 1491 nocte)
1750 1463 1764 1481 »

135 1511 236 1552 prout
262 1505 392 1541 nostris
416 1505 574 1541 moribus
599 1510 653 1542 est
677 1516 876 1547 commuue,
920 1520 934 1537 «
953 1506 1109 1552 (quidam
1144 1506 1187 1541 ab
1227 1512 1303 1542 ortu
1342 1507 1423 1542 solis
1456 1507 1546 1542 diem
1565 1508 1764 1553 incipiunt),

136 1564 289 1601 Ecclesia
316 1570 433 1601 tamen
465 1564 621 1600 Romana
648 1564 740 1601 diem
767 1576 787 1601 a
813 1565 928 1600 media
955 1570 1055 1600 nocte
1082 1565 1218 1612 incipit.
1248 1565 1286 1601 Et
1314 1566 1389 1601 ideo
1430 1566 1456 1600 si
1502 1572 1573 1611 post
1618 1567 1766 1602 mediam

133 1629 272 1660 noctem
301 1624 430 1670 aliquis
456 1625 647 1671 sumpserit
673 1625 806 1671 aliquid
835 1635 895 1671 per
923 1625 1063 1660 modum
1092 1625 1158 1660 cibi
1188 1625 1239 1661 vel
1268 1631 1378 1671 potus,
1410 1637 1478 1661 non
1510 1631 1615 1671 potest
1643 1626 1765 1661 eadem

133 1684 188 1720 die
215 1684 279 1720 hoc
305 1695 443 1720 sumere
469 1689 755 1726 sacramentum;
786 1689 895 1731 potest
923 1695 1014 1728 vero,
1044 1684 1069 1719 si
1099 1690 1179 1720 ante
1208 1685 1358 1720 mediam
1388 1690 1535 1720 noctem.
1566 1684 1630 1720 Nec
1662 1686 1767 1720 refert

133 1748 250 1778 utrum
279 1747 355 1788 post
380 1742 497 1778 cibum
539 1743 591 1778 vel
630 1748 750 1790 potum
785 1748 1005 1790 assumptum
1045 1744 1235 1785 dormierit,
1274 1748 1333 1778 aut
1371 1744 1475 1779 etiam
1515 1744 1668 1787 digestus
1708 1743 1764 1786 sit,

134 1806 305 1847 quantum
333 1801 374 1836 ad
390 1801 562 1836 rationem
582 1801 756 1848 praecepti
776 1813 783 1842 ;
805 1802 909 1837 refert
926 1807 1041 1837 autem
1063 1806 1232 1847 quantum
1253 1802 1295 1836 ad
1315 1801 1606 1847 perturbationem
1629 1802 1767 1842 mentis,

134 1871 241 1905 quam
269 1859 450 1906 patiuntur
478 1859 639 1895 homines
670 1865 808 1906 propter
834 1860 1116 1896 insomnietatem
1147 1860 1197 1895 vel
1226 1859 1513 1904 indigestionem:
1535 1870 1572 1894 ex
1593 1860 1719 1906 quibus
1737 1860 1764 1894 si

135 1929 234 1955 mens
261 1919 410 1955 multum
439 1919 671 1966 perturbetur,
703 1920 808 1955 bomo
847 1920 1004 1955 redditur
1044 1919 1182 1965 ineptus
1219 1920 1261 1954 ad
1301 1920 1534 1966 sumptionem
1575 1919 1677 1954 huius
1714 1930 1767 1954 sa-

133 1978 303 2014 cramenti
324 1996 354 2013 11.

251 2048 460 2095 Omnibus
507 2051 647 2095 relatis
688 2053 882 2108 congruit
917 2064 964 2094 ac
998 2064 1042 2094 ea
1079 2050 1368 2106 complectitur
1401 2064 1491 2094 run.
1526 2052 1633 2093 8:38.
1669 2052 1692 2098 ,ξ’
1726 2053 1763 2093 ’1.

137 2119 220 2174 Qm·
252 2135 278 2164 a
311 2121 449 2165 media
482 2128 600 2166 noete
633 2125 670 2166 in
720 2136 800 2180 qua
851 2122 1111 2179 supputanda
1167 2126 1341 2177 «potest
1389 2124 1481 2179 quis
1529 2123 1642 2178 sequi
1689 2121 1765 2164 loci

132 2197 296 2248 tempus
328 2197 398 2236 aut
431 2192 562 2236 locale
595 2195 685 2237 sive
722 2207 866 2237 verum
901 2195 990 2236 sive
1024 2192 1222 2243 mettium,
1256 2197 1323 2235 aut
1359 2191 1490 2249 legale
1514 2194 1604 2234 sive
1630 2194 1761 2247 regio-

133 2263 224 2307 nale
257 2267 346 2308 sive
378 2264 488 2309 aliud
523 2266 904 2310 extraordinarium
930 2280 950 2305 n
975 2264 1082 2322 (can.
1110 2264 1162 2306 33
1188 2266 1211 2317 g
1237 2263 1296 2319 l),
1323 2263 1523 2306 ieiunium
1554 2262 1764 2316 naturale,

133 2335 240 2393 quod
276 2338 335 2379 sic
369 2338 457 2380 iure
494 2342 667 2380 vocatur
700 2337 760 2394 (ut
793 2337 1033 2379 distinctum
1068 2348 1087 2377 a
1125 2337 1277 2378 ieiunio
1311 2334 1555 2391 simpliciter
1588 2335 1697 2377 dicto
1723 2336 1759 2376 in

132 2408 191 2448 tit.
226 2405 338 2463 xiv)
372 2407 553 2452 scilicet:
589 2408 879 2452 abstinentiam
917 2405 1025 2449 illam
1063 2405 1142 2448 cibi
1179 2412 1218 2448 et
1253 2411 1370 2462 potus
1404 2408 1524 2449 etiam
1564 2419 1634 2461 per
1680 2418 1763 2447 mo-

131 2475 229 2520 dum
266 2478 497 2522 medicinae
530 2478 779 2535 completam
815 2491 892 2520 non
918 2476 1161 2526 servae-erit,
1186 2488 1232 2519 ac
1258 2477 1454 2518 ieiunium
1487 2491 1506 2515 ‹<
1531 2475 1715 2518 naturale
1741 2491 1759 2515 ))

132 2549 298 2604 proprie
330 2548 497 2603 dicitur,
530 2563 578 2592 eo
612 2548 720 2606 quod
756 2561 776 2591 a
812 2551 959 2591 natura
995 2549 1185 2603 provenit
1220 2546 1318 2589 (lum
1341 2546 1473 2589 media
1501 2560 1579 2588 nox
1607 2548 1763 2589 transit.

131 2618 274 2675 nequit
308 2618 364 2662 ad
396 2619 707 2662 sanctissimam
742 2617 1060 2662 Eucharistiam
1097 2616 1284 2671 fulmini,
1302 2619 1333 2660 si
1369 2617 1419 2660 de
1440 2616 1514 2659 bm-
1541 2621 1761 2669 constaret,

130 2700 177 2732 ac
212 2688 412 2745 implicite
438 2690 681 2746 prohibetur
707 2692 743 2731 in
769 2690 1020 2732 conscientia
1047 2689 1176 2743 ipsam
1205 2690 1403 2743 recipere.
1430 2686 1530 2730 Nam
1562 2703 1578 2725 <i
1605 2686 1762 2743 aliquid

131 2759 303 2815 impedit
349 2763 625 2817 sumptionem
662 2759 783 2802 buius
816 2760 1063 2802 sacramenti
1099 2757 1348 2813 dupliciter:
1388 2771 1467 2800 uno
1489 2758 1765 2799 modosecun-

248 2866 258 2886 1
289 2864 389 2899 Sese.
418 2865 532 2906 XIII,
562 2866 606 2899 15
632 2864 720 2898 Iun.
752 2864 853 2897 1415.
884 2884 924 2888 —
953 2863 966 2884 2
994 2862 1071 2895 Tit.
1096 2862 1160 2902 IV,
1184 2862 1224 2897 C.
1246 2862 1297 2895 IV
1318 2861 1402 2895 sub.
1422 2873 1460 2894 n.
1481 2863 1515 2894 4.
1546 2881 1588 2885 —
1615 2862 1628 2904 ἦ)
1654 2862 1693 2890 3³1³
1724 2860 1762 2894 P.

127 2923 162 2956 q.
193 2911 346 2946 LXXX
371 2924 404 2946 a.
433 2913 456 2946 8
482 2912 529 2946 ad
556 2913 588 2945 5.
