1971 3261
126 116 219 153 Gan.
250 117 339 152 1017
633 116 717 149 T1T.
749 116 836 151 VII.
865 137 877 142 -
907 117 960 151 De
988 118 1248 152 Matrim0m·0
1686 120 1754 154 497

248 237 403 280 Pariter
435 235 564 278 altera
600 236 730 278 ηιιιη.ἰ
763 236 847 280 cit.¹
881 250 928 280 ex
969 236 1083 281 l)ec.⁰
1120 250 1212 294 pars
1246 237 1297 281 de
1333 238 1461 281 verbo
1494 239 1543 281 ad
1583 238 1753 282 verbum

126 320 221 351 cum
256 306 393 363 aliqua
435 305 671 362 explicante
714 307 927 350 additione
971 307 1261 351 transcribitur
1296 310 1333 350 in
1366 308 1395 365 g
1427 310 1465 352 2.
1502 309 1547 351 Se·
1582 314 1759 366 ult-aque

129 377 191 420 rel
233 377 445 420 alter-ulra
487 391 607 435 pars,
641 389 746 434 quae
793 391 959 421 necesse
1002 383 1060 422 est
1095 392 1145 422 ex
1179 378 1207 437 g
1242 377 1285 421 10
1320 383 1362 422 ut
1394 378 1627 423 subscribat
1668 394 1756 436 pro-

130 450 381 496 missionem,
418 448 659 506 ibidemque
692 448 918 501 declarata,
943 449 1124 492 seribere
1156 449 1331 499 neseiat,
1355 463 1426 493 seu
1451 450 1559 507 quod
1588 453 1624 492 in
1651 450 1757 494 idem

129 519 289 574 recidit,
323 519 392 562 sed
428 521 465 561 in
504 517 620 562 Dec.⁰
654 521 868 571 omissum,
905 519 964 562 cel
998 525 1176 577 nequeat
1212 533 1248 560 v,
1283 534 1346 576 gr.
1374 519 1426 563 ob
1460 532 1657 564 manuum
1697 521 1757 563 vel

132 592 244 634 visus
266 592 548 643 amissionem,
571 588 627 632 acl
652 588 914 633 validitatem.
938 590 1179 634 alterutrius
1213 593 1497 647 promissionis
1522 594 1634 634 iuxta
1659 591 1695 645 §¹
1721 592 1757 633 1ἰ

130 663 446 717 praescriptum,
490 660 531 717 a)
575 659 619 703 id
662 660 845 705 scilicet:
897 663 1078 717 praefata
1130 664 1355 705 nescientia
1408 661 1468 705 vel
1521 664 1758 718 impotentia

130 734 344 790 utriusque
384 731 447 775 vet
481 731 789 775 alteriusutrius
824 732 865 774 in
901 732 993 790 ipsa
1027 732 1256 789 scriptura,
1279 745 1386 790 quae
1411 734 1538 776 forma
1572 733 1760 776 substan-

129 802 237 846 tialis
269 808 328 846 est
364 804 648 858 promissionis
681 803 830 856 dictae,
851 802 1079 846 adnotetur
1113 802 1154 860 b)
1187 809 1224 846 e!
1259 803 1372 846 alius
1407 803 1524 846 teslis
1558 803 1757 851 addatur,

127 886 377 931 semperque
410 874 561 917 sufficit
606 886 712 916 unus
745 873 831 931 qui,
865 878 906 917 ut
940 886 1063 930 supra
1108 874 1360 930 explicatum
1404 879 1477 926 est,
1521 874 1758 931 singillatim

127 944 169 1000 c)
203 958 293 987 cum
315 943 500 1002 parocho
533 949 607 987 auc
641 943 722 987 loci
759 943 992 987 (adimit-io
1024 944 1087 987 ‘vel
1119 944 1278 987 duobus
1311 945 1497 996 testibus,
1531 944 1581 988 de
1615 944 1762 1002 quibus

129 1015 171 1058 in
206 1017 231 1068 g
260 1019 280 1058 1
316 1017 371 1058 uli
411 1017 656 1058 necessariis
693 1020 831 1058 actum
857 1020 930 1071 est7
970 1015 1014 1072 d)
1040 1015 1297 1073 scripturam
1321 1015 1546 1073 subsiynet,
1570 1019 1675 1060 sicut
1699 1029 1762 1059 eo·

130 1099 221 1129 rum
258 1089 541 1144 unusquisque
574 1087 710 1129 facere
742 1085 879 1129 debet.

249 1157 310 1200 Ad
346 1157 449 1199 duos
484 1156 623 1200 reduci
661 1161 849 1213 poterant
883 1159 920 1199 in
957 1159 1045 1200 iure
1080 1157 1344 1213 praecedenti
1379 1158 1550 1201 effectus
1593 1170 1762 1214 sponsa-

131 1228 246 1279 lium,
280 1240 450 1284 nempe:
488 1227 831 1284 impedimentum
870 1227 1059 1284 publicae
1094 1227 1319 1271 honestatis
1343 1228 1498 1285 dequo
1534 1231 1686 1272 mentio
1721 1230 1763 1271 tit

132 1301 170 1342 in
202 1297 503 1352 Decretalibus‚
528 1311 565 1342 v.
585 1311 645 1354 gr.
666 1300 704 1340 in
739 1311 830 1354 cap.
851 1300 873 1341 6
899 1298 950 1342 de
973 1298 1292 1355 desponsatione
1327 1299 1590 1356 impuberum
1616 1300 1673 1356 (Ξ),
1694 1298 1764 1356 lv)

128 1375 168 1413 et
203 1372 241 1412 in
274 1382 365 1426 cap.
391 1382 457 1414 un.
494 1371 531 1411 in
570 1368 613 1411 6⁰
650 1369 709 1425 (i,
735 1367 803 1426 lV)
828 1373 868 1412 et
901 1371 939 1412 in
963 1368 1086 1414 Conc.
1112 1368 1222 1412 Trid.
1250 1371 1280 1425 ¹,
1304 1383 1413 1414 nunc
1446 1370 1498 1414 ob
1521 1373 1609 1414 eius
1642 1373 1763 1414 omis-

127 1443 285 1485 sionem
323 1443 359 1483 in
385 1439 548 1485 Codicis
581 1440 842 1497 abrogatum,
866 1453 914 1484 ac
939 1445 1080 1484 mutua
1105 1441 1304 1498 obligatio
1327 1441 1598 1486 contrahendi
1631 1445 1766 1486 matri-

132 1514 331 1567 monium,
365 1524 446 1569 qua
480 1516 644 1555 tenetur
678 1513 802 1555 etiam
837 1525 886 1555 ex
923 1514 1075 1555 iustitia
1110 1511 1223 1556 solus
1258 1515 1501 1569 promittens
1535 1513 1634 1557 illud
1670 1527 1762 1557 cunt

129 1583 301 1627 alterius
348 1584 646 1639 acceptatione,
678 1584 799 1626 sicuti
843 1582 1219 1639 adimplententum
1270 1582 1434 1627 validae
1484 1586 1767 1640 promissionis

129 1667 238 1711 quae
272 1667 351 1697 non
386 1656 613 1698 cessaverit
646 1658 765 1710 urget
800 1656 1126 1711 promittentem.
1158 1654 1243 1698 Nec
1276 1655 1563 1699 tantummodo
1598 1657 1636 1698 in
1669 1668 1765 1699 con-

131 1727 319 1774 scientia,
342 1737 487 1768 verum
523 1727 645 1768 etiam
673 1727 711 1767 in
736 1725 822 1768 soro
848 1724 1059 1769 Ecclesiae
1083 1730 1256 1769 externo
1281 1728 1488 1782 proposita
1513 1727 1586 1770 fuit
1621 1739 1763 1770 norma

133 1799 246 1840 iuxta
280 1809 405 1854 quam
441 1796 566 1840 iudex
603 1798 871 1852 pronuntiare
905 1795 1051 1840 debuit
1075 1795 1113 1840 ²:
1154 1812 1174 1838 <c
1197 1796 1388 1841 Universi
1428 1797 1646 1842 dixerunt:
1685 1797 1764 1841 Pax

128 1873 337 1922 servetur,
373 1873 490 1924 pacta
523 1867 857 1911 custodiantur»
896 1872 935 1911 et
969 1870 1007 1910 in
1041 1881 1076 1912 c.
1112 1868 1135 1911 3
1176 1868 1409 1912 «Studiose
1451 1869 1658 1925 agendum
1693 1875 1767 1922 est,

133 1943 177 1982 ut
209 1952 272 1993 ea,
305 1951 411 1995 quae
447 1940 758 1995 promittuntur,
791 1952 917 1996 opere
950 1938 1302 1995 compleantur».

252 2009 310 2054 De
342 2009 606 2066 sponsalibus
648 2014 785 2053 autem
831 2009 913 2053 duo
946 2014 1041 2054 sunt
1074 2012 1209 2067 capita
1243 2010 1334 2053 Tit.¹
1373 2026 1393 2051 <‹
1420 2009 1476 2054 De
1508 2010 1769 2068 sponsalibus

130 2086 171 2125 et
206 2083 517 2125 matrimonio»
548 2080 606 2138 (1,
642 2079 712 2138 lv)
747 2083 785 2123 in
820 2094 997 2139 quorum
1036 2080 1108 2123 100
1143 2081 1356 2138 respondit
1390 2081 1526 2126 lnnoc.
1564 2082 1636 2126 lll:
1662 2098 1683 2124 «
1706 2095 1768 2126 ec-

130 2152 362 2196 clesiastica
396 2164 573 2196 censura
607 2151 848 2208 compellas,
884 2157 925 2196 ut
959 2155 1090 2209 ipsam
1115 2152 1210 2210 (nisi
1246 2153 1458 2197 rationalis
1489 2166 1613 2198 causa
1647 2153 1769 2198 obsti·

133 2223 246 2282 terit)
271 2226 308 2267 in
344 2236 518 2267 uxorem
544 2223 685 2281 (prout
719 2223 891 2280 iuravit)
917 2225 1104 2280 recipiat,
1128 2228 1165 2267 et
1201 2224 1406 2268 materiali
1439 2225 1658 2269 affectione
1681 2238 1768 2282 per·

133 2299 342 2349 tractet»,
381 2307 525 2338 verum
573 2296 611 2338 in
656 2294 787 2338 altero
824 2295 896 2337 170
931 2294 1081 2338 Lucius
1115 2294 1166 2337 ΙΙΙ
1200 2297 1279 2339 ait:
1320 2296 1473 2353 «quod
1509 2309 1603 2340 cum
1638 2295 1766 2340 libera

131 2365 311 2410 debeant
334 2379 423 2410 esse
448 2367 725 2421 matrimonia,
753 2366 958 2410 monenda
983 2371 1043 2410 est
1068 2369 1217 2423 potius,
1240 2379 1364 2424 quam
1390 2368 1575 2424 cogenda
1599 2367 1769 2424 (mulier

130 2437 183 2480 ad
217 2437 473 2494 sponsalium
507 2436 804 2494 obligationem
830 2437 1176 2495 adimplendam),
1200 2451 1295 2481 cum
1319 2441 1555 2483 coactiones
1578 2439 1769 2483 difficiles

130 2506 289 2550 soleant
331 2510 466 2551 exitus
510 2508 751 2566 frequenter
797 2507 949 2551 babere
974 2524 1013 2552 2).
1049 2507 1136 2552 Hac
1180 2508 1355 2552 multum
1402 2509 1669 2566 ponderanda
1704 2523 1767 2554 ra·

132 2580 242 2621 tione
276 2578 468 2622 inductus
491 2579 674 2622 fortassis
698 2578 909 2635 legislator
931 2577 1095 2624 Codicis
1120 2582 1392 2624 mutationem
1416 2583 1518 2624 iuris
1543 2580 1764 2625 notabilem

134 2648 265 2691 edixit
288 2650 326 2692 in
349 2649 377 2707 ξ
401 2648 438 2692 3.
463 2650 516 2692 At
549 2663 601 2692 επ
634 2650 898 2694 matrimonii
917 2650 1213 2708 promissione,
1234 2650 1429 2708 (innuens
1452 2655 1571 2695 antea
1595 2651 1769 2707 dictam)

136 2722 272 2764 «sive
296 2720 552 2764 unilateralis
586 2720 693 2778 (illa)
728 2723 852 2765 fuerit
884 2724 974 2765 sive
1010 2721 1235 2765 bilateralis
1257 2737 1299 2774 »,
1332 2721 1429 2765 licet
1461 2722 1502 2779 a)
1537 2721 1680 2765 valida
1713 2721 1769 2764 sit

254 2827 264 2848 ¹
293 2825 384 2872 Cap.
414 2827 448 2867 3,
477 2838 572 2862 sess.
602 2827 752 2872 XXIV,
781 2827 837 2862 De
865 2827 932 2864 ref.
959 2827 1215 2862 matrimonii.
1257 2849 1300 2853 —
1338 2828 1352 2851 2
1388 2830 1445 2864 De
1472 2829 1598 2874 pactis
1625 2840 1705 2873 cap.
1739 2830 1767 2865 1,

135 2874 201 2908 tit.
229 2873 288 2917 35,
319 2873 405 2908 Lib.
438 2878 485 2914 1.⁴

219 2952 315 2982 BLAT
340 2968 357 2974 -
383 2952 507 2981 Comm.
537 2952 622 2981 Text.
651 2953 729 2982 Cori.
756 2952 828 2981 lar.
855 2952 936 2981 Can.
1648 2952 1686 2981 32
