1971 3261
113 185 206 222 Gan.
234 185 325 220 1001
689 184 771 219 ΤιΤ.
803 184 868 219 VI.
898 205 910 212 -
938 186 995 220 De
1025 186 1171 220 Ordine
1552 217 1555 220 ⁴
1677 188 1746 221 463

113 304 341 348 ritualibus
374 304 606 357 exercitiis,
640 317 803 360 nempe,
855 305 1188 357 meditationum,
1237 306 1470 347 orationum
1526 305 1745 359 voi-atium,

112 375 300 419 lectionis
331 377 492 431 spiritui
546 375 754 431 proticuae
803 388 896 418 cum
931 374 1022 418 atiis
1056 374 1322 432 quotidianis,
1351 388 1432 432 per
1467 381 1550 417 tres
1596 375 1745 417 saltem

113 446 298 503 inteyros
331 444 420 488 dies
456 457 575 505 mane
608 457 655 488 ao
694 458 878 501 vespere,
914 448 1009 502 quia
1050 445 1180 488 «dies
1214 450 1375 488 constat
1418 446 1465 487 24
1505 446 1615 489 horis
1649 460 1745 489 con-

114 519 226 560 tinuo
258 516 532 572 supputandis
563 528 584 559 a
620 516 754 559 media
791 521 908 559 nocte
932 532 953 556 ))
982 516 1091 573 (can.
1119 517 1186 568 32,
1219 516 1246 573 ς’
1282 515 1337 572 t),
1376 516 1416 573 b)
1453 517 1525 573 qui
1560 530 1652 560 effero
1691 517 1747 560 ast

111 585 281 631 ordines
313 600 457 629 saeros
489 586 687 643 singulos,
726 591 766 629 ut
801 591 911 642 patet
945 600 994 629 ex
1019 589 1086 630 cit.
1107 599 1265 630 canone
1289 599 1336 630 ac
1370 590 1410 641 ᾗ,
1441 586 1605 640 saltem,
1640 590 1747 630 sicut

110 663 228 701 antea
264 658 338 700 t'uit
370 670 631 713 expressum,
667 657 774 700 unde
811 660 942 700 maior
965 658 1126 700 dierum
1155 671 1353 701 munerus
1377 658 1574 714 peculiari
1602 671 1744 701 norma

111 730 221 784 exigi
239 733 373 784 posset
393 727 442 771 ad
463 726 626 771 Codicis
648 732 844 781 mentem,
877 742 954 785 per
987 742 1061 770 sex
1096 728 1281 784 inteqros
1300 727 1389 771 dies
1415 728 1749 784 interpretandos

112 804 153 842 ut
185 812 308 855 supra
342 803 502 851 micent,
539 798 662 841 vetuti
698 798 749 842 ab
782 798 873 841 aliis
907 801 1118 842 exercitiis
1137 799 1326 852 alienati,
1355 801 1435 841 imo
1461 801 1746 855 interpretatio

110 869 160 913 de
193 869 410 913 ordinibus
443 869 708 912 distributive
740 872 916 925 sumptis
949 870 1043 913 data
1078 884 1127 912 ex
1172 873 1361 927 sequenti
1396 870 1435 928 §¹
1487 875 1600 926 parte
1649 884 1744 913 con-

109 941 299 983 firmatur
330 944 564 983 statuente:
609 944 645 990 c)
678 939 751 982 sed
783 940 821 982 si
853 940 937 997 qui,
975 940 1090 983 intra
1124 946 1323 983 semestre
1358 946 1477 997 prout
1518 943 1605 984 inre
1656 942 1743 984 tieri

110 1015 240 1067 potest
277 1013 313 1052 vi
348 1023 437 1054 ean.
474 1011 571 1066 978,
605 1010 633 1068 ἓ
668 1011 706 1064 2,
741 1015 779 1053 et
813 1023 834 1053 a
869 1012 1027 1053 fortiori
1078 1024 1127 1054 ex
1178 1011 1487 1067 dispensatione
1538 1010 1744 1067 Episcopi,

107 1081 280 1126 Sedisve
313 1081 590 1138 Apostolicae,
624 1080 680 1123 ad
709 1080 855 1138 plures
888 1080 1059 1124 ordines
1092 1081 1288 1136 maiores,
1322 1095 1400 1124 non
1433 1098 1451 1121 (ι
1473 1095 1552 1124 uno
1577 1082 1744 1125 eodem-

107 1165 187 1210 que
220 1153 300 1201 die,
335 1152 552 1208 reprobata
587 1154 737 1210 quavis
769 1155 976 1195 contraria
1011 1152 1314 1196 consuetudine
1337 1168 1357 1193 »
1396 1152 1505 1209 (can.
1532 1153 1616 1196 978
1639 1153 1666 1211 g
1688 1153 1746 1210 3),

105 1223 378 1281 promovendi
409 1223 506 1279 sint,
547 1221 808 1266 Ordi'iiarius
841 1223 890 1266 ad
928 1236 1114 1266 normam
1151 1236 1242 1267 can.
1282 1224 1471 1277 198,{1
1513 1224 1745 1280 intettigen-

107 1295 184 1338 dus
212 1299 351 1352 potest
383 1293 682 1337 exercitiorum
719 1299 878 1352 tempus
913 1296 1212 1350 praescriptum
1251 1294 1372 1350 panto
1405 1299 1539 1349 antea,
1584 1294 1738 1338 sotum-

108 1365 229 1408 modo
263 1378 309 1409 ac
346 1365 447 1409 bene
483 1365 707 1408 notandum
744 1365 785 1422 a)
815 1378 894 1422 pro
928 1364 1201 1408 ordinatione
1229 1365 1285 1408 ad
1308 1364 1577 1408 diaconalem
1615 1365 1657 1423 b)
1679 1379 1742 1408 re-

106 1435 258 1479 ducere
290 1436 340 1479 ad
377 1441 472 1486 tres,
506 1441 685 1493 quatuor
723 1435 785 1479 vet
820 1438 1017 1493 quinque,
1053 1436 1094 1493 c)
1129 1450 1209 1479 non
1244 1442 1381 1478 tomen
1417 1436 1535 1492 infra
1566 1442 1650 1479 tres
1683 1436 1747 1479 iiz-

107 1512 244 1564 teqros
276 1506 366 1549 dies
400 1509 481 1549 iam
515 1506 750 1550 declaratos
782 1519 905 1564 supra
941 1507 991 1550 de
1027 1507 1323 1563 promovendis
1366 1507 1414 1550 ad
1459 1508 1626 1550 ordines
1669 1510 1743 1550 mi-

107 1590 242 1622 nores

227 1648 310 1691 imo
344 1648 450 1692 hanc
484 1650 781 1692 exercitiorum
809 1647 940 1704 legem
969 1649 1101 1691 munit
1122 1647 1150 1706 ξ
1175 1648 1211 1691 2.
1237 1649 1292 1702 Si,
1312 1647 1491 1706 eoepletis
1515 1648 1746 1703 erereitiis,

108 1732 277 1776 nempe:
313 1733 385 1776 pro
420 1721 535 1775 praxi
570 1732 591 1762 a
633 1719 766 1762 media
819 1723 938 1762 nocte
990 1718 1119 1761 ultimi
1156 1719 1237 1762 diei
1288 1722 1584 1763 exercitiorum
1623 1722 1745 1763 etiam

107 1803 185 1832 non
223 1792 386 1846 integri,
407 1790 504 1833 dum
541 1789 608 1833 itta
633 1794 849 1840 cessarunt
875 1802 1006 1844 mane,
1035 1789 1381 1845 praecedentibus
1405 1789 1551 1833 diebus
1578 1793 1749 1846 integris

105 1862 383 1916 praescriptis,
418 1859 458 1916 a)
493 1873 618 1902 saera
651 1859 868 1902 ordinatio
903 1859 1113 1916 quaelibet
1146 1860 1195 1903 ad
1234 1873 1421 1903 normam
1457 1873 1546 1903 can.
1593 1860 1676 1903 950
1701 1873 1750 1904 ac

109 1946 128 1971 ((
154 1932 239 1987 ipsa
266 1933 396 1986 prima
432 1935 599 1974 tonsura
625 1946 644 1971 ›>
685 1930 727 1987 b)
764 1929 949 1987 quotibet
968 1929 1018 1972 de
1039 1944 1182 1984 causa,
1208 1920 1283 1974 etsi
1309 1930 1428 1987 plene
1455 1931 1749 1985 inxotuntaria,

108 2015 144 2044 v.
179 2016 241 2058 gr.
276 2004 417 2058 gravis
462 2002 726 2054 infirmitatis,
776 2003 1048 2057 oppositionis
1100 2001 1275 2044 atiornm
1323 2003 1511 2054 iniustae,
1558 2000 1598 2058 c)
1634 2001 1750 2044 ultra

105 2078 303 2116 semestre
334 2072 646 2128 supputandum
695 2073 744 2115 ad
792 2085 978 2114 normam
1018 2085 1108 2115 can.
1145 2072 1214 2124 34,
1249 2074 1273 2125 ἓ
1307 2076 1344 2121 3,
1386 2072 1439 2125 1⁰,
1475 2072 1517 2115 20
1552 2086 1571 2116 a
1613 2072 1748 2115 media

106 2149 225 2188 nocte
257 2143 497 2200 supradicta
531 2142 771 2201 disseratur,
792 2143 1000 2185 exercitia
1040 2159 1062 2184 «
1085 2143 1316 2199 spirituatia
1343 2159 1364 2184 »
1403 2143 1626 2199 iterentur,
1651 2157 1750 2200 ergo

106 2215 155 2258 ad
193 2227 379 2258 normam
415 2217 439 2268 g
474 2214 524 2267 1⁵3
559 2227 677 2256 series
711 2213 890 2257 scilicet:
914 2216 947 2256 si
982 2214 1032 2257 ad
1059 2223 1262 2257 semestre
1300 2214 1362 2258 vet
1390 2215 1490 2257 infra
1528 2214 1625 2258 iilud
1654 2219 1753 2258 tem-

108 2299 183 2343 pus
215 2285 446 2339 differatur,
480 2284 637 2328 iudicet
677 2281 940 2328 Ordinarius
986 2284 1225 2328 declaratus
1259 2287 1296 2328 in
1331 2286 1376 2343 ξ’
1412 2284 1455 2328 1⁰
1490 2291 1628 2328 atram
1676 2286 1749 2328 ite-

106 2356 243 2399 randa
262 2356 362 2410 sint,
383 2369 522 2410 neone,
556 2359 674 2399 cuius
712 2356 911 2399 iudicium
949 2369 1021 2412 pro
1061 2355 1151 2412 tege
1185 2355 1423 2399 habendum
1460 2361 1519 2399 est
1544 2356 1666 2400 huius
1689 2369 1752 2400 ca-

112 2430 230 2470 nonis
267 2430 318 2469 vi.

223 2498 316 2542 Loci
352 2501 712 2542 circumstantiam
747 2501 806 2542 sic
832 2498 1078 2555 praescribit
1100 2499 1128 2556 g
1150 2499 1187 2541 3.
1214 2497 1329 2541 Haec
1357 2498 1608 2556 spiritualia
1634 2511 1752 2540 erer-

105 2569 208 2612 citia
241 2583 312 2626 per
345 2570 448 2613 duos
484 2570 784 2626 praecedentes
817 2570 908 2628 ,ἕξω
944 2570 1154 2613 moderata
1190 2568 1231 2626 a)
1267 2568 1462 2626 reliqiosi
1499 2586 1520 2610 «
1545 2571 1612 2626 qui
1653 2574 1745 2611 vota

106 2645 401 2697 nuncuparunt
434 2643 471 2683 in
509 2641 709 2697 reiigione
733 2657 753 2682 ›)
792 2654 1059 2698 quacumque
1093 2642 1197 2694 (cim.
1235 2640 1335 2695 488,
1369 2640 1433 2697 7⁰)
1466 2645 1678 2698 peraqant
1703 2640 1743 2681 in

100 2711 281 2768 propria
313 2710 433 2754 doato
471 2727 493 2752 «
516 2713 565 2755 ad
592 2714 710 2755 cuius
734 2712 931 2755 tamitiam
958 2714 1134 2768 pertinet
1158 2711 1456 2755 ordinandus»
1494 2719 1600 2767 ἔμω.
1629 2709 1752 2766 965),

103 2782 173 2825 sed
210 2784 463 2838 permittitur
496 2784 556 2826 eis
591 2781 656 2825 itta
694 2795 893 2839 peragere
925 2782 1021 2826 alibi
1060 2795 1131 2838 per
1163 2782 1419 2825 clausulam:
1456 2781 1518 2824 ¹vet
1552 2782 1593 2824 in
1640 2780 1749 2832 alia,

105 2855 179 2896 etsi
216 2866 293 2896 non
343 2855 395 2896 sit
429 2852 530 2896 haec
574 2853 723 2896 domus
770 2853 947 2897 alicuius
982 2853 1210 2909 reiigionis,
1244 2853 1472 2896 dummodo
1509 2855 1574 2908 pia
1610 2853 1748 2904 tuerit,

107 2923 239 2967 sotum
275 2929 412 2968 autem
455 2922 506 2967 de
535 2923 738 2981 prudenti
784 2924 1021 2982 superioris
1055 2923 1252 2979 arbitrio,
1292 2937 1328 2965 v.
1363 2938 1424 2980 gr.
1471 2928 1638 2980 propter
1688 2935 1748 2964 re-
