1971 3261
190 211 257 246 754
638 213 762 240 innnx
788 211 981 240 cAnoNUM
1007 211 1058 238 m·
1084 211 1365 239 COMMENTARII

1615 332 1693 355 CAN.
1729 332 1810 355 er.

190 385 433 421 Sacramenti
458 382 705 419 matrimonii
731 381 906 423 materia,
931 375 1055 415 forma
1080 384 1120 415 et
1144 380 1331 417 ministri.
1431 409 1439 417 .
1486 407 1488 409 -
1542 411 1548 418 .
1743 384 1813 419 487

186 444 363 478 Ministri
390 443 509 476 huius
535 440 773 476 sacramenti
799 443 894 473 sunt
921 439 996 484 ipsi
1024 439 1305 474 contrahentes
1323 467 1330 474 .
1433 467 1439 474 .
1544 467 1550 475 .
1744 442 1814 477 489

189 503 290 546 Quid
318 504 357 537 in
384 514 428 537 eo
454 503 520 544 sit,
549 506 837 537 sacramentum
859 504 1031 545 tantum,
1052 512 1114 536 res
1131 504 1172 535 et
1191 504 1492 542 sacramentum,
1513 511 1556 535 ac

281 562 449 607 denique
474 573 535 595 res
561 566 719 596 tantum
747 560 987 605 significata,
1016 564 1057 594 et
1083 560 1301 605 quotuplex
1327 559 1381 594 sit
1406 557 1502 594 haec
1546 586 1552 593 .
1768 572 1788 594 5>

186 620 431 655 Matrimonii
459 619 558 655 fines
584 623 705 665 atque
734 618 1006 664 proprietates.
1104 646 1111 653 .
1214 646 1220 652 .
1324 646 1330 653 .
1434 645 1441 652 .
1545 644 1551 652 .
1606 618 1696 653 1013
1745 620 1815 653 490

187 679 312 715 Pavor
338 679 447 713 iuris.
551 707 556 713 .
661 706 666 712 .
771 707 776 712 .
881 705 887 712 .
992 705 998 711 .
1102 705 1108 711 .
1213 705 1218 711 .
1323 705 1329 711 .
1432 704 1439 711 .
1543 704 1549 710 .
1607 676 1695 712 1014
1743 678 1813 713 492

188 738 530 773 Matrimoniorum
558 737 838 772 distinctiones
863 748 907 771 ac
933 737 1110 774 diversae
1135 736 1235 770 iuris
1260 736 1558 781 appellationes.
1614 736 1700 771 1015
1749 737 1818 772 493

190 798 273 840 Quo
301 798 383 831 iure
410 798 564 842 regitur
589 796 887 831 matrimonium
994 823 1000 829 .
1104 823 1110 829 .
1214 822 1220 828 .
1324 823 1330 829 .
1434 822 1441 829 .
1543 822 1551 829 .
1607 796 1696 830 1016
1744 796 1814 830 494

188 857 243 890 De
270 856 514 890 matrimonii
541 855 668 890 futuri
694 855 953 900 promissione
978 866 1022 889 ac
1047 854 1093 889 de
1119 853 1369 899 sponsalibus
1434 881 1440 887 .
1543 883 1550 889 .
1605 855 1694 890 1017
1744 855 1814 889 495

189 915 354 950 Parochi
381 915 573 960 obligatio
592 915 637 949 de
656 915 800 960 populo
821 914 924 949 circa
941 913 1014 949 hoc
1032 918 1323 949 sacramentum
1340 913 1555 948 erudiendo
1606 914 1697 948 1018
1745 914 1816 949 498

189 974 432 1009 Distributio
459 974 571 1008 tituli
598 974 639 1008 in
666 974 796 1019 capita
883 1000 890 1007 .
993 1000 1000 1007 .
1105 1001 1111 1007 .
1215 1000 1222 1007 .
1326 1000 1333 1007 .
1437 999 1443 1006 .
1546 1000 1554 1008 .
1747 974 1818 1008 499

259 1104 396 1138 CAPUT
422 1104 450 1137 I.
479 1124 519 1128 —
549 1104 602 1138 lle
628 1102 675 1137 iis
701 1112 800 1146 quae
825 1101 1064 1137 matrimonii
1089 1101 1343 1137 celebrationi
1368 1102 1569 1145 praemitti
1595 1102 1736 1138 debent

447 1165 481 1197 et
506 1161 737 1206 praesertim
764 1161 810 1196 de
836 1160 1164 1205 publicationibus
1189 1160 1557 1197 matrimonialibus.

189 1256 370 1291 Canones
399 1255 598 1289 1019-1034
666 1282 672 1289 .
775 1282 782 1289 .
886 1282 892 1289 .
996 1282 1003 1289 .
1106 1282 1113 1289 .
1217 1282 1223 1289 .
1327 1282 1333 1288 .
1437 1283 1443 1289 .
1547 1283 1554 1290 .
1749 1257 1818 1291 500

189 1314 363 1349 Schema.
393 1314 520 1359 Caput
546 1314 576 1348 Ι.
604 1315 661 1348 De
689 1314 738 1348 iis
772 1325 871 1359 quae
908 1314 1152 1348 matrimonii
1179 1313 1449 1355 celebrationi,
1479 1319 1554 1349 etc.
1749 1316 1814 1350 501

188 1374 400 1418 Inscriptio
426 1374 566 1418 capitis
592 1385 635 1408 ac
661 1373 747 1407 eius
773 1383 969 1407 canonum
996 1372 1239 1408 coordinatio
1328 1400 1334 1407 .
1438 1401 1444 1407 .
1547 1401 1554 1408 .
1749 1374 1819 1409 502

188 1432 433 1466 Authentica
459 1431 669 1466 declaratio
695 1443 786 1476 prae
813 1431 938 1466 oculis
977 1430 1158 1466 habenda
1195 1431 1320 1477 quoad
1358 1431 1478 1466 huius
1505 1443 1562 1467 ca-

284 1492 379 1536 pitis
406 1491 644 1536 praescripta
666 1519 670 1524 .
775 1517 782 1524 .
887 1517 893 1524 .
996 1518 1002 1524 .
1106 1518 1113 1524 .
1217 1518 1223 1524 .
1327 1517 1334 1524 .
1438 1518 1444 1524 .
1549 1519 1555 1526 .
1750 1492 1819 1527 503

191 1550 380 1586 Generale
407 1551 645 1596 principium
666 1578 672 1584 .
777 1577 783 1584 .
889 1578 893 1583 .
998 1577 1004 1583 .
1109 1578 1115 1583 „
1219 1577 1226 1584 .
1328 1577 1335 1584 .
1440 1579 1445 1585 .
1549 1578 1555 1584 .
1611 1551 1702 1586 1019
1773 1563 1794 1586 »

190 1610 246 1643 De
274 1609 643 1654 impedimentorum
670 1609 981 1654 investigatione
1009 1620 1052 1643 ac
1077 1620 1310 1654 sponsorum
1336 1609 1517 1643 examine
1550 1636 1556 1643 .
1611 1610 1703 1644 1020
1751 1610 1819 1645 504

190 1669 246 1703 De
273 1669 432 1713 praevia
460 1669 710 1713 susceptione
736 1667 924 1713 baptismi
951 1680 995 1702 ac
1025 1667 1339 1702 confirmationis
1439 1694 1445 1701 .
1550 1696 1555 1702 .
1611 1669 1699 1703 1021
1751 1669 1818 1704 507

192 1728 432 1761 Matrimonii
460 1727 717 1761 contrahendi
744 1727 984 1772 praescripta
1009 1727 1267 1762 denunciatio
1328 1754 1334 1761 .
1439 1755 1445 1761 .
1549 1754 1556 1761 .
1611 1728 1703 1762 1022
1751 1728 1821 1763 508

192 1787 426 1831 Designatio
452 1786 609 1832 parochi
637 1792 676 1821 et
704 1786 829 1831 ipsius
854 1785 926 1820 hac
953 1786 998 1820 de
1026 1797 1142 1821 causa
1168 1786 1446 1831 obligationes.
1550 1814 1556 1820 .
1612 1786 1703 1821 1023
1774 1800 1794 1822 »

191 1845 508 1878 Publicationum
537 1845 859 1879 circumstantiae
885 1844 1143 1890 obligatoriae
1221 1871 1226 1878 .
1331 1871 1336 1878 .
1441 1871 1446 1878 .
1550 1871 1557 1878 .
1611 1845 1703 1879 1024
1751 1845 1822 1880 510

190 1902 513 1937 Publicationum
541 1902 780 1937 substitutio
888 1931 894 1936 .
998 1930 1004 1936 .
1108 1929 1115 1936 .
1218 1930 1224 1936 .
1329 1931 1335 1937 .
1368 1942 1371 1944 μ
1438 1929 1444 1935 .
1549 1931 1554 1936 .
1611 1903 1702 1937 1025
1751 1904 1816 1937 511

191 1961 412 1996 Prohibitio
438 1962 754 2006 publicationum
780 1973 849 2006 pro
876 1961 1110 2007 quibusdam
1137 1961 1401 1996 matrimoniis
1439 1988 1445 1994 .
1549 1987 1555 1994 .
1611 1961 1702 1995 1026
1751 1962 1819 1996 512

191 2020 393 2065 Obligatio
420 2020 593 2054 fidelium
621 2020 824 2057 revelandi
850 2020 1133 2065 impedimenta
1217 2047 1224 2053 .
1327 2047 1334 2053 .
1437 2047 1443 2053 .
1548 2045 1554 2053 .
1612 2020 1699 2055 1027
1773 2036 1787 2051 »

192 2078 510 2114 Publicationum
537 2079 779 2124 dispensatio
884 2107 890 2113 .
995 2107 1001 2112 .
1105 2107 1111 2113 .
1215 2105 1222 2112 .
1326 2105 1332 2113 .
1436 2105 1442 2111 .
1545 2106 1552 2114 .
1609 2079 1699 2113 1028
1747 2079 1816 2114 513

191 2137 248 2171 De
274 2137 546 2171 notificatione
573 2138 706 2172 exitus
731 2137 1049 2182 publicationum
1106 2164 1111 2171 .
1217 2165 1222 2170 .
1327 2163 1334 2170 .
1437 2164 1443 2170 .
1548 2163 1554 2170 .
1610 2137 1700 2171 1029
1748 2138 1817 2172 514

192 2195 360 2240 Tempus
398 2196 616 2230 celebrandi
655 2197 954 2231 matrimonium
995 2208 1111 2230 causa
1149 2196 1469 2241 praecedentium
1502 2207 1561 2230 ca-

287 2265 451 2288 nonum.
557 2282 563 2288 .
667 2282 673 2288 .
777 2283 783 2289 .
888 2283 894 2289 .
999 2283 1003 2288 .
1109 2283 1114 2288 .
1218 2281 1226 2289 .
1329 2282 1335 2288 .
1438 2281 1444 2288 .
1550 2282 1556 2288 .
1612 2254 1703 2288 1030
1751 2255 1821 2289 515

194 2312 466 2357 Obligationes
492 2314 649 2357 parochi
679 2315 791 2347 iuxta
817 2313 1089 2358 impedimenti
1117 2313 1381 2348 detectionem
1441 2339 1448 2346 .
1551 2339 1558 2345 .
1613 2312 1701 2346 1031
1752 2313 1822 2347 516

194 2371 367 2415 Speciale
392 2373 673 2417 praescriptum
700 2373 745 2406 de
774 2384 963 2417 vagorum
989 2372 1253 2406 matrimoniis
1331 2398 1338 2406 .
1441 2397 1448 2405 .
1551 2398 1558 2404 .
1615 2371 1703 2405 1032
1753 2372 1821 2406 518

193 2429 357 2463 Parochi
383 2430 572 2475 obligatio
599 2431 761 2465 docendi
788 2431 1103 2476 exhortandique
1130 2422 1292 2476 sponsos
1330 2458 1336 2464 .
1441 2458 1446 2464 .
1551 2457 1557 2463 .
1613 2429 1702 2464 1033
1752 2430 1820 2472 519

194 2488 357 2522 Parochi
384 2488 576 2533 obligatio
602 2490 704 2524 circa
729 2489 902 2524 filiorum
927 2489 1098 2524 familias
1124 2489 1420 2526 matrimonium
1438 2513 1448 2524 .
1551 2516 1556 2521 .
1614 2488 1703 2522 1034
1752 2489 1821 2523 520

547 2607 684 2642 CAPUT
709 2607 760 2642 Π.
792 2629 830 2633 -
861 2609 915 2644 De
942 2607 1226 2652 impedimentis
1252 2607 1291 2642 in
1317 2617 1476 2650 genere.

193 2701 369 2734 Canones
400 2701 599 2736 1035-1057
671 2730 676 2736 .
780 2731 785 2737 .
889 2729 897 2737 .
999 2728 1007 2737 .
1110 2729 1117 2736 .
1183 2703 1185 2705 ’
1221 2729 1227 2736 .
1330 2728 1337 2735 .
1440 2728 1447 2735 .
1549 2728 1556 2736 .
1751 2702 1816 2736 521

195 2758 366 2793 Schema.
396 2759 521 2804 Caput
548 2760 578 2793 I.
607 2760 662 2794 De
690 2761 983 2805 impedimentis
1014 2762 1057 2794 in
1086 2771 1230 2805 genere
1333 2789 1338 2794 .
1443 2787 1450 2793 .
1552 2785 1560 2794 .
1753 2760 1822 2793 522

193 2817 406 2862 Inscriptio
432 2819 571 2862 capitis
598 2823 637 2852 et
663 2819 754 2853 ordo
781 2831 977 2854 canonum
998 2847 1005 2854 .
1109 2849 1115 2854 .
1220 2847 1226 2852 .
1330 2846 1336 2853 .
1440 2846 1446 2852 .
1551 2845 1558 2853 .
1751 2819 1820 2853 523

195 2875 363 2917 Quinam
390 2882 554 2921 possunt
581 2877 812 2912 contrahere
838 2878 1135 2913 matrimonium
1225 2905 1231 2911 .
1333 2904 1340 2911 .
1443 2903 1450 2912 .
1553 2905 1560 2911 .
1616 2878 1705 2912 1035
1754 2878 1822 2911 524

194 2933 348 2968 Divisio
376 2934 743 2979 impedimentorum
772 2937 924 2971 ratione
950 2935 1115 2971 effectus
1222 2964 1228 2970 .
1333 2963 1339 2969 .
1443 2965 1447 2969 .
1552 2964 1558 2970 .
1614 2935 1704 2970 1036
1753 2936 1822 2970 525
