1971 3261
526 140 740 174 Formuzae
766 138 1009 182 simultatum
1035 138 1073 173 S.
1108 139 1147 173 C'.
1176 139 1222 173 de
1248 139 1292 171 P.
1326 138 1368 172 F.
1690 138 1764 172 719

132 261 284 319 ligendi
319 260 497 318 aliquem
540 259 747 303 Vicarinm
782 258 1040 315 Delegatum,
1074 261 1142 314 qui
1180 260 1361 315 practice
1399 258 1545 301 eadem
1581 258 1760 314 gaudeat

131 332 414 376 iurisdictione
448 343 571 388 quam
609 333 670 373 ius
703 332 948 373 canonicum
988 328 1160 373 Vicaiiis·
1192 328 1465 372 Generalibus
1498 328 1655 381 tribuit,
1679 341 1757 371 non

131 403 299 447 exclusa
332 401 531 445 habituali
568 405 766 457 potestate
789 402 1022 443 executioni
1060 399 1281 443 mandandi
1318 401 1514 455 rescripta
1551 400 1757 455 pontificia

130 478 254 531 atque
288 471 426 516 utendi
462 472 606 515 iisdem
644 470 923 528 peculiaribus
958 470 1222 514 facultatibus
1254 483 1357 527 quas
1400 469 1503 513 haec
1535 471 1574 514 S.
1608 468 1649 513 C.
1685 467 1762 514 Or·

130 545 302 588 dinariis
336 542 518 585 locorum
555 544 899 585 communicat».

247 613 311 656 lli.
345 612 422 656 Hic
456 616 678 669 apponitur
703 617 865 669 tempus
897 613 947 656 ad
972 612 1081 670 quod
1119 612 1336 655 facultates
1360 611 1647 655 conceduntur
1673 626 1759 668 per·

130 697 360 729 mansurae.
397 683 484 727 Hoc
528 689 690 740 tempus
725 686 890 739 respicit
933 685 971 725 in
1016 683 1129 726 calce
1175 682 1462 740 Formularum
1497 682 1760 725 animadver-

128 758 187 799 sio
222 754 285 809 lll,
320 768 427 812 quae
463 757 631 811 insuper
664 755 715 798 de
747 756 928 811 ipsarum
967 755 1256 810 prorogatione
1290 758 1423 796 cavet.

436 907 482 951 A)
508 928 550 932 —
579 907 690 942 Circa
716 907 970 941 Sacramenta
995 907 1035 941 et
1061 906 1200 941 Sacros
1226 905 1340 940 Ritus
1367 904 1456 950 (lv).

131 1061 134 1063 Α
249 1027 280 1060 1.
309 1024 531 1062 Concedendi
559 1023 631 1058 suis
658 1023 890 1058 missionariis
919 1023 1116 1058 facultatem
1145 1022 1354 1057 benedicendi
1379 1034 1499 1069 aquam
1529 1022 1760 1069 baptismalem*

126 1097 166 1122 ea
194 1085 338 1120 breviori
380 1084 541 1127 formula,
571 1094 639 1128 qna
676 1082 903 1117 Missionariis
931 1082 1098 1117 Peruanis
1132 1082 1224 1128 apud
1262 1082 1364 1117 indos
1399 1081 1566 1117 Summus
1603 1082 1761 1118 Pontifex

130 1144 256 1180 Paulus
281 1143 322 1178 111
352 1143 398 1177 uti
439 1143 622 1178 concessit.
654 1140 876 1185 (Communis
902 1146 1050 1187 quatuor
1091 1140 1272 1176 Formulis.
1303 1140 1386 1176 Vide
1424 1141 1692 1176 declarationem
1723 1141 1761 1175 in

127 1215 206 1250 pag.
236 1201 279 1237 50
311 1207 391 1237 nota
419 1202 467 1245 ⁹2).

246 1261 278 1296 ·2.
306 1260 522 1297 Conficiendi
562 1260 635 1295 olea
660 1271 758 1294 sacra
783 1270 862 1295 cum
899 1259 1148 1301 sacerdotibus3
1178 1270 1264 1305 quos
1304 1261 1454 1305 potnerit
1479 1259 1626 1304 habere;
1655 1265 1700 1301 et,
1729 1260 1761 1295 si

124 1321 313 1357 necessitas
348 1325 480 1365 urgeat,
505 1319 610 1355 etiam
650 1324 744 1354 extra
785 1319 875 1354 diem
917 1318 1053 1354 Coenae
1094 1318 1245 1353 Domini.
1277 1318 1481 1363 (Peculiaris
1515 1318 1757 1354 Formnlarum

126 1380 309 1416 maiorum.
340 1379 424 1415 Vide
449 1379 721 1415 declarationem
750 1379 784 1413 in
816 1390 893 1424 pag.
930 1376 967 1411 19
997 1382 1078 1413 nota
1107 1378 1153 1421 1).

243 1437 276 1473 3.
307 1437 527 1474 Concedendi
558 1437 755 1473 facultatem
777 1436 1040 1472 administrandi
1062 1436 1335 1483 Confirmationis
1355 1435 1603 1472 Sacramentum
1625 1438 1683 1472 uni
1705 1437 1756 1472 vel

122 1498 220 1534 alteri
249 1509 289 1534 ex
315 1498 387 1532 suis
413 1496 663 1538 sacerdotibus,
686 1496 719 1531 in
749 1507 971 1542 quacumque
998 1496 1138 1540 regione
1164 1507 1182 1531 a
1200 1507 1263 1531 sua
1289 1496 1476 1531 residentia
1502 1496 1602 1541 longe
1621 1496 1761 1540 dissita‚.

121 1556 266 1592 absente
293 1561 409 1592 tamen
430 1567 650 1602 quocumque
677 1555 857 1602 Episcopo.
875 1560 1011 1590 servato
1039 1554 1180 1591 Decreto
1207 1554 1333 1590 Sacrae
1361 1555 1464 1590 huius
1491 1554 1661 1600 Congreg.
1688 1555 1754 1591 diei

123 1615 143 1652 4
171 1615 251 1652 Maii
277 1617 364 1652 anni
395 1614 497 1660 1774,
525 1620 629 1662 atque
666 1615 900 1650 instructione
930 1629 944 1647 «
967 1614 1013 1650 De
1032 1614 1260 1650 Sacramento
1278 1614 1568 1650 Confirmationis
1588 1629 1602 1647 »
1635 1615 1670 1650 in
1696 1627 1757 1662 ap·

124 1676 269 1722 pendice
297 1675 442 1711 Ritualis
468 1674 616 1710 Romani
656 1674 799 1710 inserta.
832 1673 1052 1720 (Communis
1078 1682 1228 1720 quatuor
1268 1674 1451 1710 Formulis.
1484 1673 1567 1710 Vide
1604 1674 1761 1710 declara-

123 1735 254 1770 tionem
282 1734 317 1769 in
348 1745 425 1780 pag⁵
455 1732 514 1775 80,
544 1738 626 1769 nota
655 1733 702 1777 l).

243 1817 306 1861 lv.
343 1818 574 1862 Facultates
606 1817 682 1861 sub
715 1817 792 1861 hac
829 1817 960 1860 littera
999 1817 1049 1874 A)
1085 1819 1269 1860 numeris
1315 1817 1353 1865 1,
1390 1817 1427 1872 ⁶2,
1464 1817 1501 1867 3,
1533 1817 1682 1860 desunt
1716 1819 1759 1859 in<

122 1888 316 1933 Formula
352 1891 496 1945 prima.

901 1972 982 2028 *ἢκ*

239 2076 272 2112 4.
303 2077 533 2113 Permitteudi
561 2078 634 2112 suis
661 2077 893 2112 missionariis
918 2082 956 2112 ut
983 2075 1123 2113 Missam
1152 2077 1326 2113 celebrare
1354 2078 1500 2124 possint,
1521 2078 1556 2112 in
1585 2088 1666 2113 casu
1694 2088 1752 2113 ne-

118 2137 306 2179 cessitatis,
334 2137 438 2173 etiam
467 2137 538 2172 sine
563 2136 728 2178 ministro,
756 2136 815 2172 sub
841 2136 895 2172 dio
921 2141 954 2172 et
979 2136 1038 2172 sub
1066 2144 1167 2177 terra,
1195 2142 1300 2183 atque
1326 2137 1431 2173 etiam
1470 2137 1504 2172 in
1530 2137 1630 2179 mari,
1656 2137 1759 2172 dum—

121 2196 232 2232 modo·
251 2207 346 2232 mare
372 2197 415 2231 sit
442 2196 687 2242 tranquillum,
718 2196 752 2230 in
782 2196 853 2231 loco
880 2201 996 2232 tamen
1024 2196 1180 2231 decenti:
1210 2196 1314 2231 etiam
1342 2197 1368 2230 si
1396 2197 1505 2232 altare
1531 2197 1575 2231 sit
1603 2197 1750 2232 fractum

121 2255 173 2290 vel
200 2255 277 2291 sine
295 2254 464 2301 Reliquiis
490 2254 721 2298 Sanctorum;
749 2260 781 2291 et
803 2255 1044 2301 praesentibus
1064 2255 1259 2299 haereticis,
1280 2255 1524 2296 schismaticis,
1551 2255 1752 2290 infidelibus

119 2319 154 2350 et
178 2314 500 2355 excommunicatis
527 2314 554 2349 si
581 2314 681 2349 aliter
707 2314 871 2349 celebrari
900 2325 971 2349 non
1002 2315 1129 2360 possit:
1149 2319 1253 2360 atque
1280 2319 1318 2350 ut
1337 2314 1443 2350 Missa
1461 2314 1627 2350 celebrari
1648 2318 1751 2360 queat

119 2385 189 2409 una
213 2372 296 2408 hora
317 2381 393 2420 post
417 2373 561 2408 mediam
587 2380 723 2408 noctem.
754 2372 958 2417 (Peculiaris
994 2372 1172 2408 Formulae
1207 2374 1388 2419 utriusque
1422 2373 1555 2408 tertiae.
1588 2372 1672 2408 Vide
1697 2373 1752 2407 de-

119 2432 329 2468 clarationes
354 2432 573 2478 singularum
604 2433 638 2466 in
669 2444 745 2478 pag.
779 2431 844 2467 122
872 2437 953 2467 nota
983 2432 1014 2468 1.
1048 2431 1126 2474 145,
1159 2431 1223 2467 138
1252 2437 1332 2468 nota
1357 2433 1404 2476 2).

237 2515 298 2560 Ad
335 2529 373 2559 n.
408 2517 444 2559 4.
469 2516 583 2559 —ln
618 2516 656 2560 S.
690 2515 857 2573 Congr.⁸
888 2518 926 2560 S.
961 2513 1096 2561 Officii
1132 2517 1405 2561 Instructione
1429 2517 1478 2560 ad
1506 2517 1635 2560 Praef.
1662 2516 1748 2559 Mis,

117 2586 269 2644 Tripol.
299 2589 310 2610 ⁵
337 2587 510 2644 legitur:
549 2603 571 2629 ε(
593 2586 781 2631 Sebhene
817 2600 932 2644 possa
969 2587 1187 2643 tollen-arsi,
1211 2587 1288 2631 che
1318 2590 1326 2630 i
1353 2591 1592 2645 protestanti
1629 2590 1755 2630 inter-

122 2670 312 2712 vengano
344 2658 384 2702 di
418 2663 645 2715 spontanea
680 2658 766 2701 loro
803 2657 966 2701 volonta
1000 2658 1080 2702 alle
1114 2671 1231 2703 sacre
1265 2661 1455 2706 t'unzioni‚
1480 2659 1556 2703 che
1591 2660 1711 2702 fanno
1737 2660 1751 2699 i

119 2728 298 2772 cattolici
332 2729 438 2773 nella
474 2732 640 2786 propria
676 2730 829 2782 chiesa,
863 2729 912 2772 ed
957 2729 1088 2773 anche
1122 2730 1228 2773 nella
1272 2730 1439 2774 solenne
1473 2731 1750 2774 amministra—

236 2881 246 2902 ί
272 2880 357 2914 Ian.
388 2880 492 2915 1763.
523 2880 685 2915 Collect.
716 2880 753 2915 S.
781 2880 822 2915 C.
853 2880 899 2914 de
926 2880 1040 2926 Prop.
1071 2880 1166 2915 Fide
1192 2893 1231 2916 n.
1257 2882 1340 2917 447.
