1971 3261
205 149 224 179 -2
794 136 877 169 Lm.
907 135 976 169 ΙΙΙ.
1003 155 1015 159 -
1041 134 1098 168 De
1123 135 1234 168 rebus
1633 133 1725 168 Van.
1757 134 1826 169 72ss

201 260 413 303 vomlendo
446 259 497 301 de
532 258 608 299 illis
658 255 791 298 rebus.
841 253 996 296 Harum
1047 251 1232 294 delinitio
1280 261 1327 292 ac
1376 249 1529 293 divisio
1572 251 1750 294 traditur
1781 255 1821 295 in

200 345 287 374 ran.
322 330 418 378 726,
453 342 501 370 ex
538 340 617 383 quo
651 327 784 368 statim
821 321 1146 379 deprehenditur
1172 333 1235 363 res
1258 320 1456 376 quasdam
1483 333 1531 363 ex
1556 326 1701 365 natura
1732 335 1822 378 sua,
1862 366 1866 370 .

201 406 337 457 utpote
370 397 603 454 spirituales
635 408 681 438 ac
715 392 1016 450 supernaturali
1054 390 1261 447 praeditas
1294 390 1456 443 ellectu,
1480 390 1706 435 subductas
1729 407 1820 436 esse

200 472 376 513 liumano
409 468 671 514 commercio,
708 464 868 520 illisque
900 464 1030 518 aptari
1065 460 1292 504 Salvator-is
1341 465 1630 516 praeceptum:
1679 463 1822 518 gratis

199 539 427 597 (irremotis,
458 536 596 593 yralis
629 534 737 577 (lale.
774 533 961 576 Humana
999 544 1096 574 vero
1130 529 1350 586 cupiditas,
1374 541 1479 586 quae
1502 530 1711 574 Simonem
1741 545 1822 576 ma-

197 624 292 667 gun]
327 609 577 659 exeaecavit,
614 610 653 648 ut
693 617 802 647 «cor
833 615 952 646 suum
989 614 1065 644 non
1101 604 1207 644 esset
1248 605 1403 643 rectum
1445 613 1585 644 coram
1635 600 1764 645 Deo»
1791 603 1820 652 ²,

197 683 230 723 ei
265 678 438 723 asseclas
470 677 696 732 eaptix‘avit
731 687 801 730 per
834 674 1034 716 simoniae
1073 673 1216 713 vitium
1251 683 1423 726 serpens
1456 672 1495 713 in
1529 670 1713 716 Ecclesia
1748 673 1816 716 de-

196 764 315 793 cursu
353 753 595 803 temporum.
645 744 750 797 Quia
788 757 884 787 vero
919 742 997 786 tale
1034 744 1193 796 vitium,
1229 741 1337 798 quod
1384 741 1586 798 legislatio
1620 746 1818 788 canonica

195 821 245 863 al)
277 820 560 875 antiquissimo
595 822 776 871 tempore
808 826 972 869 semper
1006 816 1220 869 persecuta
1269 816 1341 865 est,
1376 812 1427 855 de
1476 812 1664 869 pluribus
1698 813 1822 863 rebus

195 890 480 933 ecclesiasticis
517 889 628 929 virus
663 887 872 941 proprium
908 886 1048 934 nutrit,
1082 896 1176 926 cum
1212 887 1441 940 opportuna
1475 882 1584 928 Libri
1634 877 1850 928 introdu⁶>

195 963 327 1004 ctione
361 962 589 1015 sequuntur
622 969 818 999 canones:
853 954 935 997 727
971 954 1174 997 deliniens
1206 955 1423 997 simoniam
1456 956 1621 1011 proprie
1649 955 1818 1011 dictam,

193 1044 297 1088 quae
332 1032 418 1072 iure
451 1041 615 1085 quoque
648 1027 790 1069 divino
828 1025 889 1068 vel
925 1027 1014 1068 iure
1048 1029 1205 1068 tantum
1252 1023 1533 1068 ecclesiastico
1582 1025 1816 1070 damnatur.

196 1099 378 1154 Explicat
415 1096 681 1153 multiplicem
717 1099 854 1138 actum
888 1096 1160 1138 simoniacum
1186 1106 1275 1137 ean.
1301 1093 1400 1149 728,
1424 1094 1597 1138 effectus
1620 1096 1820 1139 iuridicos

196 1174 377 1212 recenset
409 1180 497 1211 can.
532 1167 629 1219 729,
664 1170 786 1222 atque
819 1177 908 1208 can.
944 1164 1028 1207 730
1064 1164 1314 1208 determinat
1346 1176 1466 1208 casus
1500 1167 1538 1207 in
1583 1164 1733 1221 quibus
1764 1168 1818 1208 si-

196 1242 342 1287 monia,
377 1240 448 1281 etsi
483 1237 625 1280 adesse
662 1236 864 1290 videatur,
902 1237 1065 1292 proprie
1094 1234 1221 1279 abest.

312 1310 347 1353 2,
384 1311 556 1355 Rerum
590 1309 724 1353 notio
757 1321 816 1352 ac
848 1308 1042 1352 divisio.
1075 1332 1102 1336 -
1138 1304 1238 1348 Can.
1275 1307 1380 1348 726.
1419 1304 1497 1348 Bes
1530 1304 1581 1348 cle
1603 1305 1750 1363 quibus
1774 1306 1817 1348 in

194 1380 266 1423 hoe
298 1379 402 1421 libro
436 1378 591 1435 aqitm‘,
626 1380 736 1420 iuxta
771 1379 859 1420 eius
908 1378 1231 1433 inscriptionem,
1282 1390 1468 1434 quaeque
1514 1376 1819 1432 significatione

193 1451 363 1494 juridica
400 1448 565 1492 tolidem
603 1447 738 1490 media
771 1453 882 1502 sunt,
915 1449 1110 1505 quamvis
1143 1460 1222 1490 non
1257 1446 1357 1501 sola,
1392 1452 1433 1490 ut
1468 1452 1626 1491 constat
1650 1460 1699 1490 ex
1725 1447 1819 1491 aliis

192 1520 351 1564 Codicis
385 1519 512 1573 libris,
546 1518 599 1561 ad
631 1517 847 1561 Ecclesiae
878 1517 999 1573 finem
1032 1516 1377 1574 consequendum,
1408 1515 1582 1560 salutem
1621 1516 1817 1560 videlicet

192 1593 420 1635 animarum
455 1592 576 1633 etiam
610 1594 835 1638 aeternam,
868 1593 990 1645 atque
1025 1589 1062 1630 in
1097 1590 1186 1631 eius
1220 1592 1453 1644 respectum
1496 1586 1574 1631 sub
1605 1586 1818 1631 Ecclesiae

194 1666 389 1718 potestate
423 1662 541 1704 unice
576 1662 718 1716 posita,
752 1658 867 1702 aliae
898 1664 995 1701 sunt
1027 1657 1292 1716 spiritual&
1327 1657 1392 1702 vel
1417 1657 1644 1701 formaliter
1667 1662 1710 1701 ut
1735 1669 1815 1701 ma-

191 1734 402 1788 gisterium
437 1730 775 1782 ecclesiasticum,
812 1729 1108 1786 indulgentiae,
1146 1728 1208 1772 vel
1243 1728 1464 1772 causaliter
1488 1732 1530 1771 ut
1558 1730 1819 1772 continentes

196 1805 231 1845 vi
265 1815 336 1846 sua
368 1804 542 1858 gratiam
577 1807 615 1844 et
661 1803 847 1857 virtutes,
894 1800 1101 1852 videlicet,
1141 1804 1414 1853 sacramenta,
1462 1799 1524 1843 vel
1572 1799 1818 1856 dispositive

191 1878 257 1916 aut
291 1874 499 1916 meritorie
531 1874 635 1915 sicut
668 1870 998 1926 sacramentalia,
1032 1871 1200 1914 divinus
1233 1870 1383 1925 cultus,
1417 1871 1632 1926 imagines,
1673 1868 1737 1912 vel
1772 1874 1819 1912 ut

191 1944 359 1987 effectus
393 1944 601 1999 potestatis
631 1941 960 1998 supernaturalis
992 1940 1138 1999 quales
1170 1944 1265 1984 sunt
1308 1940 1650 1997 dispensationes,
1695 1941 1815 1983 iuris-

191 2014 380 2056 dictionis
412 2012 713 2068 delegationes:
748 2025 795 2056 ac
831 2017 1032 2056 vocantur
1070 2010 1385 2068 «spirituales»
1409 2023 1488 2053 non
1509 2014 1713 2067 quatenus
1735 2011 1816 2053 sint

194 2087 471 2139 incorporeae,
505 2083 574 2126 sed
609 2087 811 2139 quatenus
849 2082 1132 2126 «ordinantur
1167 2083 1355 2138 proxime
1387 2081 1438 2124 ad
1470 2080 1644 2124 salutem
1680 2084 1814 2123 aeter-

193 2167 283 2198 nam
317 2157 606 2208 animarum»,
638 2158 802 2209 propter
835 2153 943 2211 quod
979 2155 1038 2196 eis
1076 2152 1534 2208 contradistinguuntur
1577 2150 1691 2193 aliae
1734 2163 1814 2194 non

191 2237 269 2282 qua
293 2224 540 2280 corporales,
564 2224 632 2267 sed
659 2234 863 2281 quatenus
882 2222 1145 2281 temporaleS‚
1164 2235 1271 2278 quae
1291 2235 1424 2279 perse
1444 2224 1481 2264 in
1504 2234 1579 2265 usu
1598 2221 1812 2264 hominum

194 2296 358 2351 profano
393 2297 545 2351 positae
576 2300 684 2348 sunt,
716 2300 755 2338 et
789 2297 826 2337 in
860 2293 1011 2352 quibus
1046 2293 1209 2337 utendis
1240 2292 1425 2336 Ecclesia
1459 2305 1553 2335 cum
1588 2291 1702 2335 civili
1747 2304 1812 2334 so·

193 2368 338 2409 cietate
371 2367 578 2419 convenit,
610 2367 802 2422 quamvis
834 2364 1073 2409 alterutrius
1106 2365 1294 2420 proprias
1326 2364 1415 2406 lieri
1447 2374 1495 2406 ac
1518 2375 1606 2405 esse
1636 2361 1725 2404 illas
1750 2375 1816 2405 res

194 2436 438 2492 temporales
487 2438 574 2478 iure
622 2435 797 2478 naturali
845 2439 1019 2488 constet,
1067 2438 1234 2491 propter
1282 2432 1500 2476 iuridicam
1550 2433 1811 2475 existentiam

194 2508 404 2562 utriusque
437 2507 663 2558 societatis;
699 2505 813 2547 aliae
846 2505 1018 2559 mixtae,
1050 2508 1255 2562 quatenus
1288 2516 1353 2547 res
1396 2501 1645 2559 temporales
1692 2503 1812 2555 spiri-

195 2575 369 2619 tualibus
402 2576 689 2631 adnectunlur‚
727 2575 786 2618 vel
822 2577 917 2632 quia
953 2574 1241 2619 benedictione
1274 2573 1492 2626 donantur,
1541 2573 1645 2616 sieut
1681 2571 1812 2615 eccle—

193 2648 290 2698 siae,
322 2648 583 2698 coemeteria,
618 2645 677 2688 vel
712 2648 806 2702 quia
840 2659 888 2689 ex
925 2645 1059 2689 officio
1092 2644 1374 2688 ecclesiastico
1406 2645 1528 2686 etiam
1560 2641 1812 2696 coalescunt,

193 2718 293 2758 <irat
321 2721 410 2758 sunt
448 2715 643 2759 benetieia
680 2716 973 2760 ecelesiastica.

290 2870 293 2887 =
326 2869 411 2900 Aet.
442 2868 529 2911 Ap„
560 2867 664 2903 vm.
695 2870 752 2900 ει.
