1971 3261
124 124 196 158 380
530 121 612 155 [ΑΒ.
643 121 713 154 111.
740 141 753 145 -
780 121 890 154 PARS
916 120 944 154 Ι.
972 140 984 144 -
1010 120 1067 154 De
1092 119 1358 154 Sacramentz's
1561 117 1653 153 Can.
1680 119 1755 153 966

125 242 327 298 Episcopo
372 243 472 283 ritus
515 240 669 283 diversi
704 252 724 282 a
761 240 838 281 ritu
885 237 1157 294 promovendi
1176 252 1198 278 ›>
1236 237 1284 280 ad
1331 248 1519 280 normam
1563 237 1748 293 paralleli

124 318 227 356 can⁸.
264 312 360 358 961,
396 325 487 353 cum
519 309 753 368 Episcopus
786 308 1057 352 dioecesanus
1090 308 1318 352 secundum
1353 314 1458 353 can⁸.
1507 311 1749 364 interpreta-

124 386 276 426 tionem
311 388 351 439 a)
386 381 601 424 licentiam
634 379 812 430 dederit,
846 379 955 437 quod
991 384 1052 422 est
1083 392 1236 422 novum
1262 392 1310 422 ex
1336 378 1502 432 Codice,
1536 379 1577 434 b)
1599 385 1674 423 aut
1695 373 1763 423 sit*

124 454 280 497 diversi
311 453 435 506 ritus,
469 457 508 496 et
541 452 619 495 hoc
651 465 760 494 nunc
789 463 984 506 expresse
1019 452 1194 506 positum
1231 451 1268 492 in
1303 452 1456 507 scripto
1490 453 1594 504 iure,
1618 451 1655 506 c)
1677 456 1752 494 aut

123 525 178 567 sit
211 523 356 567 absens
389 536 410 566 a
445 523 624 566 dioecesi
659 522 844 578 legitime
877 525 946 564 aut
981 520 1209 576 illegitime,
1242 521 1286 577 (l)
1321 526 1395 563 aut
1433 535 1515 564 non
1547 521 1603 564 sit
1636 520 1749 564 ordi-

124 596 334 639 nationem
368 593 589 637 habiturus
621 595 806 650 praecise
835 591 1031 650 promimo
1055 590 1242 648 leyitimo
1277 597 1459 649 tempore
1481 591 1537 635 ad
1558 606 1750 636 normam

122 682 211 710 can.
248 668 381 717 1006,
413 665 441 724 ξ
473 668 515 717 9,
550 678 656 722 quae
690 665 880 719 exceptio
924 676 1002 705 non
1037 664 1190 713 existit,
1222 665 1253 705 si
1289 667 1403 705 extra
1450 663 1515 706 illa
1561 668 1750 720 tempora

122 738 174 782 ob
200 740 343 794 vigens
377 737 588 793 religionis
623 735 888 792 privilegium
917 733 1015 777 velit
1047 733 1245 789 Superior
1272 733 1459 777 subditos
1492 737 1618 791 ipsius
1640 735 1750 778 ordi-

122 811 224 863 nari,
248 808 288 865 e)
314 807 375 850 vel
407 806 585 864 denique
616 820 706 848 cum
739 805 941 848 dioecesis
974 809 1103 859 meet,
1126 817 1202 847 nec
1224 804 1375 848 sufficit
1407 804 1484 848 boc
1507 805 1752 860 simpliciter

121 884 321 924 assertum
369 881 405 921 in
441 882 569 922 const.
614 877 895 929 Benedictina,
926 875 995 919 sed
1041 889 1089 918 ex
1125 873 1275 919 Codice
1309 877 1499 931 insuper:
1544 890 1618 919 nec
1659 891 1751 920 eam

120 955 239 1007 reyot
282 950 465 991 fortassis
510 947 832 990 Administrator
874 945 1136 1002 Apostolicus
1182 944 1244 987 vel
1280 943 1469 988 Vicarius
1511 947 1752 1002 capitularis

120 1021 191 1079 qui
224 1019 469 1063 charactere
511 1017 743 1077 episcopali
787 1016 961 1075 polleat,
996 1019 1052 1060 uti
1096 1015 1324 1073 Episcopus
1360 1015 1422 1059 vel
1472 1017 1650 1061 titularis
1686 1019 1748 1062 vel

119 1092 289 1135 alterius
322 1091 525 1134 dioecesis
557 1088 848 1132 residentialis.

238 1163 316 1207 Sed
351 1164 458 1205 sicut
501 1163 538 1203 in
574 1165 702 1204 const.
737 1159 888 1203 Bened.
925 1157 1015 1202 XIV
1050 1163 1088 1202 et
1133 1160 1245 1201 iuxta
1279 1170 1369 1201 eam
1416 1160 1756 1215 interpretandus-

119 1234 233 1278 addit
275 1234 302 1292 ξ
335 1236 376 1276 ξ).
410 1231 586 1277 Necesse
618 1237 679 1274 es!
713 1236 755 1272 u!
789 1229 971 1287 st'wyuli‘s
1014 1229 1058 1271 in
1102 1228 1266 1272 casibus
1299 1231 1482 1287 quinque
1524 1229 1564 1288 ξ’
1600 1237 1749 1287 praec⁵.

119 1308 242 1348 etiam
270 1318 340 1361 per
362 1303 557 1348 Codicem
594 1302 787 1351 inductis,
822 1301 865 1344 ist
897 1301 1078 1344 scilicet:
1116 1314 1188 1356 pro
1221 1301 1463 1344 diversitate
1497 1313 1617 1344 casus
1649 1315 1749 1346 una-

119 1389 309 1434 quaeque
343 1377 586 1431 contingens
625 1376 813 1429 exceptio
847 1374 888 1429 a)
912 1372 1103 1430 episcopo
1136 1385 1207 1415 seu
1248 1371 1437 1415 «Abbati
1465 1371 1526 1415 vel
1563 1372 1754 1417 Praelato-

121 1447 272 1491 nullius
289 1463 311 1488 »
340 1446 447 1504 (can.
475 1446 571 1494 215,
596 1444 623 1500 ξ
647 1444 686 1498 ⁶2)
719 1443 974 1487 orslv'naluro
1011 1443 1051 1500 b)
1076 1449 1246 1489 constet,
1268 1456 1345 1486 non
1371 1443 1749 1501 qualitercumque,

118 1519 189 1562 sed
224 1518 262 1574 o)
295 1531 346 1560 esc
378 1516 620 1560 occtltentico
653 1515 704 1559 ob
737 1514 1084 1570 subscriptionem
1119 1527 1166 1557 ac
1199 1513 1381 1570 sigillum
1411 1512 1565 1557 Curiae
1597 1515 1754 1572 episco—

116 1589 244 1647 palis,
277 1589 458 1632 scilicet:
495 1587 602 1630 illius
641 1602 660 1627 «
684 1586 733 1630 ad
770 1599 891 1643 quem
927 1586 1124 1642 Superior
1159 1584 1377 1641 religiosus
1417 1584 1573 1628 litteras
1605 1586 1748 1629 ‹limis-

118 1663 248 1704 sorias
282 1663 444 1703 mittere
478 1658 600 1702 debet
625 1674 643 1698 »
685 1656 792 1714 (can.
829 1656 932 1713 965)
969 1656 1220 1699 testimonio.

237 1753 411 1798 Quaeres:
438 1763 484 1787 an
511 1752 628 1787 Abbas
657 1751 707 1786 vel
748 1750 924 1785 Praelatus
958 1749 1087 1784 nullius
1121 1749 1289 1784 ordinans
1315 1749 1357 1784 ad
1398 1760 1545 1784 norman
1573 1761 1651 1784 can.
1681 1749 1749 1785 957

118 1817 137 1856 5
163 1813 183 1848 ⁹).
218 1824 296 1848 cum
329 1811 571 1847 «dimissoriis
609 1811 684 1845 iure
721 1812 755 1852 (ξ
786 1811 814 1843 li
854 1809 957 1844 buius
995 1808 1155 1848 canonis)
1184 1809 1396 1854 requisitis»
1440 1809 1551 1854 quoad
1591 1814 1753 1855 exceptos

117 1872 246 1907 ibidem
273 1883 388 1913 casm,
416 1871 475 1906 sed
501 1871 633 1916 absque
661 1870 723 1904 hoc
750 1869 945 1904 necessario
971 1868 1179 1907 testimonio,
1208 1868 1360 1904 invalide
1386 1873 1503 1913 ageret
1534 1869 1585 1904 vel
1611 1874 1749 1905 tantum

117 1931 249 1966 illicite.
279 1929 435 1966 Omnino
472 1930 663 1965 tenendum
691 1940 764 1964 esse
799 1927 990 1963 invalidam
1031 1927 1228 1962 huiusmodi
1255 1927 1511 1963 ordinationem
1544 1928 1637 1967 (nota
1663 1928 1754 1964 bene

118 1990 148 2023 vi
177 1991 234 2025 cit.
264 1994 283 2031 ξ
309 1989 329 2024 2
357 1989 421 2025 sub
447 2000 525 2024 can.
556 1987 652 2033 957).
688 1987 775 2023 Nam
803 1987 946 2022 verbum
980 2001 991 2018 (ι
1017 1997 1156 2021 necesse
1182 1991 1268 2020 est»
1309 1993 1401 2028 (can.
1431 1984 1510 2028 966,
1537 1990 1556 2029 ξ
1583 1987 1615 2030 ἓξ
1649 1987 1751 2023 debet
1791 1999 1793 2001 ·

117 2050 278 2085 eumdem
305 2060 447 2084 sensum
475 2048 602 2083 babere
628 2047 739 2093 quoad
767 2058 889 2082 omnes
915 2058 1017 2081 casus
1044 2046 1077 2080 in
1109 2046 1145 2087 §0
1170 2045 1204 2079 10
1229 2056 1428 2091 express0s;
1458 2046 1516 2081 sed
1536 2046 1646 2092 quoad
1673 2047 1749 2082 illos

117 2106 181 2141 sub
209 2107 331 2142 litteris
346 2111 375 2150 c)
393 2111 426 2141 et
444 2105 477 2145 (Ι)
503 2119 517 2137 «
532 2115 611 2141 curn
635 2104 738 2140 veteri
760 2105 832 2140 iure
852 2103 1026 2149 (videlicet
1044 2115 1124 2138 cum
1139 2108 1253 2138 const.
1275 2118 1289 2136 «
1306 2103 1461 2149 Impositi
1479 2117 1494 2136 »
1513 2103 1642 2139 Bened.
1655 2103 1752 2149 xlv)-

117 2165 311 2209 congruit»
342 2168 434 2208 (can.
462 2164 495 2199 6.
516 2163 578 2209 30).
609 2164 695 2209 Ergo
726 2179 740 2195 «
760 2175 799 2199 ex
827 2163 903 2199 iure
928 2163 1074 2208 antiquo
1100 2162 1357 2198 aestimandum
1386 2167 1466 2198 est»
1491 2162 1632 2198 verbum
1657 2177 1671 2196 «
1690 2174 1747 2199 ne-

117 2234 210 2258 cesse
235 2228 286 2258 est
307 2238 335 2257 ».
364 2222 513 2269 Nempe:
556 2227 655 2269 prout
680 2222 832 2258 decrevit
859 2221 984 2257 Bened.
1012 2220 1087 2256 XlV
1115 2221 1178 2256 loc.
1205 2221 1285 2256 cit.:
1327 2220 1578 2256 «dimissoriae
1616 2222 1745 2257 tales...

119 2282 251 2316 nullius
286 2282 357 2316 sint
395 2281 529 2317 roboris
555 2286 587 2317 et
627 2281 806 2316 momenti.
837 2280 903 2314 nisi
944 2279 1014 2314 illis
1054 2280 1174 2315 iuncta
1215 2279 1315 2314 suerit
1340 2279 1543 2315 authentica
1575 2281 1753 2316 attestatio

117 2341 233 2375 vicarii
261 2340 433 2385 generalis
453 2341 503 2375 vel
533 2339 730 2375 cancellarii
757 2344 818 2374 aut
843 2339 1016 2374 secretarii
1045 2338 1200 2374 eiusdem
1229 2337 1385 2384 Episcopi
1412 2338 1601 2380 diocesani,
1621 2349 1660 2373 ex
1680 2351 1749 2385 qua

116 2404 250 2435 constet
269 2414 283 2431 υ
314 2400 356 2435 de
373 2404 575 2435 occurrente
593 2411 675 2434 casu
703 2410 763 2445 per
779 2399 884 2434 canis.
904 2397 970 2433 966
998 2401 1043 2444 ξω
1068 2398 1112 2432 lm
1130 2402 1282 2443 excepto.
1310 2397 1358 2432 lta
1387 2408 1484 2443 porro
1503 2398 1585 2443 quia
1605 2398 1748 2433 verbum

122 2469 296 2494 «necesse
321 2464 406 2494 est»
438 2470 516 2494 cum
546 2459 589 2494 ad
618 2458 832 2493 validitatem
861 2457 912 2493 xel
948 2457 1132 2492 lieeitatem
1161 2462 1260 2492 actus
1287 2456 1434 2501 intelligi
1472 2457 1590 2502 possit,
1619 2457 1661 2492 ob
1695 2469 1747 2492 ra-

116 2517 297 2552 tiocinium
339 2517 553 2563 praedictum
581 2528 619 2552 ex
654 2527 829 2552 canonum
866 2520 1025 2551 contextu
1069 2515 1226 2561 petitum,
1253 2515 1503 2550 dimissoriales
1542 2515 1674 2550 litteras
1712 2516 1748 2555 in

115 2576 253 2611 casibus
275 2587 379 2612 «esse
407 2577 521 2611 nullas
539 2586 698 2622 expresse
726 2575 901 2621 (quamvis
928 2573 1110 2620 implicite)
1131 2574 1294 2609 statuitur
1313 2588 1326 2606 ι)
1349 2578 1381 2608 et
1410 2574 1553 2619 proinde
1577 2589 1589 2605 α
1608 2574 1754 2610 irritans

118 2636 166 2671 lex
195 2635 355 2670 habenda
380 2640 430 2670 est
447 2649 460 2667 ›>
490 2637 583 2680 (can.
620 2634 686 2677 ill.
717 2645 805 2680 quae
832 2634 895 2668 hoc
921 2633 955 2667 in
985 2634 1019 2675 §0
1045 2632 1082 2666 '20
1107 2634 1214 2668 canis.
1243 2630 1310 2666 966
1337 2632 1548 2667 continetur.

212 2692 292 2728 315.
322 2695 570 2728 Cavendum
607 2705 630 2727 a
669 2695 977 2735 Superioribus
1019 2693 1236 2734 religiosis
1276 2695 1318 2726 in
1362 2693 1441 2726 hac
1481 2694 1663 2726 materia
1707 2713 1750 2717 —

119 2752 243 2788 Bened.
272 2751 346 2788 xiv
375 2753 410 2786 in
449 2752 588 2798 saepius
614 2752 671 2787 cit.
701 2751 951 2786 constitutione
978 2752 1029 2791 (n.
1058 2748 1096 2795 9)
1123 2755 1242 2785 narrat
1267 2749 1333 2784 sibi
1372 2749 1408 2783 in
1449 2748 1658 2784 Bononiensi
1686 2752 1749 2784 Ar-

116 2811 375 2857 chiepiscopatu
413 2811 576 2847 residenti
604 2811 803 2855 contigisse,
838 2814 911 2844 «ut
949 2809 1120 2854 regularis
1157 2809 1301 2855 quidam
1329 2819 1369 2843 ex
1408 2819 1448 2843 ea
1489 2807 1573 2843 urbe
1610 2814 1755 2854 repente

117 2871 292 2915 digressus
317 2870 440 2916 suique
465 2870 654 2916 superioris
677 2869 893 2904 dimissorias
908 2868 951 2903 ad
978 2868 1179 2914 episcopum
1200 2867 1389 2902 finitimum
1416 2866 1589 2907 deterens,
1609 2868 1748 2902 tametsi
