1971 3261
191 152 259 185 734
897 157 1103 181 APPENDIX

305 267 360 303 50.
393 267 515 304 Utendi
544 267 660 302 throno
685 277 763 301 cum
791 265 988 301 baldachino
1013 270 1047 301 et
1072 277 1176 312 cappa
1202 277 1324 313 maqna
1351 267 1387 300 iu
1427 266 1712 303 Pontifiealibus:
1749 279 1814 304 nec

186 339 255 363 non
285 326 504 373 permittendi
536 325 745 372 presbyteris
772 325 807 359 in
834 324 988 360 ecclesiis
1014 335 1098 360 suae
1123 324 1374 360 iurisdictionis
1412 325 1670 361 celebrantibus
1696 331 1734 362 ut
1759 327 1812 362 sui

186 385 327 421 nominis
353 390 533 430 tamquam
561 384 738 419 Antistitis
764 383 837 419 sive
871 383 907 417 in
949 383 1110 429 precibus
1149 383 1328 419 ferialibus
1365 384 1437 419 sive
1463 383 1499 418 in
1528 383 1659 420 canone
1687 384 1814 421 Missae

184 446 314 481 mentio
342 445 424 480 fiat:
453 449 625 490 quatenus
653 444 738 479 haec
764 444 827 489 ipsi
855 455 876 478 a
902 443 976 479 iure
1000 454 1166 479 concessa
1192 454 1260 479 non
1291 444 1432 479 fuerint.

299 552 360 595 Ad
398 565 433 594 n.
470 552 536 594 50.
574 577 624 581 —
661 550 959 606 Episcoporum
996 550 1324 594 residentialium
1358 556 1419 594 est
1457 554 1669 608 proprium
1705 553 1811 610 (can.

184 623 282 676 349,
312 622 340 680 ξ
374 622 413 674 2,
447 635 485 665 u.
511 621 573 675 30)
614 637 635 662 α
660 624 721 663 ius
754 620 947 664 elevandi
984 622 1022 663 in
1057 620 1250 664 omnibus
1283 621 1472 665 ecclesiis
1502 635 1602 666 suae
1633 623 1812 667 diocesis

184 693 375 736 thronum
411 705 503 735 cum
551 691 859 735 baldachino».
896 690 937 734 ld
973 692 1213 735 extenditur
1256 691 1477 748 privilegio
1525 693 1577 736 ad
1629 691 1839 737 Vic'arios-

184 763 441 820 Apostolicos
474 765 542 820 qui
577 767 672 806 sunt
702 762 895 818 Episcopi
930 761 1130 815 titularcs,
1165 763 1418 820 additurque
1459 779 1482 806 «
1503 777 1638 822 cappa
1658 778 1811 821 magma

185 837 221 876 in
257 833 564 877 Pontificalibus
587 849 607 874 ))
636 833 894 887 exercendis,
919 834 1028 889 quod
1069 838 1171 877 «est
1192 846 1333 877 sacras
1357 835 1587 879 functiones
1611 847 1811 891 peragere

182 918 287 962 quae
321 918 368 947 ex
405 903 566 960 legibus
600 904 802 960 liturgicis
836 907 1054 961 requirunt
1087 906 1263 960 insignia
1299 904 1564 961 pontificalia,
1602 905 1708 948 idest
1742 905 1810 949 ba·

181 975 320 1018 culum
354 980 393 1018 et
427 978 635 1018 mitram»
672 976 777 1030 (can.
814 974 913 1031 387,
946 976 969 1030 ξ
1002 974 1061 1032 2),
1093 975 1166 1018 sed
1211 989 1310 1018 usus
1358 976 1425 1019 ille
1463 978 1515 1019 sit
1547 978 1660 1019 iuxta
1695 976 1809 1020 litur-

180 1048 293 1101 gicas
326 1045 450 1101 leges.
484 1071 541 1076 —
572 1047 696 1088 Sacra
740 1044 891 1101 Congr.
925 1045 1095 1089 Rituum
1122 1045 1135 1068 ¹
1169 1046 1220 1089 ad
1261 1061 1280 1086 «
1303 1059 1483 1104 sequens
1515 1045 1712 1091 dubium:
1746 1046 1808 1090 An

184 1115 356 1159 vicariis
387 1122 427 1159 et
460 1116 684 1159 Praefectis
716 1115 967 1172 Apostolicis
1000 1117 1052 1160 de
1075 1130 1185 1160 novo
1220 1119 1309 1160 iure
1332 1121 1555 1174 competat,
1579 1119 1617 1160 in
1643 1119 1810 1174 proprio

181 1189 399 1239 territoriO,
436 1192 479 1230 ut
513 1189 778 1230 nominentur
813 1190 850 1230 in
885 1186 1052 1231 Canone
1085 1187 1232 1231 Missae
1250 1188 1313 1231 ἱ)...
1350 1188 1684 1244 respondendum
1719 1202 1812 1232 cen-

179 1260 281 1301 suit:
315 1257 517 1314 Neyative
551 1260 662 1301 iuxta
698 1257 887 1302 rubricas
919 1263 959 1301 et
992 1258 1184 1314 decreta,
1233 1261 1329 1316 quia
1373 1259 1424 1302 de
1459 1261 1547 1302 iure
1579 1258 1717 1302 adhuc
1753 1261 1811 1301 vi-

178 1332 315 1384 gente,
350 1330 387 1370 in
422 1327 584 1371 Canone
618 1327 779 1385 Missae,
815 1333 904 1385 post
937 1327 1062 1373 verba
1086 1328 1288 1372 Antistite
1310 1334 1455 1372 nostro
1489 1329 1809 1385 exprimendum

178 1403 238 1441 cst
272 1403 429 1441 tantum
464 1412 612 1442 nomen
650 1399 929 1452 Patriarchae,
962 1399 1279 1456 Archiepiscopi
1314 1404 1353 1443 et
1385 1399 1577 1456 Episcopi
1626 1401 1697 1456 qui
1729 1402 1810 1443 sint

178 1467 389 1513 Ordinarii
424 1470 516 1521 loci,
540 1475 580 1513 et
613 1473 651 1513 in
677 1473 843 1527 propria
867 1471 1047 1514 dioecesi
1071 1486 1111 1512 ³).
1146 1470 1307 1515 Idcirco
1332 1483 1527 1527 expressa
1552 1475 1613 1514 est
1637 1470 1811 1514 facultas

184 1556 203 1580 «
231 1542 492 1596 permittendi
526 1541 748 1598 (adversus
782 1541 970 1586 rubricas
1002 1547 1041 1585 et
1065 1542 1247 1596 decreta,
1269 1555 1376 1600 quae
1414 1558 1436 1583 ((
1460 1545 1544 1585 vim
1576 1556 1693 1586 suam
1720 1543 1811 1585 reti-

178 1616 313 1655 nent»
351 1625 438 1655 can.
474 1613 511 1664 2,
548 1626 626 1655 non
662 1612 850 1670 iubendi)
888 1612 1143 1670 presbyteris
1175 1615 1316 1667 (etiam
1349 1612 1574 1670 exemptis)
1607 1616 1647 1656 iu
1680 1612 1810 1657 eccle-

177 1684 247 1724 siis
278 1695 376 1725 suae
410 1683 707 1726 iurisdictionis
738 1684 881 1736 (idest:
924 1683 1140 1741 territorii)
1189 1683 1500 1728 celebrantibus
1549 1687 1692 1737 (etiam
1729 1697 1807 1727 nou

177 1752 353 1795 addictis
388 1754 604 1810 missioni),
639 1759 682 1797 ut
713 1757 775 1797 sui
808 1755 992 1797 nominis
1027 1760 1237 1812 tamquam
1272 1754 1480 1798 Antistitis
1512 1757 1602 1799 sive
1638 1757 1675 1798 in
1713 1768 1803 1812 pre-

177 1822 294 1866 cibus
326 1823 457 1881 (iuxta
492 1825 680 1868 rubricas
714 1838 786 1881 pro
821 1825 1041 1882 Episcopo)
1074 1828 1163 1869 sive
1208 1828 1246 1868 in
1295 1824 1462 1870 Canone
1496 1825 1640 1869 Missae
1674 1825 1806 1883 (iuxta

177 1894 494 1950 explicationem
527 1898 676 1939 citatae
710 1896 1020 1949 declarationis)
1053 1899 1208 1940 mentio
1232 1897 1324 1940 fiat:
1359 1896 1502 1954 (atque
1540 1896 1705 1940 videtur
1737 1897 1808 1940 du-

178 1963 288 2007 bium
325 1978 431 2009 nunc
464 1966 644 2009 solutum
680 1969 793 2010 innui
829 1981 901 2024 per
933 1967 1184 2025 clausulam)
1207 1972 1412 2025 quatenus
1445 1967 1547 2011 llaec
1571 1969 1645 2023 ipsi
1670 1979 1690 2010 a
1718 1969 1807 2010 iure

176 2047 369 2078 concessa
405 2049 483 2078 non
517 2037 667 2079 fuerint
690 2052 729 2080 ».

801 2178 1177 2214 AnimadversioneS.

293 2281 379 2325 (Hae
405 2287 487 2317 sunt
512 2294 716 2319 communes
742 2284 777 2318 in
806 2284 989 2319 verborum
1016 2284 1192 2319 sententia
1217 2284 1377 2319 omnium
1406 2284 1649 2329 Facultatum).

294 2341 316 2377 1.
344 2341 540 2377 l'raedictae
569 2343 747 2377 facultates
773 2354 813 2378 ea
833 2343 906 2387 lege
923 2343 1175 2384 conceduntur,
1197 2348 1322 2378 utnon
1345 2354 1468 2379 omnes
1493 2343 1803 2378 indiscriminatim

173 2399 383 2446 subdeleqari
410 2402 555 2446 possint,
584 2402 643 2436 sed
680 2402 759 2437 illae
793 2407 930 2437 tantum
969 2413 1059 2448 quae
1097 2402 1263 2438 asterisco
1288 2402 1310 2422 ἥ
1336 2407 1517 2445 notantur,
1545 2413 1603 2437 seu
1630 2413 1719 2448 quae
1744 2402 1804 2437 ha-

175 2458 302 2493 bentur
327 2459 390 2493 sub
418 2460 596 2494 numeris:
638 2458 692 2501 15,
725 2460 776 2501 17,
805 2461 862 2502 21,
888 2460 947 2502 22,
976 2460 1032 2503 23,
1063 2458 1120 2502 24,
1151 2460 1207 2503 25,
1235 2460 1292 2503 26,
1322 2459 1378 2503 27,
1405 2460 1462 2504 28,
1492 2459 1550 2505 29,
1579 2458 1635 2502 30,
1662 2459 1717 2501 34,
1744 2459 1802 2501 36,

175 2516 231 2557 37,
260 2515 317 2562 38,
347 2517 405 2561 39,
435 2516 489 2555 40.
518 2518 575 2553 46.

292 2601 352 2644 Ad
379 2615 414 2644 n.
440 2602 466 2645 l.
503 2628 554 2633 —
579 2602 717 2647 Canon
748 2605 841 2658 199,
875 2607 899 2658 ἓ
923 2605 946 2647 2
970 2606 1028 2648 sic
1051 2606 1216 2648 statuit:
1256 2620 1278 2645 «
1302 2609 1482 2660 potestas
1506 2604 1804 2647 iurisdictionis

171 2670 223 2714 ab
255 2672 490 2727 Apostolica
523 2673 629 2716 Sede
661 2674 852 2730 delegata
885 2674 1152 2730 subdelegari
1178 2679 1311 2730 potest
1326 2677 1424 2730 ,sive
1457 2674 1506 2717 ad
1532 2678 1686 2722 actum,
1711 2676 1801 2717 sive

172 2744 294 2784 etiam
331 2742 608 2791 habitu-aliter,
635 2747 708 2787 nisi
735 2746 858 2788 fuerit
885 2745 1173 2801 subdelegatio
1209 2743 1414 2802 prohibita
1438 2760 1477 2786 )).
1513 2748 1624 2788 Haec
1657 2757 1800 2788 norma

292 2895 303 2915 1
329 2894 351 2927 8
378 2894 511 2928 Martii
541 2896 641 2929 1919.
672 2896 747 2930 CO.
777 2897 847 2931 XI.
879 2898 958 2932 145.
