<?xml version="1.0" encoding="UTF-8"?>
<!DOCTYPE html PUBLIC "-//W3C//DTD XHTML 1.0 Transitional//EN"
    "http://www.w3.org/TR/xhtml1/DTD/xhtml1-transitional.dtd">
<html xmlns="http://www.w3.org/1999/xhtml" xml:lang="en" lang="en">
 <head>
  <title>
</title>
<meta http-equiv="Content-Type" content="text/html;charset=utf-8" />
  <meta name='ocr-system' content='tesseract 3.04.00' />
  <meta name='ocr-capabilities' content='ocr_page ocr_carea ocr_par ocr_line ocrx_word'/>
</head>
<body>
  <div class='ocr_page' id='page_1' title='image "./p1commentariumte03blatuoft_0367.png"; bbox 0 0 1971 3261; ppageno 0'>
   <div class='ocr_carea' id='block_1_1' title="bbox 0 0 17 3246">
    <p class='ocr_par' dir='ltr' id='par_1_1' title="bbox 0 0 17 3246">
     <span class='ocr_line' id='line_1_1' title="bbox 0 0 17 3246; baseline 0 0"><span class='ocrx_word' id='word_1_1' title='bbox 0 0 17 3246; x_wconf 95' lang='lat' dir='ltr'> </span> 
     </span>
    </p>
   </div>
   <div class='ocr_carea' id='block_1_2' title="bbox 142 135 1773 176">
    <p class='ocr_par' dir='ltr' id='par_1_2' title="bbox 142 135 1773 176">
     <span class='ocr_line' id='line_1_2' title="bbox 142 135 1773 176; baseline 0.002 -4"><span class='ocrx_word' id='word_1_2' title='bbox 142 136 237 172; x_wconf 75' lang='lat' dir='ltr'>Can.</span> <span class='ocrx_word' id='word_1_3' title='bbox 263 135 334 171; x_wconf 78' lang='lat'>948</span> <span class='ocrx_word' id='word_1_4' title='bbox 713 138 797 173; x_wconf 79' lang='grc' dir='ltr'>ΤιΤ,</span> <span class='ocrx_word' id='word_1_5' title='bbox 828 138 892 172; x_wconf 86' lang='lat' dir='ltr'>VI.</span> <span class='ocrx_word' id='word_1_6' title='bbox 924 159 937 164; x_wconf 96' lang='lat'>-</span> <span class='ocrx_word' id='word_1_7' title='bbox 963 140 1019 174; x_wconf 80' lang='lat' dir='ltr'>De</span> <span class='ocrx_word' id='word_1_8' title='bbox 1057 141 1201 175; x_wconf 76' lang='lat' dir='ltr'>Ordine</span> <span class='ocrx_word' id='word_1_9' title='bbox 1701 141 1773 176; x_wconf 79' lang='lat'>353</span> 
     </span>
    </p>
   </div>
   <div class='ocr_carea' id='block_1_3' title="bbox 121 254 1770 3003">
    <p class='ocr_par' dir='ltr' id='par_1_3' title="bbox 137 254 1770 452">
     <span class='ocr_line' id='line_1_3' title="bbox 145 254 1768 316; baseline 0.004 -18"><span class='ocrx_word' id='word_1_10' title='bbox 145 254 401 312; x_wconf 80' lang='lat' dir='ltr'>proindeque</span> <span class='ocrx_word' id='word_1_11' title='bbox 433 255 484 299; x_wconf 89' lang='lat' dir='ltr'>ad</span> <span class='ocrx_word' id='word_1_12' title='bbox 518 261 825 299; x_wconf 86' lang='lat' dir='ltr'>sacramentum</span> <span class='ocrx_word' id='word_1_13' title='bbox 861 257 1017 301; x_wconf 84' lang='lat' dir='ltr'>ordinis</span> <span class='ocrx_word' id='word_1_14' title='bbox 1054 272 1150 302; x_wconf 76' lang='lat' dir='ltr'>vere</span> <span class='ocrx_word' id='word_1_15' title='bbox 1183 264 1223 303; x_wconf 88' lang='lat' dir='ltr'>et</span> <span class='ocrx_word' id='word_1_16' title='bbox 1272 262 1437 316; x_wconf 77' lang='lat' dir='ltr'><strong>proprie</strong></span> <span class='ocrx_word' id='word_1_17' title='bbox 1485 260 1641 304; x_wconf 89' lang='lat' dir='ltr'>dictum</span> <span class='ocrx_word' id='word_1_18' title='bbox 1690 274 1768 304; x_wconf 95' lang='lat' dir='ltr'>non</span> 
     </span>
     <span class='ocr_line' id='line_1_4' title="bbox 143 326 1770 388; baseline 0.004 -19"><span class='ocrx_word' id='word_1_19' title='bbox 143 326 396 382; x_wconf 73' lang='lat' dir='ltr'>pertingunt,</span> <span class='ocrx_word' id='word_1_20' title='bbox 430 338 479 368; x_wconf 93' lang='lat' dir='ltr'>eo</span> <span class='ocrx_word' id='word_1_21' title='bbox 511 326 620 383; x_wconf 91' lang='lat' dir='ltr'>quod</span> <span class='ocrx_word' id='word_1_22' title='bbox 656 331 845 370; x_wconf 79' lang='lat' dir='ltr'>carentes</span> <span class='ocrx_word' id='word_1_23' title='bbox 878 327 1019 371; x_wconf 86' lang='lat' dir='ltr'>divina</span> <span class='ocrx_word' id='word_1_24' title='bbox 1056 332 1312 374; x_wconf 89' lang='lat' dir='ltr'>institutione</span> <span class='ocrx_word' id='word_1_25' title='bbox 1346 337 1555 388; x_wconf 80' lang='lat' dir='ltr'>nequeunt</span> <span class='ocrx_word' id='word_1_26' title='bbox 1579 333 1770 375; x_wconf 79' lang='lat' dir='ltr'>conferre</span> 
     </span>
     <span class='ocr_line' id='line_1_5' title="bbox 137 398 329 452; baseline 0.005 -13"><span class='ocrx_word' id='word_1_27' title='bbox 137 398 329 452; x_wconf 82' lang='lat' dir='ltr'>gratiam.</span> 
     </span>
    </p>

    <p class='ocr_par' dir='ltr' id='par_1_4' title="bbox 131 466 1765 1362">
     <span class='ocr_line' id='line_1_6' title="bbox 258 466 1765 527; baseline 0.005 -17"><span class='ocrx_word' id='word_1_28' title='bbox 258 466 335 511; x_wconf 89' lang='lat' dir='ltr'>Hic</span> <span class='ocrx_word' id='word_1_29' title='bbox 358 467 518 512; x_wconf 88' lang='lat' dir='ltr'>Titulus</span> <span class='ocrx_word' id='word_1_30' title='bbox 537 474 752 525; x_wconf 79' lang='lat' dir='ltr'>postquam</span> <span class='ocrx_word' id='word_1_31' title='bbox 774 474 999 527; x_wconf 86' lang='lat' dir='ltr'>praemittit</span> <span class='ocrx_word' id='word_1_32' title='bbox 1024 486 1149 515; x_wconf 86' lang='lat' dir='ltr'>unum</span> <span class='ocrx_word' id='word_1_33' title='bbox 1175 486 1265 516; x_wconf 89' lang='lat' dir='ltr'>can.</span> <span class='ocrx_word' id='word_1_34' title='bbox 1291 474 1374 516; x_wconf 71' lang='grc'>948</span> <span class='ocrx_word' id='word_1_35' title='bbox 1399 473 1765 525; x_wconf 79' lang='lat' dir='ltr'>tumlamentalem,</span> 
     </span>
     <span class='ocr_line' id='line_1_7' title="bbox 139 539 1763 594; baseline 0.004 -14"><span class='ocrx_word' id='word_1_36' title='bbox 139 543 260 594; x_wconf 91' lang='lat' dir='ltr'>prout</span> <span class='ocrx_word' id='word_1_37' title='bbox 308 552 397 582; x_wconf 89' lang='lat' dir='ltr'>mos</span> <span class='ocrx_word' id='word_1_38' title='bbox 443 544 504 583; x_wconf 90' lang='lat' dir='ltr'>est</span> <span class='ocrx_word' id='word_1_39' title='bbox 550 542 589 583; x_wconf 94' lang='lat' dir='ltr'>in</span> <span class='ocrx_word' id='word_1_40' title='bbox 639 539 803 589; x_wconf 83' lang='lat' dir='ltr'>Codice,</span> <span class='ocrx_word' id='word_1_41' title='bbox 839 554 886 585; x_wconf 88' lang='lat' dir='ltr'>ac</span> <span class='ocrx_word' id='word_1_42' title='bbox 920 542 1024 585; x_wconf 91' lang='lat' dir='ltr'>duos</span> <span class='ocrx_word' id='word_1_43' title='bbox 1057 544 1159 586; x_wconf 88' lang='lat' dir='ltr'>alios</span> <span class='ocrx_word' id='word_1_44' title='bbox 1193 545 1290 591; x_wconf 77' lang='grc'><strong>949,</strong></span> <span class='ocrx_word' id='word_1_45' title='bbox 1327 545 1409 587; x_wconf 74' lang='lat'>950</span> <span class='ocrx_word' id='word_1_46' title='bbox 1444 544 1495 587; x_wconf 82' lang='lat' dir='ltr'>(lo</span> <span class='ocrx_word' id='word_1_47' title='bbox 1542 544 1763 588; x_wconf 66' lang='lat' dir='ltr'>verborum</span> 
     </span>
     <span class='ocr_line' id='line_1_8' title="bbox 137 607 1763 671; baseline 0.005 -21"><span class='ocrx_word' id='word_1_48' title='bbox 137 607 246 651; x_wconf 88' lang='lat' dir='ltr'>illius</span> <span class='ocrx_word' id='word_1_49' title='bbox 277 611 595 666; x_wconf 77' lang='lat' dir='ltr'>significatione,</span> <span class='ocrx_word' id='word_1_50' title='bbox 629 616 754 654; x_wconf 91' lang='lat' dir='ltr'>totam</span> <span class='ocrx_word' id='word_1_51' title='bbox 790 615 879 656; x_wconf 89' lang='lat' dir='ltr'>eius</span> <span class='ocrx_word' id='word_1_52' title='bbox 914 616 1127 656; x_wconf 76' lang='lat' dir='ltr'>materiam</span> <span class='ocrx_word' id='word_1_53' title='bbox 1179 615 1255 658; x_wconf 75' lang='lat' dir='ltr'>sol)</span> <span class='ocrx_word' id='word_1_54' title='bbox 1303 615 1506 671; x_wconf 84' lang='lat' dir='ltr'>capitibus</span> <span class='ocrx_word' id='word_1_55' title='bbox 1553 629 1623 658; x_wconf 79' lang='lat' dir='ltr'>sex</span> <span class='ocrx_word' id='word_1_56' title='bbox 1669 628 1763 659; x_wconf 92' lang='lat' dir='ltr'>con-</span> 
     </span>
     <span class='ocr_line' id='line_1_9' title="bbox 135 679 1761 742; baseline 0.005 -20"><span class='ocrx_word' id='word_1_57' title='bbox 135 679 279 730; x_wconf 78' lang='lat' dir='ltr'>cludit,</span> <span class='ocrx_word' id='word_1_58' title='bbox 312 681 457 724; x_wconf 81' lang='lat' dir='ltr'>ordine</span> <span class='ocrx_word' id='word_1_59' title='bbox 492 684 597 725; x_wconf 80' lang='lat' dir='ltr'>inter</span> <span class='ocrx_word' id='word_1_60' title='bbox 631 682 732 726; x_wconf 78' lang='lat' dir='ltr'>llaec</span> <span class='ocrx_word' id='word_1_61' title='bbox 765 689 946 738; x_wconf 73' lang='lat' dir='ltr'>servato,</span> <span class='ocrx_word' id='word_1_62' title='bbox 981 686 1100 727; x_wconf 84' lang='lat' dir='ltr'>sicuti</span> <span class='ocrx_word' id='word_1_63' title='bbox 1137 685 1255 728; x_wconf 82' lang='lat' dir='ltr'>nobis</span> <span class='ocrx_word' id='word_1_64' title='bbox 1288 691 1345 728; x_wconf 79' lang='lat' dir='ltr'>cst</span> <span class='ocrx_word' id='word_1_65' title='bbox 1383 686 1447 728; x_wconf 88' lang='lat' dir='ltr'>ille</span> <span class='ocrx_word' id='word_1_66' title='bbox 1481 689 1670 742; x_wconf 77' lang='lat' dir='ltr'>cognitus</span> <span class='ocrx_word' id='word_1_67' title='bbox 1713 700 1761 730; x_wconf 77' lang='lat' dir='ltr'>ex</span> 
     </span>
     <span class='ocr_line' id='line_1_10' title="bbox 135 748 1760 813; baseline 0.005 -21"><span class='ocrx_word' id='word_1_68' title='bbox 135 748 280 793; x_wconf 90' lang='lat' dir='ltr'>Titulis</span> <span class='ocrx_word' id='word_1_69' title='bbox 312 750 434 794; x_wconf 83' lang='lat' dir='ltr'>liuius</span> <span class='ocrx_word' id='word_1_70' title='bbox 467 755 575 795; x_wconf 89' lang='lat' dir='ltr'>tertii</span> <span class='ocrx_word' id='word_1_71' title='bbox 613 753 736 807; x_wconf 72' lang='lat' dir='ltr'>Libri,</span> <span class='ocrx_word' id='word_1_72' title='bbox 771 768 941 811; x_wconf 80' lang='lat' dir='ltr'>nempe:</span> <span class='ocrx_word' id='word_1_73' title='bbox 981 754 1115 813; x_wconf 76' lang='lat' dir='ltr'>Caput</span> <span class='ocrx_word' id='word_1_74' title='bbox 1152 754 1179 798; x_wconf 92' lang='grc' dir='ltr'>Ι.</span> <span class='ocrx_word' id='word_1_75' title='bbox 1221 755 1276 798; x_wconf 61' lang='lat' dir='ltr'>lh&gt;</span> <span class='ocrx_word' id='word_1_76' title='bbox 1311 757 1503 799; x_wconf 63' lang='grc' dir='ltr'>ηιίηιζςΙνο</span> <span class='ocrx_word' id='word_1_77' title='bbox 1527 771 1675 799; x_wconf 73' lang='lat' dir='ltr'>sacrae</span> <span class='ocrx_word' id='word_1_78' title='bbox 1698 771 1760 800; x_wconf 80' lang='lat' dir='ltr'>or—</span> 
     </span>
     <span class='ocr_line' id='line_1_11' title="bbox 134 820 1760 880; baseline 0.004 -17"><span class='ocrx_word' id='word_1_79' title='bbox 134 820 396 873; x_wconf 69' lang='lat' dir='ltr'>di&#39;notiom&#39;s;</span> <span class='ocrx_word' id='word_1_80' title='bbox 432 821 567 880; x_wconf 61' lang='lat' dir='ltr'>(saginat</span> <span class='ocrx_word' id='word_1_81' title='bbox 603 822 652 868; x_wconf 96' lang='grc' dir='ltr'>ΙΙ.</span> <span class='ocrx_word' id='word_1_82' title='bbox 693 823 750 866; x_wconf 80' lang='lat' dir='ltr'>De</span> <span class='ocrx_word' id='word_1_83' title='bbox 781 824 963 868; x_wconf 67' lang='lat' dir='ltr'>subiecto</span> <span class='ocrx_word' id='word_1_84' title='bbox 996 840 1145 868; x_wconf 72' lang='lat' dir='ltr'>sacrae</span> <span class='ocrx_word' id='word_1_85' title='bbox 1187 826 1500 873; x_wconf 63' lang='lat' dir='ltr'>o=1·(li1mle&#39;onis,·</span> <span class='ocrx_word' id='word_1_86' title='bbox 1532 828 1602 869; x_wconf 76' lang='lat' dir='ltr'>sed</span> <span class='ocrx_word' id='word_1_87' title='bbox 1640 831 1760 871; x_wconf 85' lang='lat' dir='ltr'>inter-</span> 
     </span>
     <span class='ocr_line' id='line_1_12' title="bbox 135 895 1764 955; baseline 0.003 -21"><span class='ocrx_word' id='word_1_88' title='bbox 135 895 284 936; x_wconf 86' lang='lat' dir='ltr'>iectum</span> <span class='ocrx_word' id='word_1_89' title='bbox 334 899 393 937; x_wconf 91' lang='lat' dir='ltr'>est</span> <span class='ocrx_word' id='word_1_90' title='bbox 437 899 604 951; x_wconf 87' lang='lat' dir='ltr'>propter</span> <span class='ocrx_word' id='word_1_91' title='bbox 638 901 826 938; x_wconf 89' lang='lat' dir='ltr'>naturam</span> <span class='ocrx_word' id='word_1_92' title='bbox 864 896 986 940; x_wconf 84' lang='lat' dir='ltr'>liuius</span> <span class='ocrx_word' id='word_1_93' title='bbox 1018 900 1291 940; x_wconf 74' lang='lat' dir='ltr'>sacramenti:</span> <span class='ocrx_word' id='word_1_94' title='bbox 1330 898 1467 955; x_wconf 67' lang='lat' dir='ltr'>Caput</span> <span class='ocrx_word' id='word_1_95' title='bbox 1503 897 1575 941; x_wconf 90' lang='lat' dir='ltr'><em>Ill.</em></span> <span class='ocrx_word' id='word_1_96' title='bbox 1616 898 1672 941; x_wconf 76' lang='lat' dir='ltr'>lle</span> <span class='ocrx_word' id='word_1_97' title='bbox 1712 899 1764 941; x_wconf 76' lang='lat' dir='ltr'>iis</span> 
     </span>
     <span class='ocr_line' id='line_1_13' title="bbox 132 965 1761 1024; baseline 0.002 -19"><span class='ocrx_word' id='word_1_98' title='bbox 132 976 240 1021; x_wconf 75' lang='lat' dir='ltr'>quae</span> <span class='ocrx_word' id='word_1_99' title='bbox 270 978 420 1007; x_wconf 71' lang='lat' dir='ltr'>sacrae</span> <span class='ocrx_word' id='word_1_100' title='bbox 451 965 718 1009; x_wconf 75' lang='lat' dir='ltr'>ordinationi</span> <span class='ocrx_word' id='word_1_101' title='bbox 746 967 921 1024; x_wconf 74' lang='lat' dir='ltr'>praeire</span> <span class='ocrx_word' id='word_1_102' title='bbox 952 967 1123 1014; x_wconf 71' lang='lat' dir='ltr'>debent,-</span> <span class='ocrx_word' id='word_1_103' title='bbox 1155 970 1220 1011; x_wconf 89' lang='lat' dir='ltr'>cui</span> <span class='ocrx_word' id='word_1_104' title='bbox 1255 969 1389 1011; x_wconf 87' lang='lat' dir='ltr'>simile</span> <span class='ocrx_word' id='word_1_105' title='bbox 1438 969 1547 1011; x_wconf 89' lang='lat' dir='ltr'>aliud</span> <span class='ocrx_word' id='word_1_106' title='bbox 1600 972 1636 1011; x_wconf 93' lang='lat' dir='ltr'>in</span> <span class='ocrx_word' id='word_1_107' title='bbox 1686 969 1761 1012; x_wconf 76' lang='lat' dir='ltr'>Tit.</span> 
     </span>
     <span class='ocr_line' id='line_1_14' title="bbox 131 1036 1761 1095; baseline 0.004 -18"><span class='ocrx_word' id='word_1_108' title='bbox 131 1047 217 1091; x_wconf 77' lang='lat' dir='ltr'>seq.</span> <span class='ocrx_word' id='word_1_109' title='bbox 252 1037 526 1081; x_wconf 77' lang='lat' dir='ltr'>inveniemus.</span> <span class='ocrx_word' id='word_1_110' title='bbox 561 1036 654 1081; x_wconf 86' lang='lat' dir='ltr'>Tria</span> <span class='ocrx_word' id='word_1_111' title='bbox 689 1043 894 1094; x_wconf 87' lang='lat' dir='ltr'>postrema</span> <span class='ocrx_word' id='word_1_112' title='bbox 930 1041 1063 1095; x_wconf 88' lang='lat' dir='ltr'>capita</span> <span class='ocrx_word' id='word_1_113' title='bbox 1098 1039 1232 1095; x_wconf 79' lang='lat' dir='ltr'>quoad</span> <span class='ocrx_word' id='word_1_114' title='bbox 1274 1040 1460 1081; x_wconf 77' lang='lat' dir='ltr'>ordinem</span> <span class='ocrx_word' id='word_1_115' title='bbox 1510 1040 1761 1083; x_wconf 68' lang='lat' dir='ltr'>concordant</span> 
     </span>
     <span class='ocr_line' id='line_1_15' title="bbox 132 1104 1760 1167; baseline 0.004 -20"><span class='ocrx_word' id='word_1_116' title='bbox 132 1104 266 1148; x_wconf 87' lang='lat' dir='ltr'>Titulo</span> <span class='ocrx_word' id='word_1_117' title='bbox 301 1106 325 1148; x_wconf 94' lang='lat' dir='ltr'>l.</span> <span class='ocrx_word' id='word_1_118' title='bbox 363 1106 420 1150; x_wconf 88' lang='lat' dir='ltr'>De</span> <span class='ocrx_word' id='word_1_119' title='bbox 455 1107 672 1164; x_wconf 77' lang='lat' dir='ltr'>baptismo,</span> <span class='ocrx_word' id='word_1_120' title='bbox 706 1108 893 1152; x_wconf 84' lang='lat' dir='ltr'>scilicet:</span> <span class='ocrx_word' id='word_1_121' title='bbox 932 1108 1067 1167; x_wconf 78' lang='lat' dir='ltr'>Caput</span> <span class='ocrx_word' id='word_1_122' title='bbox 1104 1108 1173 1152; x_wconf 72' lang='lat' dir='ltr'>[V.</span> <span class='ocrx_word' id='word_1_123' title='bbox 1215 1108 1271 1152; x_wconf 73' lang='lat' dir='ltr'>lle</span> <span class='ocrx_word' id='word_1_124' title='bbox 1304 1109 1454 1152; x_wconf 76' lang='lat' dir='ltr'>ritibus</span> <span class='ocrx_word' id='word_1_125' title='bbox 1489 1117 1526 1152; x_wconf 76' lang='lat' dir='ltr'>et</span> <span class='ocrx_word' id='word_1_126' title='bbox 1561 1125 1760 1154; x_wconf 71' lang='lat' dir='ltr'>caeremo-</span> 
     </span>
     <span class='ocr_line' id='line_1_16' title="bbox 132 1176 1760 1237; baseline 0.004 -19"><span class='ocrx_word' id='word_1_127' title='bbox 132 1176 256 1220; x_wconf 76' lang='lat' dir='ltr'>niis...</span> <span class='ocrx_word' id='word_1_128' title='bbox 297 1178 430 1235; x_wconf 71' lang='lat' dir='ltr'>Caput</span> <span class='ocrx_word' id='word_1_129' title='bbox 476 1178 512 1223; x_wconf 74' lang='lat' dir='ltr'>i&#39;.</span> <span class='ocrx_word' id='word_1_130' title='bbox 553 1178 611 1221; x_wconf 81' lang='lat' dir='ltr'>De</span> <span class='ocrx_word' id='word_1_131' title='bbox 645 1185 828 1237; x_wconf 77' lang='lat' dir='ltr'>tempore</span> <span class='ocrx_word' id='word_1_132' title='bbox 859 1187 897 1223; x_wconf 83' lang='lat' dir='ltr'>et</span> <span class='ocrx_word' id='word_1_133' title='bbox 932 1180 1019 1224; x_wconf 80' lang='lat' dir='ltr'>loeo</span> <span class='ocrx_word' id='word_1_134' title='bbox 1053 1195 1202 1223; x_wconf 69' lang='lat' dir='ltr'>sacrae</span> <span class='ocrx_word' id='word_1_135' title='bbox 1236 1180 1550 1231; x_wconf 63' lang='lat' dir='ltr'>0›·‹lin‹1ti0m‘.s·‚·</span> <span class='ocrx_word' id='word_1_136' title='bbox 1587 1187 1623 1224; x_wconf 81' lang='lat' dir='ltr'>et</span> <span class='ocrx_word' id='word_1_137' title='bbox 1671 1182 1760 1224; x_wconf 87' lang='lat' dir='ltr'>nlti-</span> 
     </span>
     <span class='ocr_line' id='line_1_17' title="bbox 133 1248 1761 1310; baseline 0.002 -20"><span class='ocrx_word' id='word_1_138' title='bbox 133 1261 244 1291; x_wconf 89' lang='lat' dir='ltr'>mum</span> <span class='ocrx_word' id='word_1_139' title='bbox 275 1248 408 1306; x_wconf 70' lang='lat' dir='ltr'>Capu!</span> <span class='ocrx_word' id='word_1_140' title='bbox 457 1248 515 1292; x_wconf 71' lang='lat' dir='ltr'>VJ.</span> <span class='ocrx_word' id='word_1_141' title='bbox 554 1249 611 1293; x_wconf 80' lang='lat' dir='ltr'>He</span> <span class='ocrx_word' id='word_1_142' title='bbox 643 1250 918 1294; x_wconf 65' lang='lat' dir='ltr'>adnotatione</span> <span class='ocrx_word' id='word_1_143' title='bbox 956 1266 1005 1294; x_wconf 79' lang='lat' dir='ltr'>ac</span> <span class='ocrx_word' id='word_1_144' title='bbox 1047 1252 1296 1295; x_wconf 68' lang='lat' dir='ltr'>testimonio</span> <span class='ocrx_word' id='word_1_145' title='bbox 1340 1259 1542 1310; x_wconf 73' lang='lat' dir='ltr'>peractae</span> <span class='ocrx_word' id='word_1_146' title='bbox 1589 1253 1761 1295; x_wconf 76' lang='lat' dir='ltr'>ordina-</span> 
     </span>
     <span class='ocr_line' id='line_1_18' title="bbox 132 1319 981 1362; baseline 0.004 -1"><span class='ocrx_word' id='word_1_147' title='bbox 132 1319 273 1362; x_wconf 73' lang='lat' dir='ltr'>tionis.</span> <span class='ocrx_word' id='word_1_148' title='bbox 979 1329 981 1332; x_wconf 58' lang='lat'><strong>⁴</strong></span> 
     </span>
    </p>

    <p class='ocr_par' dir='ltr' id='par_1_5' title="bbox 121 1388 1760 2363">
     <span class='ocr_line' id='line_1_19' title="bbox 250 1388 1759 1442; baseline 0.006 -9"><span class='ocrx_word' id='word_1_149' title='bbox 250 1391 345 1435; x_wconf 72' lang='lat'>⁶294.</span> <span class='ocrx_word' id='word_1_150' title='bbox 367 1388 566 1440; x_wconf 78' lang='lat' dir='ltr'>Ordinis</span> <span class='ocrx_word' id='word_1_151' title='bbox 600 1397 735 1441; x_wconf 90' lang='lat' dir='ltr'>notio</span> <span class='ocrx_word' id='word_1_152' title='bbox 770 1409 833 1441; x_wconf 87' lang='lat' dir='ltr'>ex</span> <span class='ocrx_word' id='word_1_153' title='bbox 867 1397 1173 1442; x_wconf 84' lang='lat' dir='ltr'>institutione</span> <span class='ocrx_word' id='word_1_154' title='bbox 1206 1410 1265 1442; x_wconf 87' lang='lat' dir='ltr'>ac</span> <span class='ocrx_word' id='word_1_155' title='bbox 1298 1397 1413 1442; x_wconf 83' lang='lat' dir='ltr'>fine.</span> <span class='ocrx_word' id='word_1_156' title='bbox 1443 1421 1492 1426; x_wconf 37' lang='grc' dir='ltr'>-ψ</span> <span class='ocrx_word' id='word_1_157' title='bbox 1529 1397 1759 1439; x_wconf 56' lang='lat' dir='ltr'>(ltu-5148.</span> 
     </span>
     <span class='ocr_line' id='line_1_20' title="bbox 133 1460 1759 1523; baseline 0.004 -20"><span class='ocrx_word' id='word_1_158' title='bbox 133 1460 248 1506; x_wconf 79' lang='lat' dir='ltr'>Ordo</span> <span class='ocrx_word' id='word_1_159' title='bbox 270 1464 451 1507; x_wconf 84' lang='lat' dir='ltr'>scilicet:</span> <span class='ocrx_word' id='word_1_160' title='bbox 478 1468 514 1507; x_wconf 95' lang='lat' dir='ltr'>in</span> <span class='ocrx_word' id='word_1_161' title='bbox 541 1479 693 1520; x_wconf 80' lang='lat' dir='ltr'>genere</span> <span class='ocrx_word' id='word_1_162' title='bbox 718 1480 861 1510; x_wconf 84' lang='lat' dir='ltr'>onmes</span> <span class='ocrx_word' id='word_1_163' title='bbox 895 1469 984 1509; x_wconf 81' lang='lat' dir='ltr'>cius</span> <span class='ocrx_word' id='word_1_164' title='bbox 1017 1468 1172 1523; x_wconf 81' lang='lat' dir='ltr'>gradus</span> <span class='ocrx_word' id='word_1_165' title='bbox 1205 1467 1500 1523; x_wconf 71' lang='lat' dir='ltr'>complectens,</span> <span class='ocrx_word' id='word_1_166' title='bbox 1535 1467 1604 1509; x_wconf 82' lang='lat' dir='ltr'>sed</span> <span class='ocrx_word' id='word_1_167' title='bbox 1642 1472 1759 1523; x_wconf 90' lang='lat' dir='ltr'>prout</span> 
     </span>
     <span class='ocr_line' id='line_1_21' title="bbox 134 1536 1760 1595; baseline 0.002 -20"><span class='ocrx_word' id='word_1_168' title='bbox 134 1548 152 1574; x_wconf 69' lang='lat' dir='ltr'>z&lt;</span> <span class='ocrx_word' id='word_1_169' title='bbox 173 1536 261 1577; x_wconf 88' lang='lat' dir='ltr'>eius</span> <span class='ocrx_word' id='word_1_170' title='bbox 287 1538 443 1579; x_wconf 84' lang='lat' dir='ltr'>ratione</span> <span class='ocrx_word' id='word_1_171' title='bbox 465 1549 582 1580; x_wconf 89' lang='lat' dir='ltr'>sacra</span> <span class='ocrx_word' id='word_1_172' title='bbox 610 1537 842 1581; x_wconf 77' lang='lat' dir='ltr'>hierarchia</span> <span class='ocrx_word' id='word_1_173' title='bbox 867 1543 1025 1581; x_wconf 88' lang='lat' dir='ltr'>constat</span> <span class='ocrx_word' id='word_1_174' title='bbox 1048 1555 1066 1579; x_wconf 84' lang='lat'>›&gt;</span> <span class='ocrx_word' id='word_1_175' title='bbox 1092 1539 1199 1595; x_wconf 90' lang='lat' dir='ltr'>(can.</span> <span class='ocrx_word' id='word_1_176' title='bbox 1223 1540 1318 1591; x_wconf 68' lang='lat'>108,</span> <span class='ocrx_word' id='word_1_177' title='bbox 1338 1538 1365 1595; x_wconf 57' lang='grc' dir='ltr'><em>ἑ</em></span> <span class='ocrx_word' id='word_1_178' title='bbox 1385 1539 1429 1592; x_wconf 82' lang='grc'>3)</span> <span class='ocrx_word' id='word_1_179' title='bbox 1448 1552 1498 1580; x_wconf 66' lang='lat' dir='ltr'>es</span> <span class='ocrx_word' id='word_1_180' title='bbox 1526 1537 1685 1581; x_wconf 62' lang='lat' dir='ltr'>Clo-iso</span> <span class='ocrx_word' id='word_1_181' title='bbox 1704 1538 1760 1580; x_wconf 79' lang='lat' dir='ltr'>in-</span> 
     </span>
     <span class='ocr_line' id='line_1_22' title="bbox 127 1604 1758 1665; baseline 0.004 -19"><span class='ocrx_word' id='word_1_182' title='bbox 127 1604 361 1662; x_wconf 73' lang='lat' dir='ltr'>stitutione,</span> <span class='ocrx_word' id='word_1_183' title='bbox 386 1607 558 1664; x_wconf 83' lang='lat' dir='ltr'>proinde</span> <span class='ocrx_word' id='word_1_184' title='bbox 582 1610 619 1651; x_wconf 91' lang='lat' dir='ltr'>in</span> <span class='ocrx_word' id='word_1_185' title='bbox 650 1624 667 1649; x_wconf 87' lang='lat'>«</span> <span class='ocrx_word' id='word_1_186' title='bbox 684 1608 913 1665; x_wconf 76' lang='lat' dir='ltr'>Episcopis‚</span> <span class='ocrx_word' id='word_1_187' title='bbox 941 1609 1192 1665; x_wconf 82' lang='lat' dir='ltr'>presbyteris</span> <span class='ocrx_word' id='word_1_188' title='bbox 1215 1614 1253 1652; x_wconf 89' lang='lat' dir='ltr'>et</span> <span class='ocrx_word' id='word_1_189' title='bbox 1274 1612 1510 1652; x_wconf 77' lang='lat' dir='ltr'>ministris»</span> <span class='ocrx_word' id='word_1_190' title='bbox 1535 1609 1631 1665; x_wconf 88' lang='lat' dir='ltr'>(loc.</span> <span class='ocrx_word' id='word_1_191' title='bbox 1657 1608 1758 1665; x_wconf 68' lang='lat' dir='ltr'>cit).</span> 
     </span>
     <span class='ocr_line' id='line_1_23' title="bbox 121 1678 1755 1737; baseline 0.002 -18"><span class='ocrx_word' id='word_1_192' title='bbox 121 1687 174 1718; x_wconf 79' lang='lat' dir='ltr'>’ac</span> <span class='ocrx_word' id='word_1_193' title='bbox 208 1682 330 1733; x_wconf 92' lang='lat' dir='ltr'>prout</span> <span class='ocrx_word' id='word_1_194' title='bbox 361 1678 675 1722; x_wconf 79' lang='lat' dir='ltr'>Sacramentum</span> <span class='ocrx_word' id='word_1_195' title='bbox 711 1684 784 1722; x_wconf 89' lang='lat' dir='ltr'>est.</span> <span class='ocrx_word' id='word_1_196' title='bbox 819 1680 965 1734; x_wconf 84' lang='lat' dir='ltr'>Quoad</span> <span class='ocrx_word' id='word_1_197' title='bbox 992 1685 1153 1723; x_wconf 83' lang='lat' dir='ltr'>ceteros</span> <span class='ocrx_word' id='word_1_198' title='bbox 1191 1694 1288 1723; x_wconf 71' lang='lat' dir='ltr'>vero</span> <span class='ocrx_word' id='word_1_199' title='bbox 1337 1680 1491 1735; x_wconf 80' lang='lat' dir='ltr'>gradus</span> <span class='ocrx_word' id='word_1_200' title='bbox 1543 1683 1609 1737; x_wconf 79' lang='lat' dir='ltr'>(pii</span> <span class='ocrx_word' id='word_1_201' title='bbox 1665 1700 1678 1718; x_wconf 92' lang='lat'>«</span> <span class='ocrx_word' id='word_1_202' title='bbox 1708 1695 1755 1723; x_wconf 76' lang='lat' dir='ltr'>ex</span> 
     </span>
     <span class='ocr_line' id='line_1_24' title="bbox 127 1747 1760 1808; baseline 0.002 -17"><span class='ocrx_word' id='word_1_203' title='bbox 127 1747 339 1804; x_wconf 68' lang='lat' dir='ltr'>Ecclesiae</span> <span class='ocrx_word' id='word_1_204' title='bbox 373 1751 628 1793; x_wconf 89' lang='lat' dir='ltr'>institutione</span> <span class='ocrx_word' id='word_1_205' title='bbox 651 1764 904 1794; x_wconf 81' lang='lat' dir='ltr'>accessere»</span> <span class='ocrx_word' id='word_1_206' title='bbox 935 1751 1031 1808; x_wconf 91' lang='lat' dir='ltr'>(loc.</span> <span class='ocrx_word' id='word_1_207' title='bbox 1057 1751 1160 1808; x_wconf 76' lang='lat' dir='ltr'>cit),</span> <span class='ocrx_word' id='word_1_208' title='bbox 1184 1765 1277 1794; x_wconf 71' lang='lat' dir='ltr'>(tum</span> <span class='ocrx_word' id='word_1_209' title='bbox 1313 1754 1392 1794; x_wconf 85' lang='lat' dir='ltr'>sint</span> <span class='ocrx_word' id='word_1_210' title='bbox 1427 1752 1760 1802; x_wconf 79' lang='lat' dir='ltr'>sacramentalia,</span> 
     </span>
     <span class='ocr_line' id='line_1_25' title="bbox 126 1820 1757 1879; baseline 0.002 -18"><span class='ocrx_word' id='word_1_211' title='bbox 126 1831 174 1861; x_wconf 91' lang='lat' dir='ltr'>eo</span> <span class='ocrx_word' id='word_1_212' title='bbox 207 1820 316 1876; x_wconf 88' lang='lat' dir='ltr'>quod</span> <span class='ocrx_word' id='word_1_213' title='bbox 358 1821 702 1864; x_wconf 86' lang='lat' dir='ltr'>«sacramentale</span> <span class='ocrx_word' id='word_1_214' title='bbox 734 1821 889 1865; x_wconf 89' lang='lat' dir='ltr'>dicitur</span> <span class='ocrx_word' id='word_1_215' title='bbox 923 1821 989 1865; x_wconf 91' lang='lat' dir='ltr'>illa</span> <span class='ocrx_word' id='word_1_216' title='bbox 1025 1825 1145 1869; x_wconf 86' lang='lat' dir='ltr'>actio,</span> <span class='ocrx_word' id='word_1_217' title='bbox 1181 1835 1287 1879; x_wconf 80' lang='lat' dir='ltr'>quae</span> <span class='ocrx_word' id='word_1_218' title='bbox 1322 1825 1514 1878; x_wconf 76' lang='lat' dir='ltr'>(piamris</span> <span class='ocrx_word' id='word_1_219' title='bbox 1548 1836 1625 1864; x_wconf 92' lang='lat' dir='ltr'>non</span> <span class='ocrx_word' id='word_1_220' title='bbox 1668 1836 1757 1878; x_wconf 93' lang='lat' dir='ltr'>per-</span> 
     </span>
     <span class='ocr_line' id='line_1_26' title="bbox 127 1891 1755 1949; baseline 0.002 -17"><span class='ocrx_word' id='word_1_221' title='bbox 127 1892 247 1947; x_wconf 86' lang='lat' dir='ltr'>tingit</span> <span class='ocrx_word' id='word_1_222' title='bbox 279 1891 328 1934; x_wconf 89' lang='lat' dir='ltr'>ad</span> <span class='ocrx_word' id='word_1_223' title='bbox 366 1891 479 1934; x_wconf 92' lang='lat' dir='ltr'>illum</span> <span class='ocrx_word' id='word_1_224' title='bbox 515 1892 707 1936; x_wconf 83' lang='lat' dir='ltr'>effectum</span> <span class='ocrx_word' id='word_1_225' title='bbox 746 1893 1031 1949; x_wconf 87' lang='lat' dir='ltr'>principaliter</span> <span class='ocrx_word' id='word_1_226' title='bbox 1066 1896 1267 1937; x_wconf 91' lang='lat' dir='ltr'>intentum</span> <span class='ocrx_word' id='word_1_227' title='bbox 1314 1896 1350 1936; x_wconf 92' lang='lat' dir='ltr'>in</span> <span class='ocrx_word' id='word_1_228' title='bbox 1400 1898 1755 1936; x_wconf 84' lang='lat' dir='ltr'>sacramentorum</span> 
     </span>
     <span class='ocr_line' id='line_1_27' title="bbox 125 1962 1754 2021; baseline 0.002 -17"><span class='ocrx_word' id='word_1_229' title='bbox 125 1962 497 2006; x_wconf 83' lang='lat' dir='ltr'>administratione.</span> <span class='ocrx_word' id='word_1_230' title='bbox 532 1967 668 2006; x_wconf 88' lang='lat' dir='ltr'>tamen</span> <span class='ocrx_word' id='word_1_231' title='bbox 702 1964 920 2008; x_wconf 88' lang='lat' dir='ltr'>ordinatur</span> <span class='ocrx_word' id='word_1_232' title='bbox 951 1964 1090 2021; x_wconf 78' lang='lat' dir='ltr'>aliquo</span> <span class='ocrx_word' id='word_1_233' title='bbox 1136 1965 1257 2007; x_wconf 88' lang='lat' dir='ltr'>modo</span> <span class='ocrx_word' id='word_1_234' title='bbox 1302 1964 1349 2007; x_wconf 91' lang='lat' dir='ltr'>ad</span> <span class='ocrx_word' id='word_1_235' title='bbox 1399 1964 1507 2006; x_wconf 85' lang='lat' dir='ltr'>illam</span> <span class='ocrx_word' id='word_1_236' title='bbox 1551 1967 1754 2007; x_wconf 78' lang='lat' dir='ltr'>actionem</span> 
     </span>
     <span class='ocr_line' id='line_1_28' title="bbox 126 2032 1756 2091; baseline 0.001 -16"><span class='ocrx_word' id='word_1_237' title='bbox 126 2032 458 2089; x_wconf 80' lang='lat' dir='ltr'>principalem»,</span> <span class='ocrx_word' id='word_1_238' title='bbox 494 2038 533 2076; x_wconf 88' lang='lat' dir='ltr'>ut</span> <span class='ocrx_word' id='word_1_239' title='bbox 567 2047 690 2090; x_wconf 85' lang='lat' dir='ltr'>snpra</span> <span class='ocrx_word' id='word_1_240' title='bbox 727 2037 764 2077; x_wconf 92' lang='lat' dir='ltr'>in</span> <span class='ocrx_word' id='word_1_241' title='bbox 799 2047 888 2078; x_wconf 88' lang='lat' dir='ltr'>can.</span> <span class='ocrx_word' id='word_1_242' title='bbox 916 2036 1000 2077; x_wconf 76' lang='lat'>945</span> <span class='ocrx_word' id='word_1_243' title='bbox 1024 2036 1179 2079; x_wconf 74' lang='lat' dir='ltr'>(lictum</span> <span class='ocrx_word' id='word_1_244' title='bbox 1206 2040 1265 2078; x_wconf 87' lang='lat' dir='ltr'>est</span> <span class='ocrx_word' id='word_1_245' title='bbox 1289 2048 1337 2078; x_wconf 80' lang='lat' dir='ltr'>ex</span> <span class='ocrx_word' id='word_1_246' title='bbox 1368 2035 1411 2078; x_wconf 85' lang='lat' dir='ltr'>l).</span> <span class='ocrx_word' id='word_1_247' title='bbox 1436 2034 1508 2077; x_wconf 81' lang='lat' dir='ltr'>Th.</span> <span class='ocrx_word' id='word_1_248' title='bbox 1534 2035 1628 2091; x_wconf 83' lang='lat' dir='ltr'>(loc.</span> <span class='ocrx_word' id='word_1_249' title='bbox 1654 2035 1756 2091; x_wconf 71' lang='lat' dir='ltr'>cit),</span> 
     </span>
     <span class='ocr_line' id='line_1_29' title="bbox 124 2105 1755 2163; baseline 0.002 -17"><span class='ocrx_word' id='word_1_250' title='bbox 124 2108 248 2159; x_wconf 81' lang='lat' dir='ltr'>atque</span> <span class='ocrx_word' id='word_1_251' title='bbox 283 2106 395 2147; x_wconf 85' lang='lat' dir='ltr'>iuxta</span> <span class='ocrx_word' id='word_1_252' title='bbox 429 2117 518 2148; x_wconf 81' lang='lat' dir='ltr'>can.</span> <span class='ocrx_word' id='word_1_253' title='bbox 559 2105 665 2148; x_wconf 78' lang='grc'>1144</span> <span class='ocrx_word' id='word_1_254' title='bbox 708 2121 727 2146; x_wconf 87' lang='lat'>«</span> <span class='ocrx_word' id='word_1_255' title='bbox 746 2105 1118 2149; x_wconf 85' lang='lat' dir='ltr'>sacramentalibus</span> <span class='ocrx_word' id='word_1_256' title='bbox 1153 2106 1351 2150; x_wconf 85' lang='lat' dir='ltr'>Ecclesia.</span> <span class='ocrx_word' id='word_1_257' title='bbox 1394 2109 1430 2148; x_wconf 90' lang='lat' dir='ltr'>in</span> <span class='ocrx_word' id='word_1_258' title='bbox 1465 2107 1645 2163; x_wconf 84' lang='lat' dir='ltr'>aliquam</span> <span class='ocrx_word' id='word_1_259' title='bbox 1686 2109 1755 2149; x_wconf 65' lang='lat' dir='ltr'>Sa-</span> 
     </span>
     <span class='ocr_line' id='line_1_30' title="bbox 124 2177 1754 2233; baseline 0.001 -15"><span class='ocrx_word' id='word_1_260' title='bbox 124 2180 432 2218; x_wconf 86' lang='lat' dir='ltr'>cramentorum</span> <span class='ocrx_word' id='word_1_261' title='bbox 470 2178 756 2231; x_wconf 79' lang='lat' dir='ltr'>imilationem,</span> <span class='ocrx_word' id='word_1_262' title='bbox 792 2180 847 2220; x_wconf 87' lang='lat' dir='ltr'>uti</span> <span class='ocrx_word' id='word_1_263' title='bbox 881 2177 984 2220; x_wconf 83' lang='lat' dir='ltr'>solet</span> <span class='ocrx_word' id='word_1_264' title='bbox 1004 2194 1042 2231; x_wconf 72' lang='lat'>»,</span> <span class='ocrx_word' id='word_1_265' title='bbox 1070 2178 1243 2233; x_wconf 87' lang='lat' dir='ltr'>proinde</span> <span class='ocrx_word' id='word_1_266' title='bbox 1280 2177 1379 2221; x_wconf 85' lang='lat' dir='ltr'>haec</span> <span class='ocrx_word' id='word_1_267' title='bbox 1409 2180 1446 2219; x_wconf 90' lang='lat' dir='ltr'>in</span> <span class='ocrx_word' id='word_1_268' title='bbox 1475 2177 1635 2220; x_wconf 89' lang='lat' dir='ltr'>illorum</span> <span class='ocrx_word' id='word_1_269' title='bbox 1662 2191 1754 2233; x_wconf 81' lang='lat' dir='ltr'>gra-</span> 
     </span>
     <span class='ocr_line' id='line_1_31' title="bbox 124 2245 1753 2304; baseline 0.001 -15"><span class='ocrx_word' id='word_1_270' title='bbox 124 2245 251 2289; x_wconf 90' lang='lat' dir='ltr'>duum</span> <span class='ocrx_word' id='word_1_271' title='bbox 286 2246 506 2290; x_wconf 86' lang='lat' dir='ltr'>collatione</span> <span class='ocrx_word' id='word_1_272' title='bbox 539 2249 817 2291; x_wconf 83' lang='lat' dir='ltr'>conformavit</span> <span class='ocrx_word' id='word_1_273' title='bbox 842 2251 1026 2304; x_wconf 62' lang='lat' dir='ltr'>&gt;seipsam</span> <span class='ocrx_word' id='word_1_274' title='bbox 1063 2249 1211 2291; x_wconf 19' lang='lat' dir='ltr'>(clliristi</span> <span class='ocrx_word' id='word_1_275' title='bbox 1248 2250 1492 2291; x_wconf 79' lang='lat' dir='ltr'>institutioni</span> <span class='ocrx_word' id='word_1_276' title='bbox 1517 2248 1650 2304; x_wconf 79' lang='lat' dir='ltr'>quoad</span> <span class='ocrx_word' id='word_1_277' title='bbox 1677 2246 1753 2292; x_wconf 86' lang='lat' dir='ltr'>Or-</span> 
     </span>
     <span class='ocr_line' id='line_1_32' title="bbox 123 2318 585 2363; baseline 0.004 -3"><span class='ocrx_word' id='word_1_278' title='bbox 123 2318 231 2361; x_wconf 89' lang='lat' dir='ltr'>dinis</span> <span class='ocrx_word' id='word_1_279' title='bbox 263 2323 585 2363; x_wconf 88' lang='lat' dir='ltr'>sacramentum.</span> 
     </span>
    </p>

    <p class='ocr_par' dir='ltr' id='par_1_6' title="bbox 122 2388 1757 2943">
     <span class='ocr_line' id='line_1_33' title="bbox 242 2388 1757 2447; baseline 0.001 -16"><span class='ocrx_word' id='word_1_280' title='bbox 242 2388 330 2431; x_wconf 91' lang='lat' dir='ltr'>Hoc</span> <span class='ocrx_word' id='word_1_281' title='bbox 362 2402 484 2432; x_wconf 90' lang='lat' dir='ltr'>sensu</span> <span class='ocrx_word' id='word_1_282' title='bbox 517 2390 638 2433; x_wconf 87' lang='lat' dir='ltr'>datae</span> <span class='ocrx_word' id='word_1_283' title='bbox 673 2393 1024 2447; x_wconf 83' lang='lat' dir='ltr'>interpretationis</span> <span class='ocrx_word' id='word_1_284' title='bbox 1058 2392 1325 2433; x_wconf 83' lang='lat' dir='ltr'>enuntiantur</span> <span class='ocrx_word' id='word_1_285' title='bbox 1371 2393 1455 2434; x_wconf 69' lang='lat' dir='ltr'>reri</span> <span class='ocrx_word' id='word_1_286' title='bbox 1500 2391 1658 2433; x_wconf 88' lang='lat' dir='ltr'>ordinis</span> <span class='ocrx_word' id='word_1_287' title='bbox 1700 2392 1757 2433; x_wconf 46' lang='lat' dir='ltr'>el&#39;*</span> 
     </span>
     <span class='ocr_line' id='line_1_34' title="bbox 125 2460 1754 2517; baseline 0 -15"><span class='ocrx_word' id='word_1_288' title='bbox 125 2462 270 2514; x_wconf 81' lang='lat' dir='ltr'>tectus,</span> <span class='ocrx_word' id='word_1_289' title='bbox 302 2460 410 2517; x_wconf 83' lang='lat' dir='ltr'>quod</span> <span class='ocrx_word' id='word_1_290' title='bbox 446 2460 488 2516; x_wconf 86' lang='lat' dir='ltr'>a)</span> <span class='ocrx_word' id='word_1_291' title='bbox 521 2460 695 2504; x_wconf 71' lang='lat' dir='ltr'>elericos</span> <span class='ocrx_word' id='word_1_292' title='bbox 730 2466 771 2504; x_wconf 90' lang='lat' dir='ltr'>ut</span> <span class='ocrx_word' id='word_1_293' title='bbox 805 2467 1045 2517; x_wconf 82' lang='lat' dir='ltr'>segregatos</span> <span class='ocrx_word' id='word_1_294' title='bbox 1077 2467 1187 2505; x_wconf 89' lang='lat' dir='ltr'>sorte</span> <span class='ocrx_word' id='word_1_295' title='bbox 1221 2476 1244 2504; x_wconf 82' lang='lat' dir='ltr'>a</span> <span class='ocrx_word' id='word_1_296' title='bbox 1270 2461 1393 2504; x_wconf 76' lang='lat' dir='ltr'>laicis</span> <span class='ocrx_word' id='word_1_297' title='bbox 1416 2476 1487 2505; x_wconf 86' lang='lat' dir='ltr'>seu</span> <span class='ocrx_word' id='word_1_298' title='bbox 1512 2465 1661 2505; x_wconf 89' lang='lat' dir='ltr'>ceteris</span> <span class='ocrx_word' id='word_1_299' title='bbox 1686 2476 1754 2517; x_wconf 90' lang='lat' dir='ltr'>po-</span> 
     </span>
     <span class='ocr_line' id='line_1_35' title="bbox 124 2530 1752 2590; baseline 0.001 -17"><span class='ocrx_word' id='word_1_300' title='bbox 124 2530 207 2587; x_wconf 90' lang='lat' dir='ltr'>puli</span> <span class='ocrx_word' id='word_1_301' title='bbox 245 2530 315 2573; x_wconf 89' lang='lat' dir='ltr'>Dei</span> <span class='ocrx_word' id='word_1_302' title='bbox 352 2531 544 2575; x_wconf 86' lang='lat' dir='ltr'>fidelibus</span> <span class='ocrx_word' id='word_1_303' title='bbox 576 2532 818 2590; x_wconf 74' lang='lat' dir='ltr'>cti&#39;stinqm&#39;t,</span> <span class='ocrx_word' id='word_1_304' title='bbox 857 2546 903 2575; x_wconf 88' lang='lat' dir='ltr'>ac</span> <span class='ocrx_word' id='word_1_305' title='bbox 950 2535 1133 2588; x_wconf 83' lang='lat' dir='ltr'>praecise</span> <span class='ocrx_word' id='word_1_306' title='bbox 1179 2539 1368 2589; x_wconf 88' lang='lat' dir='ltr'>respectu</span> <span class='ocrx_word' id='word_1_307' title='bbox 1414 2534 1506 2575; x_wconf 88' lang='lat' dir='ltr'>linis</span> <span class='ocrx_word' id='word_1_308' title='bbox 1548 2532 1752 2588; x_wconf 86' lang='lat' dir='ltr'>duplicis:</span> 
     </span>
     <span class='ocr_line' id='line_1_36' title="bbox 124 2600 1751 2661; baseline 0.001 -16"><span class='ocrx_word' id='word_1_309' title='bbox 124 2600 166 2658; x_wconf 90' lang='lat' dir='ltr'>b)</span> <span class='ocrx_word' id='word_1_310' title='bbox 201 2601 256 2644; x_wconf 79' lang='lat' dir='ltr'>ad</span> <span class='ocrx_word' id='word_1_311' title='bbox 288 2601 475 2658; x_wconf 76' lang='lat' dir='ltr'>ficlelimn</span> <span class='ocrx_word' id='word_1_312' title='bbox 508 2603 720 2660; x_wconf 62' lang='lat' dir='ltr'>reyi&#39;mem</span> <span class='ocrx_word' id='word_1_313' title='bbox 752 2603 936 2660; x_wconf 86' lang='lat' dir='ltr'>Apostoli</span> <span class='ocrx_word' id='word_1_314' title='bbox 972 2606 1079 2646; x_wconf 84' lang='lat' dir='ltr'>enim</span> <span class='ocrx_word' id='word_1_315' title='bbox 1114 2608 1222 2653; x_wconf 90' lang='lat' dir='ltr'>sunt,</span> <span class='ocrx_word' id='word_1_316' title='bbox 1246 2617 1349 2661; x_wconf 79' lang='lat' dir='ltr'>quos</span> <span class='ocrx_word' id='word_1_317' title='bbox 1384 2606 1420 2646; x_wconf 90' lang='lat' dir='ltr'>in</span> <span class='ocrx_word' id='word_1_318' title='bbox 1457 2603 1600 2646; x_wconf 83' lang='lat' dir='ltr'>ultima</span> <span class='ocrx_word' id='word_1_319' title='bbox 1625 2616 1751 2646; x_wconf 87' lang='lat' dir='ltr'>coena</span> 
     </span>
     <span class='ocr_line' id='line_1_37' title="bbox 122 2671 1750 2725; baseline -0.001 -9"><span class='ocrx_word' id='word_1_320' title='bbox 122 2671 310 2716; x_wconf 82' lang='lat' dir='ltr'>Christus</span> <span class='ocrx_word' id='word_1_321' title='bbox 342 2673 580 2717; x_wconf 88' lang='lat' dir='ltr'>sacerdotes</span> <span class='ocrx_word' id='word_1_322' title='bbox 613 2675 841 2725; x_wconf 89' lang='lat' dir='ltr'>constituit,</span> <span class='ocrx_word' id='word_1_323' title='bbox 878 2679 919 2716; x_wconf 92' lang='lat' dir='ltr'>ut.</span> <span class='ocrx_word' id='word_1_324' title='bbox 967 2675 1293 2717; x_wconf 87' lang='lat' dir='ltr'>demonstratum</span> <span class='ocrx_word' id='word_1_325' title='bbox 1345 2679 1403 2717; x_wconf 88' lang='lat' dir='ltr'>est</span> <span class='ocrx_word' id='word_1_326' title='bbox 1452 2675 1502 2717; x_wconf 90' lang='lat' dir='ltr'>ad</span> <span class='ocrx_word' id='word_1_327' title='bbox 1551 2686 1750 2717; x_wconf 82' lang='lat' dir='ltr'>canonem</span> 
     </span>
     <span class='ocr_line' id='line_1_38' title="bbox 126 2742 1751 2805; baseline 0.002 -21"><span class='ocrx_word' id='word_1_328' title='bbox 126 2742 223 2796; x_wconf 84' lang='lat'>108,</span> <span class='ocrx_word' id='word_1_329' title='bbox 258 2744 443 2798; x_wconf 89' lang='lat' dir='ltr'>ipsismet</span> <span class='ocrx_word' id='word_1_330' title='bbox 476 2743 575 2787; x_wconf 90' lang='lat' dir='ltr'>illud</span> <span class='ocrx_word' id='word_1_331' title='bbox 622 2746 806 2805; x_wconf 82' lang='lat' dir='ltr'>regimen</span> <span class='ocrx_word' id='word_1_332' title='bbox 857 2744 1027 2787; x_wconf 90' lang='lat' dir='ltr'>contulit</span> <span class='ocrx_word' id='word_1_333' title='bbox 1079 2757 1308 2802; x_wconf 86' lang='lat' dir='ltr'>eorumque</span> <span class='ocrx_word' id='word_1_334' title='bbox 1356 2744 1680 2797; x_wconf 75' lang='lat' dir='ltr'>successoribus,</span> <span class='ocrx_word' id='word_1_335' title='bbox 1714 2750 1751 2787; x_wconf 88' lang='lat' dir='ltr'>et</span> 
     </span>
     <span class='ocr_line' id='line_1_39' title="bbox 124 2811 1753 2871; baseline 0.001 -17"><span class='ocrx_word' id='word_1_336' title='bbox 124 2811 287 2855; x_wconf 89' lang='lat' dir='ltr'>diaconi</span> <span class='ocrx_word' id='word_1_337' title='bbox 321 2825 394 2868; x_wconf 90' lang='lat' dir='ltr'>per</span> <span class='ocrx_word' id='word_1_338' title='bbox 426 2813 645 2870; x_wconf 90' lang='lat' dir='ltr'>Apostolos</span> <span class='ocrx_word' id='word_1_339' title='bbox 677 2827 727 2857; x_wconf 84' lang='lat' dir='ltr'>ex</span> <span class='ocrx_word' id='word_1_340' title='bbox 762 2814 903 2857; x_wconf 71' lang='lat' dir='ltr'>divina</span> <span class='ocrx_word' id='word_1_341' title='bbox 946 2816 1215 2870; x_wconf 85' lang='lat' dir='ltr'>inspiratione</span> <span class='ocrx_word' id='word_1_342' title='bbox 1263 2829 1389 2871; x_wconf 90' lang='lat' dir='ltr'>super</span> <span class='ocrx_word' id='word_1_343' title='bbox 1435 2815 1753 2858; x_wconf 86' lang='lat' dir='ltr'>administratio-</span> 
     </span>
     <span class='ocr_line' id='line_1_40' title="bbox 123 2883 1753 2943; baseline 0.001 -17"><span class='ocrx_word' id='word_1_344' title='bbox 123 2895 218 2926; x_wconf 89' lang='lat' dir='ltr'>nem</span> <span class='ocrx_word' id='word_1_345' title='bbox 262 2883 567 2940; x_wconf 88' lang='lat' dir='ltr'>temporalium,</span> <span class='ocrx_word' id='word_1_346' title='bbox 614 2887 651 2927; x_wconf 94' lang='lat' dir='ltr'>in</span> <span class='ocrx_word' id='word_1_347' title='bbox 695 2887 930 2941; x_wconf 89' lang='lat' dir='ltr'>suipsorum</span> <span class='ocrx_word' id='word_1_348' title='bbox 976 2885 1229 2929; x_wconf 90' lang='lat' dir='ltr'>adiutorium</span> <span class='ocrx_word' id='word_1_349' title='bbox 1269 2886 1496 2943; x_wconf 87' lang='lat' dir='ltr'>spiritualis</span> <span class='ocrx_word' id='word_1_350' title='bbox 1539 2887 1753 2941; x_wconf 79' lang='lat' dir='ltr'>regiminis</span> 
     </span>
    </p>

    <p class='ocr_par' dir='ltr' id='par_1_7' title="bbox 202 2972 1665 3003">
     <span class='ocr_line' id='line_1_41' title="bbox 202 2972 1665 3003; baseline 0.001 -3"><span class='ocrx_word' id='word_1_351' title='bbox 202 2972 300 3001; x_wconf 68' lang='lat' dir='ltr'>BLAT</span> <span class='ocrx_word' id='word_1_352' title='bbox 321 2988 341 2994; x_wconf 98' lang='lat'>-</span> <span class='ocrx_word' id='word_1_353' title='bbox 366 2973 489 3002; x_wconf 82' lang='lat' dir='ltr'>Comm.</span> <span class='ocrx_word' id='word_1_354' title='bbox 518 2975 602 3003; x_wconf 72' lang='lat' dir='ltr'>Text.</span> <span class='ocrx_word' id='word_1_355' title='bbox 628 2974 703 3003; x_wconf 82' lang='lat' dir='ltr'>Ood.</span> <span class='ocrx_word' id='word_1_356' title='bbox 728 2974 802 3003; x_wconf 77' lang='lat' dir='ltr'>Inr.</span> <span class='ocrx_word' id='word_1_357' title='bbox 828 2974 910 3003; x_wconf 79' lang='lat' dir='ltr'>Can.</span> <span class='ocrx_word' id='word_1_358' title='bbox 1627 2974 1665 3002; x_wconf 86' lang='lat'>23</span> 
     </span>
    </p>
   </div>
  </div>
 </body>
</html>
