1971 3261
141 95 216 129 208
547 94 633 128 Lm.
661 94 732 127 III.
762 114 774 119 -
802 93 912 128 PARS
938 94 970 128 Ι.
999 114 1012 119 -
1040 93 1097 130 De
1123 94 1389 130 Sacramentis
1592 96 1685 133 Can.
1712 97 1783 132 870

144 214 306 271 aliquid
326 212 850 269 significareintelligatur,
872 213 983 270 quod
1016 217 1157 257 sancte
1195 214 1484 270 accipiendum
1517 219 1577 258 est
1602 214 1783 270 „.Mani-

150 286 297 328 testum
323 289 383 328 est
406 290 543 327 autem
578 283 688 340 quod
724 286 763 326 in
799 285 1050 339 poenitentia
1084 286 1138 328 ita
1173 297 1237 328 res
1261 290 1375 341 gesta
1406 287 1458 329 sit
1489 285 1598 343 quod
1624 285 1779 343 aliquid

148 360 337 399 sanctum
372 355 644 410 significatur,
681 358 761 396 tam
798 367 847 398 ex
885 359 999 410 parte
1035 358 1264 411 peccatoris
1299 358 1558 412 poenitentis,
1582 368 1705 414 quam
1730 369 1779 400 ex

152 430 266 482 parte
299 425 526 469 sacerdotis
560 423 835 473 absolventis;
870 437 965 468 nam
1001 431 1195 482 peccator
1229 429 1442 483 poenitens
1476 441 1548 484 per
1589 439 1637 470 ea
1674 440 1781 485 quae

152 498 247 540 facit
271 500 309 539 et
331 496 445 549 dicit,
469 495 648 538 ostendit
672 508 743 538 cor
765 509 886 539 suum
911 509 933 539 a
963 501 1131 553 peccato
1155 500 1397 551 recessisse3
1431 498 1624 541 similiter
1656 500 1779 541 etiam

142 567 343 611 vsacerdos
369 580 439 622 per
472 579 518 609 ea
552 579 658 623 quae
692 568 778 622 agit
800 572 839 610 et
862 567 962 610 dicit
985 571 1095 611 circa
1120 571 1414 624 poenitentem,
1439 570 1645 625 significat
1679 583 1782 626 opus

153 637 222 680 Dei
257 639 502 680 remittentis
527 642 710 693 peccata.
735 636 852 681 Unde
877 639 1144 682 manifestum
1167 643 1226 682 est
1250 640 1360 697 quod
1400 642 1652 697 poenitentia
1675 652 1781 698 quae

150 710 188 750 in
224 707 409 751 Ecclesia
442 711 580 764 agitur
612 712 673 751 est
706 713 1079 752 sacramentum».
1114 710 1193 753 Sic.
1220 709 1266 752 D.
1300 709 1372 752 Th.
1399 711 1426 751 1.
1460 725 1518 742 ‘—
1549 710 1591 754 ln
1626 724 1673 754 eo
1704 724 1782 769 per

149 777 393 821 2'udicialem
427 778 743 835 absolutionem,
776 792 871 822 nam
906 793 955 822 ex
989 779 1112 824 Conc.
1146 780 1256 823 Trid.
1292 780 1468 825 habetur
1514 780 1631 837 (sess.
1667 781 1778 839 XlV)

142 863 237 894 can.
274 849 345 892 lX:
387 850 468 894 «Si
505 852 596 907 quis
628 850 795 901 dixerit,
830 850 1134 894 absolutionem
1167 851 1511 901 sacramentalem
1546 852 1781 896 Sacerdotis

151 934 228 963 non
263 934 352 964 esse
385 925 523 964 actum
575 921 827 976 iudicialem,
860 921 930 965 sed
966 921 1124 965 nudum
1160 924 1434 965 ministerium
1477 924 1780 978 pronunciandi

148 997 188 1034 et
221 991 459 1035 declarandi
495 994 667 1035 remissa
700 1005 788 1036 esse
824 997 991 1048 peccata
1026 993 1253 1048 confitenti,
1288 993 1408 1036 modo
1441 998 1601 1037 tantum
1636 994 1780 1039 credat

141 1075 191 1106 se
225 1076 314 1106 esse
348 1062 642 1118 ahsolutum,...
678 1063 899 1107 anathema
932 1066 1048 1107 sit».

267 1173 366 1218 Quod
393 1175 440 1210 ita
468 1175 602 1210 ostendi
634 1180 742 1221 potest
767 1186 808 1210 ex
837 1175 874 1211 D.
891 1175 955 1211 Th.
976 1175 1013 1211 2;
1040 1188 1058 1209 ‹
1076 1175 1306 1212 Sacramenta
1331 1187 1441 1212 novae
1466 1177 1552 1223 tegis
1570 1188 1641 1213 non
1661 1178 1773 1213 solum

141 1233 364 1279 significant,
394 1235 453 1269 sed
479 1234 585 1270 etiam
614 1235 746 1270 faciunt
772 1235 863 1281 quod
891 1235 1106 1280 significant.
1138 1234 1235 1271 Unde
1261 1235 1350 1271 sicut
1378 1236 1537 1272 sacerdos
1564 1236 1775 1283 baptizando

147 1293 302 1339 aliquem
330 1294 481 1328 ostendit
509 1294 688 1329 hominem
727 1294 874 1329 interius
900 1294 1059 1329 ablutum
1088 1305 1147 1340 per
1175 1295 1279 1330 verba
1303 1299 1336 1330 et
1364 1295 1466 1339 facta,
1494 1300 1527 1331 et
1565 1306 1637 1331 non
1664 1295 1777 1331 solum

146 1352 393 1397 significative,
423 1353 481 1388 sed
508 1352 613 1388 etiam
640 1352 805 1388 effective.
822 1352 869 1388 ita
889 1353 994 1388 etiam
1013 1364 1092 1388 cum
1112 1353 1210 1388 dicit:
1231 1353 1299 1398 Ego
1316 1358 1349 1389 te
1366 1353 1520 1398 absolvo,
1551 1355 1703 1390 ostendit
1721 1354 1781 1390 ho·

151 1411 281 1447 minem
299 1412 497 1447 absolutum
515 1423 585 1447 non
606 1412 717 1447 solum
733 1412 979 1457 significative,
1003 1413 1061 1448 sed
1080 1413 1185 1448 etiam
1205 1413 1373 1449 effective.
1391 1412 1465 1449 Non
1486 1419 1603 1450 tamen
1623 1414 1776 1460 loquitur

147 1470 246 1516 quasi
275 1471 316 1506 de
334 1482 371 1506 re
397 1471 549 1513 incerta;
578 1472 661 1517 quia
679 1471 768 1506 sicut
785 1472 854 1506 alia
872 1477 1093 1507 sacramenta
1120 1483 1229 1507 novae
1256 1472 1339 1517 legis
1366 1472 1496 1508 habent
1514 1473 1558 1509 de
1578 1485 1613 1508 se
1640 1478 1774 1509 certum

141 1529 308 1565 <effectum
335 1541 372 1565 ex
395 1531 519 1565 virtute
551 1530 722 1576 passionis
749 1529 892 1574 Christi,
921 1530 1000 1566 licet
1041 1531 1147 1576 possit
1174 1531 1334 1576 impediri
1373 1543 1413 1566 ex
1442 1537 1537 1577 parte
1563 1532 1777 1578 recipientis,

149 1587 197 1623 ita
222 1589 326 1624 etiam
354 1593 387 1624 et
413 1589 447 1623 in
477 1589 541 1624 hoc
567 1594 785 1625 sacramento
804 1602 837 1623 ».
867 1588 958 1633 Quia
985 1594 1104 1625 tamen
1131 1590 1292 1625 sacerdos
1318 1591 1407 1626 sicut
1447 1591 1608 1626 minister
1636 1591 1694 1626 Dei
1721 1592 1778 1627 ab·

147 1647 263 1689 solvit⁷
296 1647 392 1683 iuxta
418 1648 503 1683 illud
522 1649 536 1670 3
551 1660 558 1682 :
576 1661 594 1681 (ι
614 1646 864 1694 Quaecumque
889 1648 1116 1693 alligaveritis
1142 1660 1246 1694 snper
1267 1654 1408 1690 terram,
1429 1654 1532 1685 erunt
1553 1649 1657 1694 ligata
1683 1655 1716 1685 et
1742 1650 1778 1684 in

142 1706 243 1742 -coelo
269 1719 302 1747 »‚
332 1707 486 1752 dignitas
512 1712 545 1742 et
572 1707 765 1752 indignitas
792 1707 829 1742 in
856 1707 925 1741 iltis
953 1707 987 1742 in
1016 1718 1101 1753 quos
1126 1712 1224 1743 actus
1250 1712 1426 1743 exercetur
1453 1709 1634 1754 pensanda
1663 1713 1715 1743 est
1742 1708 1778 1742 in

149 1765 277 1801 iudicio
295 1766 539 1802 sacramentali
556 1778 563 1810 ;
581 1777 644 1802 nec
670 1767 829 1802 sacerdos
859 1777 917 1812 per
942 1766 1196 1802 absolutionem
1223 1767 1391 1802 claudens
1418 1767 1586 1802 iudicium
1608 1766 1779 1821 §indiget

149 1825 290 1870 speciali
317 1825 529 1861 revelatione
556 1826 623 1860 sibi
656 1826 766 1869 sacta3
795 1825 853 1860 sed
881 1825 1006 1860 sufficit
1031 1826 1204 1870 generalis
1230 1825 1393 1861 revelatio
1421 1826 1498 1861 fidei
1528 1837 1587 1872 per
1604 1837 1708 1871 quam
1725 1836 1777 1861 re-

151 1885 340 1919 mittuntur
368 1889 506 1930 peccata
525 1898 557 1918 ».

268 1986 541 2042 Siihiungitur
576 1989 613 2029 in
649 1999 807 2030 canone
830 2001 855 2029 a
888 1986 1076 2044 leqitimo
1113 1986 1309 2029 ministro
1344 1985 1616 2043 imperlilcmn,
1641 1988 1735 2043 quia
1756 1985 1771 2007 4

153 2073 174 2097 (ι
201 2059 239 2099 in
263 2060 534 2100 sacramentis
559 2057 769 2100 Ecclesiae
792 2069 871 2114 qua
897 2057 1048 2100 hahent
1071 2057 1329 2113 corporalem
1367 2059 1597 2111 materiam,
1618 2061 1778 2113 oportet

149 2127 257 2183 qnod
296 2126 361 2170 illa
398 2129 568 2170 materia
618 2127 865 2171 adhiheatur
897 2140 918 2170 a
955 2129 1140 2170 ministro
1177 2126 1397 2180 Ecclesiae,
1443 2129 1511 2184 qui
1546 2128 1652 2183 gerit
1687 2139 1776 2182 per-

144 2210 290 2240 sonam
327 2197 490 2251 Christi,
526 2201 563 2240 in
598 2201 762 2254 signum
796 2199 906 2256 quod
956 2197 1201 2241 excellentia
1240 2199 1401 2240 virtutis
1436 2199 1474 2240 in
1517 2201 1777 2240 sacramento

149 2271 359 2325 operantis
391 2274 451 2312 est
499 2281 521 2312 a
552 2267 727 2313 Christo.
779 2269 819 2312 ln
854 2273 1115 2312 sacramento
1158 2273 1297 2311 autem
1334 2269 1623 2324 poenitentiae,
1671 2269 1777 2311 sicut

145 2342 288 2383 ⁴statim
322 2340 472 2391 dicam,
521 2345 615 2383 sunt
664 2345 780 2383 actus
829 2339 997 2383 humani
1049 2353 1120 2396 pro
1171 2342 1357 2392 materia,
1405 2341 1473 2396 qui
1525 2341 1776 2395 proveniunt

151 2424 201 2453 ex
237 2412 503 2466 inspiratione
553 2414 735 2464 interna;
773 2411 881 2454 unde
918 2412 1088 2454 materia
1132 2423 1211 2453 non
1247 2409 1467 2453 adhibetur
1503 2422 1525 2452 a
1571 2411 1774 2463 ministro,

150 2482 221 2525 sed
270 2494 291 2524 a
328 2481 409 2525 Deo
463 2485 635 2525 interius
683 2487 902 2538 operante:
953 2481 1025 2525 sed
1059 2481 1407 2538 complementum
1443 2480 1614 2524 exhibet
1660 2482 1775 2523 mini-

149 2557 246 2603 ster,
295 2552 395 2595 dum
445 2555 722 2608 poenitentem
756 2552 1009 2606 absolvit»,
1051 2556 1091 2595 et
1138 2554 1206 2609 qui
1258 2565 1279 2595 a
1330 2551 1489 2608 legibus
1535 2551 1657 2594 debet
1704 2551 1774 2593 de-

149 2624 304 2678 signari
341 2627 506 2678 propter
541 2627 730 2665 naturam
778 2621 1016 2665 iudicialem
1067 2624 1357 2678 poenitentiae.
1394 2621 1439 2664 Et
1489 2620 1675 2664 clausula
1709 2620 1776 2663 illa

150 2695 318 2735 canonis
351 2692 679 2748 deprehenditur
713 2692 911 2749 implicita
947 2695 986 2735 in
1022 2692 1070 2734 ⁶21
1111 2694 1434 2748 interrogatione
1475 2690 1705 2735 Wiclessitis
1738 2695 1777 2733 et

271 2799 279 2820 ¹
308 2798 349 2832 3³³
377 2800 414 2833 P.
445 2811 479 2841 q.
510 2798 717 2832 LXXXIV
742 2811 775 2832 a.
809 2800 838 2831 1.
868 2811 898 2833 c.
927 2819 970 2823 —-
995 2799 1008 2820 2
1034 2799 1076 2832 3³
1103 2798 1144 2833 P.
1174 2811 1197 2843 q
1240 2798 1445 2832 LXXXIV
1472 2810 1504 2832 a.
1526 2798 1547 2830 3
1573 2797 1621 2832 ad
1648 2799 1709 2832 5¹2.
1740 2818 1773 2821 —

145 2846 164 2865 ³
203 2845 340 2881 Matth.
369 2846 516 2888 XVIII,
550 2847 597 2879 15.
627 2867 667 2870 —
695 2848 708 2868 4
728 2846 773 2883 D,
803 2846 871 2880 Th.
905 2858 939 2890 q.
971 2846 1037 2880 cit.
1067 2851 1139 2880 art.
1168 2848 1183 2878 1
1213 2845 1260 2878 ad
1286 2847 1349 2878 2¹¹1.

1904 87 1941 124 4

1912 123 1936 155 ’τῲ

1914 161 1928 173 Q

1910 173 1932 219 ζ’
1944 203 1946 216 .

1909 221 1941 246 -ῄιόζέ,

1910 255 1925 274 4.
