1971 3261
117 141 208 177 Can.
236 139 307 175 823
506 139 590 173 Trr.
619 139 690 173 III.
712 159 723 164 -
742 139 799 174 De
823 142 1073 174 sanctissima
1102 139 1354 173 Eucharistz‘a
1439 170 1444 176 ,
1679 141 1746 175 147

115 259 177 303 Ad
213 270 399 302 normam
436 271 535 301 vero
568 263 672 301 can⁸.
711 260 750 310 ti,
787 258 828 300 2⁰
862 270 986 314 supra
1019 260 1146 311 citati,
1169 258 1361 301 videntur
1384 258 1548 301 citanda
1576 260 1630 301 uti
1653 271 1742 314 pra-

116 333 218 375 ctica
255 330 337 373 (luo
372 329 486 373 neca.
521 328 562 373 C.
597 330 636 373 S.
671 329 807 373 Otticii
843 329 892 372 ‹le
928 329 1003 373 hac
1037 343 1092 373 re.

237 401 415 444 l'rimum
451 399 664 457 Archiep0.
700 399 954 444 Antibaren‘.
990 401 1133 444 (latum
1160 401 1172 423 ¹
1197 401 1248 444 ‹le
1281 400 1639 444 schismaticorum
1677 415 1742 445 ec-

115 474 263 526 clesiis,
296 474 506 530 sequentis
539 474 697 514 tenoris
730 476 812 515 est:
852 487 870 511 «
896 471 957 514 Au
993 472 1204 515 toleranda
1238 474 1290 515 sit
1324 474 1463 528 praxis
1495 484 1618 529 quam
1672 473 1741 517 ha-

116 545 212 589 bent
246 543 413 601 parochi
447 542 636 586 catholici
673 545 794 585 castri
830 542 1025 586 Lastruae
1059 546 1096 587 5.
1141 542 1287 586 Missae
1334 545 1585 586 sacriticium
1637 544 1745 588 cele-

117 615 261 659 blandi
297 617 335 656 in
370 613 556 657 ecclesiis
588 612 803 656 catholicis
835 625 855 656 a
890 616 1052 669 graecis
1089 613 1362 657 schismaticis
1387 616 1594 670 usurpatis
1617 619 1740 672 atque

115 685 166 730 ab
200 686 344 728 iisdem
379 684 580 735 officiatis,
616 697 687 727 seu
723 687 845 727 etiam
882 686 920 726 iu
957 684 1036 727 illis
1069 697 1174 741 quae
1213 698 1314 740 pure
1337 684 1386 727 ad
1414 687 1521 740 ipsos
1544 684 1743 729 schisma-

116 760 217 801 ticos
241 758 459 813 pertinent.
487 755 530 799 lt.
558 754 709 799 Haberi
736 769 808 812 pro
833 755 974 811 regula
1002 758 1196 798 universe
1219 760 1388 812 accepta
1411 760 1448 799 et
1473 761 1638 800 servata
1662 770 1740 800 non

116 827 247 871 licere·
263 826 477 870 catholicis
500 828 811 869 communicare
836 828 873 868 in
899 825 1052 868 divinis
1076 839 1167 868 cum
1206 826 1424 869 haereticis
1467 831 1503 868 et
1547 826 1741 870 schisma·

116 901 233 951 ticis3
257 911 400 941 verum
422 900 459 939 in
485 896 732 952 quibusdam
759 897 922 940 casibus
946 896 1265 953 particularibus
1291 897 1430 953 regula
1460 897 1559 940 haec
1583 897 1742 955 aliquas

118 972 270 1027 patitui·
302 971 580 1024 exceptiones,
617 981 764 1024 nempe
787 970 819 1011 si
847 971 883 1010 in
909 968 1052 1011 eadem
1079 967 1251 1011 ecclesia
1273 967 1476 1011 hahentur
1496 968 1679 1025 capellae
1705 974 1744 1013 et

117 1041 263 1083 altaria
297 1045 498 1095 separata,
534 1051 709 1096 quarum
745 1038 880 1096 aliqua
918 1044 1073 1082 tantum
1113 1038 1341 1089 catholicis,
1365 1038 1443 1082 alia
1467 1039 1744 1084 schismaticis

119 1114 358 1155 inser-liant.
392 1113 424 1153 si
459 1111 643 1153 eiusdem
679 1110 880 1153 ccclesiae
914 1115 1051 1166 partes
1097 1112 1177 1152 sint
1225 1115 1451 1166 separatae„
1497 1116 1533 1153 et
1581 1113 1617 1153 in
1665 1124 1742 1155 uua

119 1182 326 1227 celebrent
361 1182 491 1224 solum
527 1181 733 1234 catholici,
768 1184 805 1224 in
841 1181 969 1224 altera
1004 1187 1159 1224 tantum
1204 1181 1480 1233 schismatici;
1516 1187 1600 1224 tum
1651 1196 1741 1239 pro-

121 1257 302 1297 miscuus
334 1252 534 1296 ecclesiae
571 1266 665 1296 usus
700 1252 865 1295 tolerari
901 1254 1061 1308 poterit.
1096 1252 1310 1306 Quatenus
1347 1265 1444 1295 vero
1496 1252 1594 1295 haec
1643 1254 1742 1296 ‹leti-

117 1327 242 1376 ciant‚
274 1324 318 1367 R.
355 1323 395 1366 P.
430 1322 474 1365 D.
511 1322 704 1379 Art-hiep.
743 1323 939 1366 mandare
974 1325 1123 1379 poterit
1154 1335 1253 1365 suae
1302 1323 1504 1366 dioecesis
1554 1324 1744 1380 parochis

118 1400 159 1438 ut
192 1394 390 1438 altaribus
425 1393 685 1449 portatilihus
720 1398 887 1436 utantur
922 1396 1033 1436 iuxta
1061 1393 1277 1437 facultates
1303 1394 1380 1436 illis
1406 1397 1442 1436 in
1469 1395 1641 1438 t'ormula
1669 1398 1742 1438 im-

117 1468 327 1522 pertitas...
355 1480 374 1505 2>
402 1490 458 1494 —
483 1467 567 1507 Hoc
594 1467 725 1519 ipsum
750 1464 1018 1508 asserendum
1044 1465 1095 1507 (le
1118 1464 1289 1521 capellis
1315 1465 1616 1509 haereticorum
1639 1469 1744 1510 erui-

115 1542 182 1580 tur
228 1549 275 1579 ex
326 1535 405 1579 alio
455 1534 620 1578 1)(360.2
655 1536 841 1579 eiusdem
890 1548 1109 1591 supremae
1158 1537 1196 1579 S.
1246 1536 1400 1592 Coug.³
1448 1535 1549 1579 Vic‘.
1599 1537 1743 1593 Aplco.

116 1607 312 1651 Malacen.
772 1601 784 1605 ”

237 1677 408 1721 Diversa
442 1679 492 1721 (le
526 1690 648 1720 causa
688 1677 909 1720 videlicet:
957 1676 1201 1733 disciplinae
1253 1677 1384 1720 solum
1436 1678 1743 1723 ecclesiasticae

114 1749 429 1806 subsequuntur
463 1748 530 1792 alii
566 1748 828 1805 paragraphi.
861 1748 888 1806 ξ
924 1748 959 1791 2.
1001 1747 1223 1804 Deficiente
1256 1748 1390 1790 ulturi
1421 1749 1589 1806 proprii
1622 1750 1744 1799 ritus,

114 1821 298 1865 scilicet:
332 1820 560 1864 secundum
596 1819 784 1863 eiusdem
820 1832 986 1862 normas
1019 1821 1150 1862 t'actus
1184 1823 1223 1862 et
1255 1825 1521 1863 consecratus
1566 1820 1743 1876 (etiamsi

116 1896 228 1948 petra
262 1903 380 1934 sacra
412 1893 463 1934 sit
494 1904 565 1951 seu
598 1890 727 1934 altare
762 1889 944 1947 mobile).
971 1890 1038 1933 illo
1063 1895 1219 1933 tautum
1247 1893 1283 1932 in
1309 1903 1419 1933 casu.
1443 1890 1654 1934 sacerdoti
1676 1892 1745 1949 fas

116 1969 175 2005 θεῖ
210 1962 332 2006 huius
364 1965 486 2005 etiam
522 1964 691 2006 canonis
729 1964 792 2015 Via,
816 1960 856 2018 a)
881 1961 967 2004 ritu
988 1961 1164 2018 proprio
1188 1961 1322 2018 quoad
1348 1967 1485 2004 cetera
1514 1967 1680 2005 servato
1706 1965 1743 2005 in

117 2036 265 2077 missae
297 2034 515 2088 sacrificio,
550 2032 761 2076 celebrare
796 2032 837 2089 b)
873 2032 914 2074 ίη
948 2031 1082 2074 altari
1113 2038 1354 2075 eonsecrulo
1388 2031 1427 2089 c)
1475 2032 1587 2075 alias
1637 2034 1746 2075 ritus

116 2103 327 2157 catholici,
359 2105 540 2148 scilicet:
575 2105 683 2161 quod
720 2103 799 2147 tale
832 2106 883 2146 sit
916 2106 1028 2146 iuxta
1065 2103 1185 2145 huius
1220 2105 1320 2146 ritus
1354 2116 1537 2155 normas,
1564 2117 1658 2147 cum
1683 2118 1743 2148 se-

115 2178 255 2234 quenti
292 2175 558 2218 limitatione:
595 2188 673 2218 non
709 2180 847 2217 (zeelem
882 2188 1007 2232 super
1044 2175 1300 2217 (iraeeornm
1335 2175 1613 2230 (zaetim(masiis7
1639 2188 1745 2233 quae

119 2246 251 2290 locum
285 2250 423 2289 tenent
459 2251 600 2303 petrae
633 2258 775 2289 sacrae
810 2258 882 2301 pro
916 2244 1194 2288 celebratione
1245 2247 1484 2299 missarum,
1533 2246 1602 2289 sed
1652 2252 1743 2289 sunt

116 2317 283 2375 quidam
321 2319 441 2373 panni
467 2319 695 2360 consecrati
716 2330 810 2360 cum
839 2315 1044 2372 reliquiis3
1065 2320 1123 2358 ast
1140 2315 1314 2358 multum
1337 2317 1537 2360 recedunt
1557 2316 1609 2360 ab
1626 2317 1744 2361 altari

117 2388 291 2445 lapideo,
325 2390 443 2432 cuius
478 2390 648 2431 materia
688 2390 929 2444 «competit
974 2388 1265 2443 signiticationi
1317 2387 1438 2431 huius
1480 2390 1744 2443 sacramenti,

117 2463 202 2501 tum
236 2461 332 2515 quia
365 2458 494 2502 altare
526 2460 733 2515 signiticat
766 2457 997 2502 Christum:
1034 2458 1186 2500 (licitur
1219 2462 1355 2501 autem
1395 2458 1424 2515 (l
1461 2458 1643 2503 Corinth.
1697 2457 1744 2502 Χ

120 2528 214 2586 13);
253 2529 414 2573 «Petra
449 2534 587 2573 autem
621 2534 711 2572 erat
744 2528 930 2573 Christus
953 2545 1001 2580 »ς
1037 2534 1121 2571 tum
1157 2531 1279 2572 etiam
1304 2531 1399 2586 quia
1425 2543 1575 2586 corpus
1595 2528 1743 2573 Christi

118 2602 155 2642 in
189 2599 380 2656 sepulcro
414 2600 576 2657 lapideo
611 2602 682 2643 t'uit
719 2600 990 2644 reconditum.
1025 2601 1229 2655 Competit
1262 2602 1384 2643 etiam
1435 2600 1569 2653 quoad
1624 2614 1739 2643 usum

117 2673 379 2716 sacramenti.
414 2670 534 2727 Lapis
567 2673 675 2714 enim
711 2676 750 2714 et
782 2670 939 2714 solidus
972 2675 1044 2724 est,
1080 2675 1119 2713 et
1151 2670 1202 2713 de
1237 2670 1343 2714 t'acili
1391 2676 1519 2727 potest
1566 2673 1743 2714 inveniri

236 2778 246 2798 1
279 2780 291 2810 1
321 2777 413 2811 Dec.
439 2777 540 2812 1757.
569 2793 581 2806 «
603 2777 634 2810 11
652 2776 851 2810 Monitore
870 2776 961 2809 eccl.
985 2788 1002 2805 >>
1024 2776 1101 2810 vol.
1123 2775 1193 2815 IX,
1215 2788 1254 2810 n.
1279 2776 1344 2810 IV.
1375 2796 1418 2802 —
1445 2776 1459 2798 ‘2
1485 2777 1505 2810 5
1533 2776 1620 2809 Iun.
1647 2776 1745 2811 1889.

125 2839 137 2851 «
156 2823 298 2859 Monit.
328 2824 420 2858 eccl.
443 2840 456 2855 ›
490 2825 555 2858 cit.
584 2824 659 2858 vol.
689 2823 741 2867 X,
771 2835 808 2857 n.
839 2823 948 2857 XXI.
