1971 3261
120 137 214 174 Cau.
239 138 309 173 911
645 139 730 173 Τιτ.
760 139 826 173 IV.
856 160 867 165 -
897 141 951 175 De
978 143 1219 177 J’oem'tentta
1265 183 1269 187 ι
1682 146 1750 180 2854

121 257 345 314 Ecclesiae,
392 256 496 300 valet
545 260 667 301 etiam
718 264 915 315 quantuni
967 261 1016 302 ad
1054 262 1185 304 t'oruin
1226 264 1310 305 Dei.
1348 261 1392 304 Et
1430 268 1641 318 praeterea
1678 263 1751 307 Ec-

118 328 243 373 clesia
297 327 532 371 huiusmodi
583 328 862 385 indulgentias
909 331 1062 373 taciens
1111 334 1242 387 magis
1291 332 1577 376 damniticaret
1623 347 1746 390 quam

117 399 352 453 adiuvaret,
385 401 480 456 quia
516 401 745 442 remitteret
778 400 828 442 ad
864 403 1080 455 graviores
1116 415 1283 458 poenas,
1315 402 1470 446 scilicet
1504 407 1747 460 purgatorii,

117 468 373 513 absolvendo
405 482 426 512 a
461 471 723 525 poenitentiis
758 472 950 513 iniunctis
990 471 1235 528 (canonice).
1287 500 1332 502 Ὗ-
1381 473 1427 516 Et
1473 475 1564 517 idco
1613 474 1747 518 valent

118 539 437 597 (indulgentiae)
472 544 509 583 et
544 545 743 598 quantum
778 541 828 583 ad
869 543 1002 584 sorum
1050 542 1259 585 Ecclesiae
1294 549 1331 586 et
1365 549 1563 601 quantum
1600 546 1648 588 ad
1687 548 1745 588 iu—

116 611 272 654 dicium
322 613 392 654 pei
437 611 486 654 ad
524 614 806 655 remissionem
843 625 998 668 poenae
1034 614 1222 656 residuae
1259 619 1345 670 post
1379 618 1681 660 contritionem.
1707 622 1744 659 et

116 683 431 735 contessionem,
465 687 501 725 et
536 681 853 733 absolutionem,
887 685 977 725 sire
1010 685 1059 725 sit
1095 686 1275 727 tntum-ta
1320 685 1467 740 (poena
1513 687 1743 742 canonice),

116 753 206 795 sive
241 765 318 794 non
340 768 360 793 >³
396 752 490 808 (loc.
524 752 627 809 cit).
661 753 780 807 Quod
815 755 873 795 sic
907 756 1108 809 expressit
1144 768 1294 798 canon:
1317 768 1476 810 poenae
1501 756 1745 812 leoiporali's

117 821 216 879 (non
253 827 390 866 reatus
425 836 580 880 poenae
613 828 823 879 aeternaes
855 823 1019 866 debitae
1048 838 1126 880 pro
1160 826 1357 877 pervales,
1392 832 1457 868 aut
1514 827 1745 870 xenialibus

115 899 186 936 aut
221 893 476 950 mortalibus,
510 894 580 938 sed
618 897 801 951 utrisque
836 894 890 937 ‹th
923 894 1087 952 eulpam
1123 909 1192 938 seu
1231 902 1387 938 reatuin
1426 897 1611 939 maculae
1636 897 1744 954 (laod

115 962 383 1006 alliael'iam
419 963 581 1018 deletis,
616 964 695 1007 illis
727 964 870 1008 saltem
907 967 1067 1008 interna
1102 969 1365 1020 poenitentia,
1401 969 1485 1009 istis
1528 981 1621 1009 vera
1648 982 1743 1009 con-

116 1036 280 1077 tritione
313 1040 381 1077 aut
420 1035 554 1078 valida
588 1048 731 1078 eorum
765 1036 1057 1085 sacramentali
1092 1037 1363 1085 absolutione,
1408 1038 1516 1094 qnod
1569 1039 1743 1080 traditur

114 1106 238 1148 etiam
274 1107 311 1147 in
346 1111 476 1150 const.
515 1121 534 1146 ((
559 1105 804 1162 [inigenitus
839 1106 909 1149 Dei
947 1106 1113 1149 Filius»
1153 1107 1293 1151 etone.
1333 1107 1378 1149 tt
1416 1108 1661 1163 publicanlis
1687 1108 1745 1150 lu·

116 1174 328 1232 bilaeum¹,
364 1176 426 1219 his
462 1176 620 1220 verbis:
662 1193 681 1217 ((
705 1177 838 1231 Quem
872 1179 1040 1234 quidem
1078 1178 1359 1221 thesaurum...
1397 1192 1466 1233 per
1504 1179 1541 1221 B.
1579 1179 1740 1221 l'etruin

114 1246 216 1289 coeli
251 1246 524 1303 clavigerum,
559 1250 730 1305 eiusque
763 1261 1038 1299 successores,
1072 1263 1167 1291 suos
1203 1251 1239 1290 in
1267 1252 1387 1291 terris
1418 1252 1608 1298 xic-arios,
1632 1263 1741 1291 eoni-

116 1319 223 1359 misit
259 1317 450 1361 tidelibus
481 1318 704 1362 salubriter
738 1319 1078 1375 dispensandum,
1114 1333 1161 1362 ex
1200 1322 1377 1376 propriis
1411 1325 1446 1362 et
1475 1319 1743 1362 rationalibus

113 1390 260 1443 causis,
297 1402 405 1432 nunc
441 1402 513 1445 pro
547 1389 674 1443 totali,
709 1403 817 1433 nunc
851 1404 924 1446 pro
960 1390 1119 1446 partiali
1147 1393 1386 1433 remissiora¹
1413 1403 1567 1446 poenae
1592 1395 1745 1446 tempo-

115 1458 210 1501 ralis
245 1473 316 1515 pro
352 1463 531 1516 peccatis
565 1460 742 1511 debitae,
778 1466 857 1504 tam
892 1461 1156 1517 generaliter,
1191 1474 1313 1517 quain
1349 1460 1583 1517 specialiter
1608 1466 1740 1517 ,prout

112 1541 205 1571 cum
241 1528 325 1572 Deo
359 1532 557 1587 expedire
590 1538 906 1589 cognoscerent)
958 1546 1049 1574 rere
1095 1533 1405 1589 poenitentum
1454 1538 1491 1574 e!
1541 1532 1741 1588 ramses-,six

115 1601 439 1644 misericorditer
471 1602 764 1659 applicandum
787 1620 824 1643 ³).

230 1670 376 1714 Subdit
409 1685 564 1715 canon:
601 1687 722 1730 quam
759 1673 1086 1731 (remissionem)
1121 1674 1407 1716 ecelesiasti‹·a
1442 1673 1676 1715 nemim-itas
1702 1675 1738 1714 in

111 1742 444 1796 competentibus
477 1744 611 1799 quoad
650 1743 724 1787 lioc
762 1744 971 1793 l'raelatis,
999 1747 1110 1788 iuxta
1137 1747 1482 1797 interrogationes
1511 1743 1740 1786 Wirletlitis

111 1814 151 1853 et
183 1810 362 1856 Hussitis
396 1815 685 1871 proponendas
718 1829 766 1858 ex
807 1815 917 1858 Bulla
960 1832 975 1855 «
1000 1816 1107 1858 luter
1140 1820 1348 1859 cunctas»
1379 1814 1416 1857 ²:
1466 1834 1485 1854 u
1513 1815 1577 1858 2⁴5.
1627 1814 1738 1862 ltem.

113 1885 249 1933 utrum
284 1884 441 1939 credat,
474 1885 583 1941 quod
620 1886 725 1942 Papa
761 1886 953 1930 omnibus
986 1887 1221 1930 christianis
1258 1899 1353 1928 vere
1372 1888 1559 1928 contritis
1583 1890 1618 1927 et
1645 1898 1738 1928 con-

111 1952 226 1996 fessis
258 1967 307 1996 ex
342 1967 465 2001 causa
501 1958 563 2012 pia
598 1962 636 1999 et
673 1959 774 2000 iusta
810 1960 935 2012 possit
969 1958 1199 2000 concedere
1234 1956 1512 2011 indulgentias
1538 1958 1574 1998 in
1603 1958 1739 1998 remis-

110 2024 267 2067 sionem
302 2031 581 2081 peccatorum,
619 2030 798 2071 maxime
832 2031 894 2084 pia
932 2028 1017 2071 loca
1057 2026 1316 2070 visitantibus
1360 2032 1396 2069 et
1449 2029 1544 2082 ipsis
1595 2039 1739 2069 manus

109 2106 205 2137 suas
240 2097 546 2153 porrigentibus
579 2099 803 2142 adiutrices
827 2116 846 2140 ))
886 2105 923 2142 et
963 2115 984 2140 α
1011 2100 1075 2141 28.
1118 2099 1229 2147 ltem,
1268 2103 1402 2141 utrum
1439 2098 1592 2147 credat,
1627 2097 1735 2154 quod

109 2166 260 2222 singuli
294 2166 500 2225 Episcopi,
533 2172 618 2212 suis
652 2169 827 2213 subditis
860 2171 1090 2214 seeundum
1127 2170 1411 2212 limitationem
1437 2182 1488 2211 ss.
1515 2182 1575 2212 cc.
1603 2168 1738 2211 liuius-

110 2237 220 2279 modi
256 2238 533 2295 indulgentias
565 2241 795 2284 concedere
819 2239 982 2297 >possint
1010 2258 1046 2284 ».
1084 2239 1127 2282 Et
1166 2240 1240 2282 boc
1277 2239 1331 2281 illi
1367 2241 1520 2282 t'aeiunt
1555 2252 1606 2281 eJ·
1656 2237 1737 2280 {lee-

108 2321 236 2351 sauro
269 2307 484 2353 Ecclesiae
517 2313 595 2353 iam
631 2311 836 2367 explicato
871 2326 942 2368 per
979 2311 1022 2353 D.
1057 2310 1255 2353 Tbomam
1293 2313 1329 2352 in
1366 2309 1527 2353 articuli
1564 2311 1735 2365 inscrip-

110 2380 220 2422 tione
253 2379 456 2424 adversus
491 2395 604 2438 prop.
642 2382 693 2425 17
727 2381 893 2425 Lutberi
929 2382 1166 2425 damnatam
1202 2383 1239 2423 in
1274 2380 1386 2424 Bulla
1427 2380 1633 2436 «Exurge
1660 2379 1734 2422 Do-

111 2450 316 2494 mine-»⁸⁹2
356 2450 592 2495 «Thesauri
626 2452 851 2507 Ecclesiae,
894 2454 1001 2495 unde
1047 2452 1150 2508 Papa
1201 2452 1269 2495 (lat
1320 2452 1612 2507 indulgentias,
1657 2464 1734 2492 non

98 2511 203 2564 vsunt
238 2524 382 2566 merita
416 2522 565 2567 Christi
600 2529 639 2567 et
672 2526 915 2567 Sanctorum
938 2540 975 2569 »,
998 2523 1202 2579 intellige:
1237 2523 1371 2580 quoad
1411 2522 1736 2565 vimsatisfacto-

110 2593 212 2634 riam
247 2605 390 2636 eorum
424 2596 648 2637 actionum.

227 2661 407 2719 Explicit
454 2676 585 2707 canon
634 2677 728 2707 cum
778 2666 1057 2708 concessionis
1100 2663 1209 2707 illius
1241 2663 1518 2716 distinctione,
1568 2662 1732 2705 dicens:

108 2732 296 2776 concedi!
328 2733 369 2791 a)
399 2747 478 2792 pro
511 2734 615 2778 vivis
645 2748 724 2792 per
755 2734 917 2798 modum
954 2733 1230 2777 absolutionis
1262 2734 1441 2778 scilicet:
1478 2747 1524 2776 ex
1551 2747 1593 2776 se
1618 2732 1732 2775 inl'al-

226 2886 237 2908 ¹
263 2886 310 2920 25
335 2886 418 2921 Ian.
446 2887 548 2922 1343.
579 2907 623 2912 —-
649 2887 662 2909 ²
688 2888 733 2921 ‘22
761 2887 872 2922 Febr.
905 2888 1006 2922 1418.
1038 2907 1081 2912 —
1107 2889 1120 2910 ³
1150 2889 1193 2923 15
1218 2888 1306 2923 Iun.
1332 2888 1433 2922 1520.

193 2963 287 2992 BLA'r
309 2979 328 2986 -
353 2964 476 2995 Comm.
506 2966 591 2994 Ter!-
617 2965 692 2995 Coei.
717 2966 790 2994 Ιιιν.
816 2966 898 2994 Can.
1616 2966 1650 2993 1¹³
