1971 3261
140 142 234 178 Can.
267 142 470 179 1112-1114
672 144 756 179 T1T.
783 143 870 178 VII.
898 164 909 170 ·
934 145 991 179 De
1018 145 1279 179 filati-imonio
1708 144 1777 178 669

143 273 247 317 ctus,
282 278 451 321 nempe:
487 277 590 320 quos
621 277 801 307 canones
837 264 1118 315 moderantur,
1156 278 1271 321 v.gr.
1307 264 1442 320 quoad
1480 267 1566 307 iura
1594 265 1771 306 tiliorum

145 341 349 382 minorum
384 334 617 379 exercenda
642 348 781 377 coram
816 335 1014 387 Ecclesia,
1036 335 1252 393 particeps
1276 337 1540 378 matrimonio
1563 340 1774 378 contracto

143 409 319 467 efficitur
351 412 504 453 attilus,
530 405 687 449 scilicet
711 408 821 449 circa
858 408 944 449 iura
970 411 1009 449 et
1043 407 1176 449 otlicia
1214 406 1443 463 personalia
1480 406 1638 455 mni-ili,
1669 420 1774 462 quae

145 483 219 537 ipsi
255 491 403 534 nempe
437 489 516 534 qua
553 476 620 519 tali
656 481 909 533 competunt.

263 549 361 592 5⁶21.
398 549 670 605 Coniugum
716 562 814 605 qua
857 553 1113 604 parentum
1153 550 1411 605 obligatio.
1451 574 1499 578 --
1537 547 1639 590 Dum
1687 551 1772 591 iura

145 623 271 677 patris
303 632 350 663 ac
386 621 528 661 matris
577 621 614 660 in
651 618 756 660 tilios
789 622 979 674 sparsim,
1012 619 1081 661 sed
1117 624 1210 675 apte
1255 623 1292 661 in
1337 619 1428 662 aliis
1460 634 1511 661 ss.
1547 618 1776 661 «amnibus

142 692 431 748 disponuntur,
467 703 575 733 nunc
623 692 862 745 genericatn
913 692 1097 747 iurisque
1144 689 1342 733 naturalis
1376 689 1671 745 obligationem
1716 692 1774 732 sio

142 762 301 806 evolvit
334 775 425 804 can.
463 762 580 803 1113.
621 759 844 813 Parentes,
880 760 1008 805 idest:
1055 763 1219 816 proprie
1265 765 1379 815 pater
1413 774 1460 802 ac
1497 765 1642 813 mater,
1673 774 1772 817 yro-

144 833 313 876 t‘t'ssimst
349 836 516 889 propter
549 845 711 874 sumine
759 844 911 887 graves
955 832 1233 887 negligentiae
1266 834 1584 888 consequentias
1617 830 1774 887 obliya-

143 904 255 948 tione
287 909 374 947 orta
410 917 458 945 ex
494 907 722 955 contractu,
758 907 882 959 atque
916 904 1004 945 iure
1036 902 1179 944 divino
1215 906 1298 945 tum
1336 901 1510 944 naturali
1547 907 1631 944 tum
1669 904 1772 958 posi-

142 978 228 1019 tivo
257 976 500 1018 contirmata
526 978 565 1016 et
600 987 671 1029 per
706 973 814 1016 hunc
849 975 982 1029 ipsum
1007 986 1208 1016 canonem
1245 973 1353 1015 illam
1392 978 1776 1028 recognoscentem,

144 1051 337 1089 tenentur
367 1044 503 1103 prolis
537 1043 759 1087 cuiuslibet
794 1046 975 1099 ipsorum
1011 1042 1301 1086 educationem
1333 1043 1581 1100 completam
1607 1046 1776 1098 spiritus

141 1124 179 1161 et
213 1119 412 1173 corporis,
442 1115 577 1173 quoad
616 1120 795 1158 mentem
831 1128 878 1158 ac
907 1115 1177 1165 voluntatem,
1201 1114 1241 1172 a)
1278 1120 1361 1157 tum
1396 1114 1640 1172 reliyt‘osam
1664 1117 1772 1157 circa

145 1202 284 1232 veram
322 1188 564 1244 religionem
599 1186 932 1242 amplectendam
967 1199 1015 1229 ac
1048 1186 1253 1241 explicata
1290 1186 1371 1229 tide
1410 1187 1611 1242 praxiquo
1652 1188 1751 1241 proti

143 1260 322 1303 tendam.
348 1258 390 1315 h)
416 1264 454 1300 et
489 1256 687 1300 moralem
717 1257 841 1300 veluti
877 1262 1033 1313 partem
1071 1256 1193 1310 illius,
1218 1257 1352 1314 quoad
1386 1270 1521 1300 mores
1543 1257 1771 1299 secundum

141 1336 294 1374 rectam
332 1332 531 1373 rationem
567 1328 858 1381 etlorinandos,
884 1327 924 1384 c)
953 1332 1038 1370 {um
1069 1327 1289 1386 physicam
1326 1341 1396 1384 per
1429 1327 1616 1371 debitum
1651 1330 1775 1370 nutri-

141 1406 339 1453 mentum,
368 1402 603 1457 viriumque
637 1401 824 1455 corporis
849 1398 1147 1453 evolutionem,
1182 1398 1373 1456 illiusque
1396 1399 1642 1450 custodiam,
1668 1398 1711 1455 d)
1737 1405 1773 1441 e!

139 1472 300 1517 civilem
335 1486 382 1515 ex
431 1471 567 1527 legum
603 1472 945 1527 auctoritatisque
988 1469 1253 1513 observantia
1288 1474 1328 1513 et
1371 1472 1635 1513 convenienti
1679 1483 1771 1513 cum

137 1544 229 1588 aliis
262 1544 469 1587 consortio
502 1541 892 1598 evolvendam,pm
925 1539 1084 1583 viribus
1117 1540 1348 1584 secundum
1385 1543 1593 1597 propriam
1630 1554 1773 1596 paren-

138 1621 225 1660 tum
259 1615 556 1668 conditionem,
579 1617 866 1670 quantumque
903 1614 940 1654 in
977 1625 1120 1655 eorum
1156 1614 1207 1655 sit
1242 1615 1442 1668 potestate
1476 1610 1773 1665 curandi,1ioti

138 1689 247 1731 enim
283 1685 334 1729 ab
368 1687 427 1728 eis
460 1689 618 1727 tantum
656 1682 722 1726 illa
759 1683 921 1739 pendet,
956 1682 995 1740 e)
1020 1687 1056 1726 et
1088 1682 1217 1725 etiam
1252 1681 1475 1740 temporali
1497 1696 1640 1725 eorum
1673 1681 1774 1725 bono

141 1756 461 1815 perfamiliaris
495 1756 551 1798 rei
596 1754 887 1798 sufficientiam
934 1756 1264 1810 positionemque
1310 1756 1347 1795 in
1382 1755 1592 1808 societate,
1633 1754 1772 1811 provi-

138 1828 279 1879 dendi,
313 1827 494 1871 scilicet:
531 1830 573 1869 ut
604 1825 793 1868 videntes
825 1824 984 1881 procul,
1007 1824 1104 1868 dum
1142 1826 1217 1880 ipsi
1245 1826 1387 1867 vivent
1409 1836 1457 1868 ac
1493 1838 1564 1880 pro
1588 1828 1773 1881 tempore

141 1905 229 1958 post
263 1902 444 1956 ipsorum
482 1901 671 1949 mortem,
707 1900 898 1952 parentes
933 1895 1027 1939 tiliis
1062 1895 1349 1945 thesaurizent,
1375 1900 1418 1938 ut
1440 1894 1662 1952 Apostolus
1692 1910 1773 1939 nie-

140 1974 258 2015 minit
290 1970 525 2014 iaciendum
560 1982 663 2012 esse.

258 2042 356 2085 52⁶2.
393 2042 484 2093 Qui
517 2041 606 2085 filii
641 2042 738 2085 sint
770 2041 990 2097 legitimi.
1024 2064 1077 2069 —
1112 2038 1253 2093 Filius,
1290 2041 1345 2082 uti
1392 2052 1540 2082 nomen
1587 2042 1772 2089 naturae,

138 2113 361 2158 relativum
405 2112 595 2168 designat
639 2110 844 2154 humanae
888 2115 1060 2153 naturae
1103 2110 1366 2153 individuum
1404 2111 1441 2152 in
1489 2115 1676 2167 respectu
1721 2109 1770 2152 ad

138 2186 310 2243 eosqui
361 2186 493 2240 ipsum
539 2187 786 2239 genuerunt,
820 2194 868 2225 ac
902 2181 995 2225 talis
1038 2183 1203 2238 proprie
1236 2181 1389 2224 dicitur
1424 2181 1532 2224 tilius
1575 2180 1773 2224 naturalis

139 2260 313 2309 tantum,
337 2254 504 2312 quando
530 2266 608 2296 non
633 2255 684 2295 sit
721 2251 881 2308 legibus
905 2254 1156 2308 recognitus.
1183 2251 1288 2295 Hinc
1312 2254 1368 2295 ait
1391 2265 1481 2294 can.
1508 2254 1627 2294 1114.
1657 2249 1774 2307 [9,ᾳέ-

140 2326 231 2370 limi
263 2331 375 2377 sunt,
399 2329 597 2381 tanquam
621 2323 850 2367 secundum
887 2322 1000 2379 leges
1033 2325 1175 2379 geniti,
1199 2336 1247 2366 eo
1275 2322 1384 2380 quod
1421 2322 1532 2366 licita
1567 2322 1773 2365 humanae

139 2402 310 2441 naturae
346 2397 592 2453 procreatio,
616 2394 846 2438 secundum
883 2394 1014 2450 legem
1042 2393 1271 2437 naturalem
1296 2406 1343 2437 ac
1367 2393 1772 2450 divino—positivam,
1794 2399 1796 2401 ’

139 2469 282 2526 (quam
307 2467 594 2525 obsequuntur
617 2467 785 2509 omnino
818 2479 869 2508 ss.
896 2463 1110 2521 canones),
1132 2464 1401 2508 subordinata
1429 2469 1490 2508 est
1521 2467 1770 2507 matrimonii

140 2541 338 2593 instituto,
363 2540 445 2581 imo
469 2540 507 2580 in
530 2539 734 2594 praesenti
762 2540 933 2579 naturae
956 2540 1064 2579 statu
1084 2538 1329 2592 praesertim
1353 2540 1470 2579 actus
1492 2537 1772 2592 generationis

139 2614 308 2667 propter
338 2610 702 2665 concupiscentiae
735 2609 1046 2664 corruptionem
1081 2607 1238 2663 indiget
1273 2609 1523 2650 matrimonii
1562 2606 1677 2649 honis
1709 2620 1773 2649 co-

140 2680 372 2724 honestari:
413 2695 432 2720 «
453 2679 626 2735 legitimi
652 2692 751 2735 ergo
775 2683 907 2721 sunt»
947 2676 1028 2734 filii
1060 2677 1264 2735 concepti,
1288 2682 1328 2721 et
1350 2677 1543 2721 additur:
1568 2682 1642 2719 aa!
1666 2676 1771 2726 nati,

138 2751 190 2795 oh
223 2752 476 2794 matrimonii
509 2762 557 2793 ac
592 2750 718 2806 prolis
753 2750 982 2792 innocentis
1016 2749 1218 2802 favorem,
1247 2761 1341 2792 cum
1378 2750 1493 2791 iuxta
1529 2748 1551 2791 l.
1590 2747 1635 2790 11
1676 2750 1700 2801 ξ
1732 2752 1769 2789 et

140 2821 268 2865 multo
313 2823 444 2877 magis
476 2819 518 2864 C.
553 2820 604 2864 de
649 2819 823 2863 natural.
860 2819 928 2864 lib.
969 2835 987 2861 (ι
1013 2819 1055 2862 ln
1090 2818 1402 2876 quaestionibus
1445 2821 1483 2862 in
1525 2818 1676 2876 quibus
1718 2818 1770 2861 (le

137 2898 244 2937 statu
281 2891 505 2936 liberorum
541 2896 601 2935 est
635 2890 852 2945 dubitatio,
885 2903 964 2933 non
999 2892 1294 2946 conceptionis,
1327 2890 1398 2934 sed
1434 2894 1575 2947 partus
1609 2894 1770 2945 tempus
