<?xml version="1.0" encoding="UTF-8"?>
<!DOCTYPE html PUBLIC "-//W3C//DTD XHTML 1.0 Transitional//EN"
    "http://www.w3.org/TR/xhtml1/DTD/xhtml1-transitional.dtd">
<html xmlns="http://www.w3.org/1999/xhtml" xml:lang="en" lang="en">
 <head>
  <title>
</title>
<meta http-equiv="Content-Type" content="text/html;charset=utf-8" />
  <meta name='ocr-system' content='tesseract 3.04.00' />
  <meta name='ocr-capabilities' content='ocr_page ocr_carea ocr_par ocr_line ocrx_word'/>
</head>
<body>
  <div class='ocr_page' id='page_1' title='image "./p1commentariumte03blatuoft_0125.png"; bbox 0 0 1971 3261; ppageno 0'>
   <div class='ocr_carea' id='block_1_1' title="bbox 0 0 76 3261">
    <p class='ocr_par' dir='ltr' id='par_1_1' title="bbox 0 0 76 3261">
     <span class='ocr_line' id='line_1_1' title="bbox 0 0 76 3261; baseline 0 0"><span class='ocrx_word' id='word_1_1' title='bbox 0 0 76 3261; x_wconf 95' lang='lat' dir='ltr'><strong> </strong></span> 
     </span>
    </p>
   </div>
   <div class='ocr_carea' id='block_1_2' title="bbox 181 138 1808 177">
    <p class='ocr_par' dir='ltr' id='par_1_2' title="bbox 181 138 1808 177">
     <span class='ocr_line' id='line_1_2' title="bbox 181 138 1808 177; baseline -0.004 0"><span class='ocrx_word' id='word_1_2' title='bbox 181 141 274 177; x_wconf 74' lang='lat' dir='ltr'><strong>Can.</strong></span> <span class='ocrx_word' id='word_1_3' title='bbox 302 139 460 175; x_wconf 75' lang='lat'>805-806</span> <span class='ocrx_word' id='word_1_4' title='bbox 564 138 649 172; x_wconf 75' lang='lat' dir='ltr'><strong>Ti&#39;r.</strong></span> <span class='ocrx_word' id='word_1_5' title='bbox 677 139 749 173; x_wconf 92' lang='lat' dir='ltr'>III.</span> <span class='ocrx_word' id='word_1_6' title='bbox 780 158 789 165; x_wconf 90' lang='lat'><strong>·</strong></span> <span class='ocrx_word' id='word_1_7' title='bbox 817 139 875 174; x_wconf 86' lang='lat' dir='ltr'><strong>De</strong></span> <span class='ocrx_word' id='word_1_8' title='bbox 901 141 1154 174; x_wconf 72' lang='lat' dir='ltr'><strong>sanctissima</strong></span> <span class='ocrx_word' id='word_1_9' title='bbox 1181 138 1435 172; x_wconf 72' lang='lat' dir='ltr'><strong>Eucharistia</strong></span> <span class='ocrx_word' id='word_1_10' title='bbox 1750 140 1808 172; x_wconf 80' lang='lat' dir='ltr'><strong>lit</strong></span> 
     </span>
    </p>
   </div>
   <div class='ocr_carea' id='block_1_3' title="bbox 784 199 1793 206">
    <p class='ocr_par' dir='ltr' id='par_1_3' title="bbox 784 199 1793 206">
     <span class='ocr_line' id='line_1_3' title="bbox 784 199 1793 206; baseline 0 0"><span class='ocrx_word' id='word_1_11' title='bbox 784 199 1793 206; x_wconf 95' lang='lat' dir='ltr'><strong> </strong></span> 
     </span>
    </p>
   </div>
   <div class='ocr_carea' id='block_1_4' title="bbox 177 255 1818 1516">
    <p class='ocr_par' dir='ltr' id='par_1_4' title="bbox 180 255 1815 454">
     <span class='ocr_line' id='line_1_4' title="bbox 183 255 1813 315; baseline -0.001 -14"><span class='ocrx_word' id='word_1_12' title='bbox 183 260 365 315; x_wconf 77' lang='lat' dir='ltr'>reposuit</span> <span class='ocrx_word' id='word_1_13' title='bbox 399 270 477 300; x_wconf 91' lang='lat' dir='ltr'><strong>non</strong></span> <span class='ocrx_word' id='word_1_14' title='bbox 514 270 631 313; x_wconf 87' lang='lat' dir='ltr'><strong>posse</strong></span> <span class='ocrx_word' id='word_1_15' title='bbox 665 269 715 300; x_wconf 81' lang='lat' dir='ltr'><strong>ex</strong></span> <span class='ocrx_word' id='word_1_16' title='bbox 749 269 838 312; x_wconf 86' lang='lat' dir='ltr'><strong>cap.</strong></span> <span class='ocrx_word' id='word_1_17' title='bbox 870 256 917 299; x_wconf 82' lang='grc'><strong>14</strong></span> <span class='ocrx_word' id='word_1_18' title='bbox 943 270 1040 299; x_wconf 80' lang='lat' dir='ltr'><strong>sess.</strong></span> <span class='ocrx_word' id='word_1_19' title='bbox 1068 255 1196 299; x_wconf 79' lang='lat' dir='ltr'><strong>xxiii</strong></span> <span class='ocrx_word' id='word_1_20' title='bbox 1223 272 1259 298; x_wconf 85' lang='lat'><strong>».</strong></span> <span class='ocrx_word' id='word_1_21' title='bbox 1296 255 1344 299; x_wconf 92' lang='lat' dir='ltr'><strong>Et</strong></span> <span class='ocrx_word' id='word_1_22' title='bbox 1379 256 1486 299; x_wconf 92' lang='lat' dir='ltr'><strong>idem</strong></span> <span class='ocrx_word' id='word_1_23' title='bbox 1515 257 1738 299; x_wconf 86' lang='lat' dir='ltr'><strong>tenendum</strong></span> <span class='ocrx_word' id='word_1_24' title='bbox 1765 270 1813 299; x_wconf 82' lang='lat' dir='ltr'><strong>ex</strong></span> 
     </span>
     <span class='ocr_line' id='line_1_5' title="bbox 184 325 1815 383; baseline -0.001 -13"><span class='ocrx_word' id='word_1_25' title='bbox 184 331 221 371; x_wconf 83' lang='lat' dir='ltr'><strong>vi</strong></span> <span class='ocrx_word' id='word_1_26' title='bbox 247 330 418 372; x_wconf 90' lang='lat' dir='ltr'><strong>canonis</strong></span> <span class='ocrx_word' id='word_1_27' title='bbox 443 327 541 381; x_wconf 78' lang='lat'><strong>805,</strong></span> <span class='ocrx_word' id='word_1_28' title='bbox 564 327 634 370; x_wconf 91' lang='lat' dir='ltr'><strong>sed</strong></span> <span class='ocrx_word' id='word_1_29' title='bbox 662 328 888 383; x_wconf 74' lang='lat' dir='ltr'><strong>praefatam</strong></span> <span class='ocrx_word' id='word_1_30' title='bbox 922 326 1245 370; x_wconf 73' lang='lat' dir='ltr'><strong>celebrationem</strong></span> <span class='ocrx_word' id='word_1_31' title='bbox 1280 338 1428 370; x_wconf 90' lang='lat' dir='ltr'><strong>curare</strong></span> <span class='ocrx_word' id='word_1_32' title='bbox 1452 325 1815 370; x_wconf 79' lang='lat' dir='ltr'><strong>adlmrtatiouihus</strong></span> 
     </span>
     <span class='ocr_line' id='line_1_6' title="bbox 180 397 1637 454; baseline -0.003 -12"><span class='ocrx_word' id='word_1_33' title='bbox 180 404 219 442; x_wconf 90' lang='lat' dir='ltr'><strong>et</strong></span> <span class='ocrx_word' id='word_1_34' title='bbox 255 397 608 442; x_wconf 79' lang='lat' dir='ltr'><strong>admonitionibus</strong></span> <span class='ocrx_word' id='word_1_35' title='bbox 640 399 883 454; x_wconf 77' lang='lat' dir='ltr'><strong>opportunis</strong></span> <span class='ocrx_word' id='word_1_36' title='bbox 915 410 964 440; x_wconf 85' lang='lat' dir='ltr'><strong>ex</strong></span> <span class='ocrx_word' id='word_1_37' title='bbox 1000 400 1170 441; x_wconf 87' lang='lat' dir='ltr'><strong>canonis</strong></span> <span class='ocrx_word' id='word_1_38' title='bbox 1205 399 1460 453; x_wconf 87' lang='lat' dir='ltr'><strong>praescripto</strong></span> <span class='ocrx_word' id='word_1_39' title='bbox 1502 397 1637 440; x_wconf 88' lang='lat' dir='ltr'><strong>debet.</strong></span> 
     </span>
    </p>

    <p class='ocr_par' dir='ltr' id='par_1_5' title="bbox 177 466 1818 1516">
     <span class='ocr_line' id='line_1_7' title="bbox 303 466 1814 515; baseline -0.003 -3"><span class='ocrx_word' id='word_1_40' title='bbox 303 470 398 514; x_wconf 84' lang='lat'>111.</span> <span class='ocrx_word' id='word_1_41' title='bbox 442 471 514 515; x_wconf 91' lang='lat' dir='ltr'><strong>De</strong></span> <span class='ocrx_word' id='word_1_42' title='bbox 547 471 882 515; x_wconf 74' lang='lat' dir='ltr'><strong>celebratione</strong></span> <span class='ocrx_word' id='word_1_43' title='bbox 914 471 1095 514; x_wconf 84' lang='lat' dir='ltr'><strong>iterata</strong></span> <span class='ocrx_word' id='word_1_44' title='bbox 1128 471 1174 513; x_wconf 91' lang='lat' dir='ltr'><strong>in</strong></span> <span class='ocrx_word' id='word_1_45' title='bbox 1208 471 1381 515; x_wconf 89' lang='lat' dir='ltr'><strong>eodem</strong></span> <span class='ocrx_word' id='word_1_46' title='bbox 1413 471 1508 515; x_wconf 86' lang='lat' dir='ltr'><strong>die.</strong></span> <span class='ocrx_word' id='word_1_47' title='bbox 1537 493 1558 500; x_wconf 87' lang='lat'>-</span> <span class='ocrx_word' id='word_1_48' title='bbox 1584 467 1640 511; x_wconf 77' lang='lat' dir='ltr'><strong>Ex</strong></span> <span class='ocrx_word' id='word_1_49' title='bbox 1677 466 1814 511; x_wconf 81' lang='lat' dir='ltr'><strong>Consi.</strong></span> 
     </span>
     <span class='ocr_line' id='line_1_8' title="bbox 186 538 1818 597; baseline 0.001 -15"><span class='ocrx_word' id='word_1_50' title='bbox 186 557 208 582; x_wconf 86' lang='lat'>«</span> <span class='ocrx_word' id='word_1_51' title='bbox 234 540 391 584; x_wconf 76' lang='lat' dir='ltr'><strong>Allatae</strong></span> <span class='ocrx_word' id='word_1_52' title='bbox 434 544 572 583; x_wconf 81' lang='lat' dir='ltr'><strong>sunt»</strong></span> <span class='ocrx_word' id='word_1_53' title='bbox 620 539 768 582; x_wconf 78' lang='lat' dir='ltr'><strong>Bened.</strong></span> <span class='ocrx_word' id='word_1_54' title='bbox 805 538 893 582; x_wconf 80' lang='lat' dir='ltr'><strong>XlV</strong></span> <span class='ocrx_word' id='word_1_55' title='bbox 920 541 930 561; x_wconf 77' lang='lat'><strong>¹</strong></span> <span class='ocrx_word' id='word_1_56' title='bbox 967 540 1190 583; x_wconf 78' lang='lat' dir='ltr'><strong>discimus:</strong></span> <span class='ocrx_word' id='word_1_57' title='bbox 1231 555 1252 581; x_wconf 86' lang='lat'>«</span> <span class='ocrx_word' id='word_1_58' title='bbox 1278 540 1545 583; x_wconf 81' lang='lat' dir='ltr'><strong>Pervetustus</strong></span> <span class='ocrx_word' id='word_1_59' title='bbox 1589 544 1649 582; x_wconf 87' lang='lat' dir='ltr'><strong>est</strong></span> <span class='ocrx_word' id='word_1_60' title='bbox 1694 544 1818 597; x_wconf 81' lang='lat' dir='ltr'><strong>atque</strong></span> 
     </span>
     <span class='ocr_line' id='line_1_9' title="bbox 182 610 1818 666; baseline -0.001 -12"><span class='ocrx_word' id='word_1_61' title='bbox 182 614 411 654; x_wconf 80' lang='lat' dir='ltr'><strong>universim</strong></span> <span class='ocrx_word' id='word_1_62' title='bbox 449 613 485 653; x_wconf 93' lang='lat' dir='ltr'><strong>in</strong></span> <span class='ocrx_word' id='word_1_63' title='bbox 521 610 688 654; x_wconf 89' lang='lat' dir='ltr'><strong>latinam</strong></span> <span class='ocrx_word' id='word_1_64' title='bbox 726 610 952 653; x_wconf 76' lang='lat' dir='ltr'><strong>Ecclesiam</strong></span> <span class='ocrx_word' id='word_1_65' title='bbox 992 615 1183 666; x_wconf 82' lang='lat' dir='ltr'><strong>receptus</strong></span> <span class='ocrx_word' id='word_1_66' title='bbox 1230 613 1330 653; x_wconf 91' lang='lat' dir='ltr'><strong>ritus</strong></span> <span class='ocrx_word' id='word_1_67' title='bbox 1373 613 1466 653; x_wconf 90' lang='lat' dir='ltr'><strong>trini</strong></span> <span class='ocrx_word' id='word_1_68' title='bbox 1507 612 1709 654; x_wconf 81' lang='lat' dir='ltr'><strong>Sacriticii</strong></span> <span class='ocrx_word' id='word_1_69' title='bbox 1747 624 1818 666; x_wconf 89' lang='lat' dir='ltr'><strong>per</strong></span> 
     </span>
     <span class='ocr_line' id='line_1_10' title="bbox 183 680 1815 739; baseline -0.001 -14"><span class='ocrx_word' id='word_1_70' title='bbox 183 695 525 739; x_wconf 81' lang='lat' dir='ltr'><strong>unumquemque</strong></span> <span class='ocrx_word' id='word_1_71' title='bbox 558 681 825 724; x_wconf 78' lang='lat' dir='ltr'><strong>Sacerdotem</strong></span> <span class='ocrx_word' id='word_1_72' title='bbox 865 680 1058 724; x_wconf 82' lang='lat' dir='ltr'><strong>Natalitio</strong></span> <span class='ocrx_word' id='word_1_73' title='bbox 1102 681 1251 724; x_wconf 76' lang='lat' dir='ltr'><strong>Christi</strong></span> <span class='ocrx_word' id='word_1_74' title='bbox 1297 681 1363 724; x_wconf 86' lang='lat' dir='ltr'><strong>die</strong></span> <span class='ocrx_word' id='word_1_75' title='bbox 1407 682 1631 725; x_wconf 86' lang='lat' dir='ltr'><strong>oilerendi:</strong></span> <span class='ocrx_word' id='word_1_76' title='bbox 1671 694 1815 724; x_wconf 63' lang='lat' dir='ltr'><strong>verum</strong></span> 
     </span>
     <span class='ocr_line' id='line_1_11' title="bbox 180 751 1814 809; baseline 0 -14"><span class='ocrx_word' id='word_1_77' title='bbox 180 753 287 809; x_wconf 89' lang='lat' dir='ltr'><strong>apud</strong></span> <span class='ocrx_word' id='word_1_78' title='bbox 324 752 568 795; x_wconf 86' lang='lat' dir='ltr'><strong>orientalem</strong></span> <span class='ocrx_word' id='word_1_79' title='bbox 604 751 832 795; x_wconf 86' lang='lat' dir='ltr'><strong>Ecclesiam</strong></span> <span class='ocrx_word' id='word_1_80' title='bbox 868 751 1025 795; x_wconf 92' lang='lat' dir='ltr'><strong>nullum</strong></span> <span class='ocrx_word' id='word_1_81' title='bbox 1061 757 1173 795; x_wconf 85' lang='lat' dir='ltr'><strong>extat</strong></span> <span class='ocrx_word' id='word_1_82' title='bbox 1208 754 1379 808; x_wconf 78' lang='lat' dir='ltr'><strong>praelati</strong></span> <span class='ocrx_word' id='word_1_83' title='bbox 1406 755 1508 795; x_wconf 86' lang='lat' dir='ltr'><strong>ritus</strong></span> <span class='ocrx_word' id='word_1_84' title='bbox 1535 754 1814 808; x_wconf 66' lang='lat' dir='ltr'><strong>vestigium».</strong></span> 
     </span>
     <span class='ocr_line' id='line_1_12' title="bbox 180 822 1815 876; baseline -0.001 -10"><span class='ocrx_word' id='word_1_85' title='bbox 180 848 236 856; x_wconf 90' lang='lat'>—</span> <span class='ocrx_word' id='word_1_86' title='bbox 271 822 347 866; x_wconf 91' lang='lat' dir='ltr'><strong>Hic</strong></span> <span class='ocrx_word' id='word_1_87' title='bbox 387 825 489 866; x_wconf 91' lang='lat' dir='ltr'><strong>ritus</strong></span> <span class='ocrx_word' id='word_1_88' title='bbox 524 836 622 865; x_wconf 89' lang='lat' dir='ltr'><strong>vero</strong></span> <span class='ocrx_word' id='word_1_89' title='bbox 656 827 717 866; x_wconf 85' lang='lat' dir='ltr'><strong>est</strong></span> <span class='ocrx_word' id='word_1_90' title='bbox 750 825 961 866; x_wconf 85' lang='lat' dir='ltr'><strong>concessio</strong></span> <span class='ocrx_word' id='word_1_91' title='bbox 997 822 1079 866; x_wconf 90' lang='lat' dir='ltr'><strong>bini</strong></span> <span class='ocrx_word' id='word_1_92' title='bbox 1115 828 1185 866; x_wconf 88' lang='lat' dir='ltr'><strong>aut</strong></span> <span class='ocrx_word' id='word_1_93' title='bbox 1214 825 1307 866; x_wconf 89' lang='lat' dir='ltr'><strong>trini</strong></span> <span class='ocrx_word' id='word_1_94' title='bbox 1332 824 1532 867; x_wconf 85' lang='lat' dir='ltr'><strong>Sacriticii</strong></span> <span class='ocrx_word' id='word_1_95' title='bbox 1559 836 1606 866; x_wconf 90' lang='lat' dir='ltr'><strong>eo</strong></span> <span class='ocrx_word' id='word_1_96' title='bbox 1631 823 1709 876; x_wconf 89' lang='lat' dir='ltr'><strong>die,</strong></span> <span class='ocrx_word' id='word_1_97' title='bbox 1737 836 1815 865; x_wconf 93' lang='lat' dir='ltr'><strong>non</strong></span> 
     </span>
     <span class='ocr_line' id='line_1_13' title="bbox 179 893 1817 951; baseline 0.001 -15"><span class='ocrx_word' id='word_1_98' title='bbox 179 894 391 950; x_wconf 82' lang='lat' dir='ltr'><strong>obligatio,</strong></span> <span class='ocrx_word' id='word_1_99' title='bbox 424 896 520 951; x_wconf 82' lang='lat' dir='ltr'><strong>quia</strong></span> <span class='ocrx_word' id='word_1_100' title='bbox 557 898 598 937; x_wconf 92' lang='lat' dir='ltr'><strong>ut</strong></span> <span class='ocrx_word' id='word_1_101' title='bbox 634 895 735 937; x_wconf 83' lang='lat' dir='ltr'><strong>inl&#39;ra</strong></span> <span class='ocrx_word' id='word_1_102' title='bbox 771 893 938 950; x_wconf 84' lang='lat' dir='ltr'><strong>patebit,</strong></span> <span class='ocrx_word' id='word_1_103' title='bbox 964 899 1024 937; x_wconf 87' lang='lat' dir='ltr'><strong>est</strong></span> <span class='ocrx_word' id='word_1_104' title='bbox 1047 897 1238 950; x_wconf 86' lang='lat' dir='ltr'><strong>exceptio</strong></span> <span class='ocrx_word' id='word_1_105' title='bbox 1275 894 1564 950; x_wconf 81' lang='lat' dir='ltr'><strong>prohibitionis</strong></span> <span class='ocrx_word' id='word_1_106' title='bbox 1589 897 1626 936; x_wconf 91' lang='lat' dir='ltr'><strong>in</strong></span> <span class='ocrx_word' id='word_1_107' title='bbox 1658 907 1817 938; x_wconf 85' lang='lat' dir='ltr'><strong>canone</strong></span> 
     </span>
     <span class='ocr_line' id='line_1_14' title="bbox 179 963 1812 1021; baseline -0.001 -13"><span class='ocrx_word' id='word_1_108' title='bbox 179 977 404 1021; x_wconf 85' lang='lat' dir='ltr'><strong>expressae</strong></span> <span class='ocrx_word' id='word_1_109' title='bbox 428 967 490 1008; x_wconf 89' lang='lat' dir='ltr'><strong>ius</strong></span> <span class='ocrx_word' id='word_1_110' title='bbox 514 964 769 1021; x_wconf 87' lang='lat' dir='ltr'><strong>praecedens</strong></span> <span class='ocrx_word' id='word_1_111' title='bbox 792 964 974 1008; x_wconf 88' lang='lat' dir='ltr'><strong>dilucide</strong></span> <span class='ocrx_word' id='word_1_112' title='bbox 999 967 1248 1009; x_wconf 87' lang='lat' dir='ltr'><strong>continente.</strong></span> <span class='ocrx_word' id='word_1_113' title='bbox 1272 991 1323 995; x_wconf 96' lang='lat'><strong>—</strong></span> <span class='ocrx_word' id='word_1_114' title='bbox 1348 963 1572 1009; x_wconf 78' lang='lat' dir='ltr'><strong>Videlicet:</strong></span> <span class='ocrx_word' id='word_1_115' title='bbox 1593 979 1683 1008; x_wconf 74' lang='lat' dir='ltr'><strong>can.</strong></span> <span class='ocrx_word' id='word_1_116' title='bbox 1703 967 1812 1007; x_wconf 73' lang='lat'><em>806.</em></span> 
     </span>
     <span class='ocr_line' id='line_1_15' title="bbox 177 1034 1812 1092; baseline -0.001 -14"><span class='ocrx_word' id='word_1_117' title='bbox 177 1035 205 1092; x_wconf 58' lang='lat' dir='ltr'><strong>g</strong></span> <span class='ocrx_word' id='word_1_118' title='bbox 242 1036 276 1078; x_wconf 86' lang='lat'><strong>1.</strong></span> <span class='ocrx_word' id='word_1_119' title='bbox 311 1034 496 1090; x_wconf 67' lang='lat' dir='ltr'><strong>Eoeeepto</strong></span> <span class='ocrx_word' id='word_1_120' title='bbox 543 1034 612 1077; x_wconf 76' lang='lat' dir='ltr'><strong>(lie</strong></span> <span class='ocrx_word' id='word_1_121' title='bbox 660 1034 913 1080; x_wconf 76' lang='lat' dir='ltr'><strong>Natim&#39;tatis</strong></span> <span class='ocrx_word' id='word_1_122' title='bbox 967 1034 1134 1078; x_wconf 79' lang='lat' dir='ltr'><strong>Domini</strong></span> <span class='ocrx_word' id='word_1_123' title='bbox 1172 1049 1220 1078; x_wconf 81' lang='lat' dir='ltr'><strong>ex</strong></span> <span class='ocrx_word' id='word_1_124' title='bbox 1261 1048 1350 1091; x_wconf 86' lang='lat' dir='ltr'><strong>cap.</strong></span> <span class='ocrx_word' id='word_1_125' title='bbox 1396 1036 1419 1077; x_wconf 79' lang='lat'>3</span> <span class='ocrx_word' id='word_1_126' title='bbox 1469 1051 1489 1076; x_wconf 76' lang='lat' dir='ltr'><strong>c(</strong></span> <span class='ocrx_word' id='word_1_127' title='bbox 1513 1034 1762 1079; x_wconf 85' lang='lat' dir='ltr'><strong>Consuluisti</strong></span> <span class='ocrx_word' id='word_1_128' title='bbox 1792 1052 1812 1076; x_wconf 74' lang='lat' dir='ltr'><strong>n</strong></span> 
     </span>
     <span class='ocr_line' id='line_1_16' title="bbox 182 1105 1818 1164; baseline -0.001 -15"><span class='ocrx_word' id='word_1_129' title='bbox 182 1106 319 1150; x_wconf 88' lang='lat' dir='ltr'><strong>lnuec.</strong></span> <span class='ocrx_word' id='word_1_130' title='bbox 356 1106 405 1149; x_wconf 92' lang='grc' dir='ltr'><strong>ΙΙΙ</strong></span> <span class='ocrx_word' id='word_1_131' title='bbox 439 1107 490 1150; x_wconf 88' lang='lat' dir='ltr'><strong>de</strong></span> <span class='ocrx_word' id='word_1_132' title='bbox 524 1106 720 1150; x_wconf 89' lang='lat' dir='ltr'><strong>celebrat.</strong></span> <span class='ocrx_word' id='word_1_133' title='bbox 749 1108 906 1149; x_wconf 82' lang='lat' dir='ltr'><strong>missar.</strong></span> <span class='ocrx_word' id='word_1_134' title='bbox 933 1105 1018 1164; x_wconf 88' lang='lat' dir='ltr'><strong>(ill,</strong></span> <span class='ocrx_word' id='word_1_135' title='bbox 1039 1105 1112 1163; x_wconf 75' lang='lat'><strong>41)</strong></span> <span class='ocrx_word' id='word_1_136' title='bbox 1137 1111 1176 1148; x_wconf 83' lang='lat' dir='ltr'><strong>el</strong></span> <span class='ocrx_word' id='word_1_137' title='bbox 1199 1106 1268 1149; x_wconf 81' lang='lat' dir='ltr'><strong>(lie</strong></span> <span class='ocrx_word' id='word_1_138' title='bbox 1295 1106 1714 1149; x_wconf 69' lang='lat' dir='ltr'><strong>Conzmemoralionis</strong></span> <span class='ocrx_word' id='word_1_139' title='bbox 1737 1121 1818 1150; x_wconf 85' lang='lat' dir='ltr'><strong>om·</strong></span> 
     </span>
     <span class='ocr_line' id='line_1_17' title="bbox 182 1176 1814 1235; baseline 0.002 -17"><span class='ocrx_word' id='word_1_140' title='bbox 182 1176 296 1220; x_wconf 74' lang='lat' dir='ltr'><strong>nium</strong></span> <span class='ocrx_word' id='word_1_141' title='bbox 339 1176 526 1233; x_wconf 73' lang='lat' dir='ltr'><strong>fidelium</strong></span> <span class='ocrx_word' id='word_1_142' title='bbox 564 1176 872 1232; x_wconf 78' lang='lat' dir='ltr'><strong>(lefzmetorum,</strong></span> <span class='ocrx_word' id='word_1_143' title='bbox 906 1177 1086 1220; x_wconf 87' lang='lat' dir='ltr'><strong>seilicet:</strong></span> <span class='ocrx_word' id='word_1_144' title='bbox 1128 1177 1173 1219; x_wconf 63' lang='lat'><strong>⁶2³</strong></span> <span class='ocrx_word' id='word_1_145' title='bbox 1210 1177 1270 1220; x_wconf 86' lang='lat' dir='ltr'><strong>vel</strong></span> <span class='ocrx_word' id='word_1_146' title='bbox 1309 1177 1353 1219; x_wconf 79' lang='lat' dir='ltr'><strong>3a</strong></span> <span class='ocrx_word' id='word_1_147' title='bbox 1386 1176 1649 1221; x_wconf 75' lang='lat' dir='ltr'><strong>Novembris.</strong></span> <span class='ocrx_word' id='word_1_148' title='bbox 1688 1194 1710 1218; x_wconf 86' lang='lat'>«</span> <span class='ocrx_word' id='word_1_149' title='bbox 1733 1191 1814 1235; x_wconf 75' lang='lat' dir='ltr'><strong>quo</strong></span> 
     </span>
     <span class='ocr_line' id='line_1_18' title="bbox 180 1246 1816 1303; baseline 0.001 -14"><span class='ocrx_word' id='word_1_150' title='bbox 180 1247 247 1290; x_wconf 89' lang='lat' dir='ltr'><strong>die</strong></span> <span class='ocrx_word' id='word_1_151' title='bbox 281 1250 419 1303; x_wconf 89' lang='lat' dir='ltr'><strong>agitur</strong></span> <span class='ocrx_word' id='word_1_152' title='bbox 451 1247 656 1290; x_wconf 84' lang='lat' dir='ltr'><strong>Solemnis</strong></span> <span class='ocrx_word' id='word_1_153' title='bbox 688 1246 1038 1291; x_wconf 84' lang='lat' dir='ltr'><strong>Commemoratio</strong></span> <span class='ocrx_word' id='word_1_154' title='bbox 1063 1263 1101 1302; x_wconf 82' lang='lat'><strong>)),</strong></span> <span class='ocrx_word' id='word_1_155' title='bbox 1137 1252 1180 1290; x_wconf 91' lang='lat' dir='ltr'><strong>ut</strong></span> <span class='ocrx_word' id='word_1_156' title='bbox 1212 1249 1266 1290; x_wconf 89' lang='lat' dir='ltr'><strong>ait</strong></span> <span class='ocrx_word' id='word_1_157' title='bbox 1304 1247 1452 1291; x_wconf 84' lang='lat' dir='ltr'><strong>Bened.</strong></span> <span class='ocrx_word' id='word_1_158' title='bbox 1480 1247 1550 1290; x_wconf 74' lang='lat' dir='ltr'><strong>XV</strong></span> <span class='ocrx_word' id='word_1_159' title='bbox 1577 1250 1614 1290; x_wconf 94' lang='lat' dir='ltr'><strong>in</strong></span> <span class='ocrx_word' id='word_1_160' title='bbox 1640 1247 1681 1291; x_wconf 80' lang='lat' dir='ltr'><strong>C.</strong></span> <span class='ocrx_word' id='word_1_161' title='bbox 1712 1264 1734 1289; x_wconf 74' lang='grc' dir='ltr'>α</span> <span class='ocrx_word' id='word_1_162' title='bbox 1758 1247 1816 1291; x_wconf 89' lang='lat' dir='ltr'><strong>ln—</strong></span> 
     </span>
     <span class='ocr_line' id='line_1_19' title="bbox 179 1316 1816 1374; baseline 0.001 -13"><span class='ocrx_word' id='word_1_163' title='bbox 179 1323 399 1361; x_wconf 84' lang='lat' dir='ltr'><strong>cruentum</strong></span> <span class='ocrx_word' id='word_1_164' title='bbox 426 1332 445 1358; x_wconf 68' lang='lat'><strong>³&gt;</strong></span> <span class='ocrx_word' id='word_1_165' title='bbox 472 1316 486 1338; x_wconf 77' lang='lat'><strong>²</strong></span> <span class='ocrx_word' id='word_1_166' title='bbox 521 1320 589 1374; x_wconf 78' lang='lat' dir='ltr'><strong>qui</strong></span> <span class='ocrx_word' id='word_1_167' title='bbox 623 1320 910 1374; x_wconf 85' lang='lat' dir='ltr'><strong>exceptionem</strong></span> <span class='ocrx_word' id='word_1_168' title='bbox 947 1317 1053 1361; x_wconf 90' lang='lat' dir='ltr'><strong>hanc</strong></span> <span class='ocrx_word' id='word_1_169' title='bbox 1093 1337 1108 1356; x_wconf 93' lang='lat'>«</span> <span class='ocrx_word' id='word_1_170' title='bbox 1131 1317 1324 1361; x_wconf 89' lang='lat' dir='ltr'><strong>omnibus</strong></span> <span class='ocrx_word' id='word_1_171' title='bbox 1349 1320 1386 1360; x_wconf 90' lang='lat' dir='ltr'><strong>in</strong></span> <span class='ocrx_word' id='word_1_172' title='bbox 1411 1318 1595 1362; x_wconf 87' lang='lat' dir='ltr'><strong>Ecclesia</strong></span> <span class='ocrx_word' id='word_1_173' title='bbox 1622 1321 1816 1362; x_wconf 80' lang='lat' dir='ltr'><strong>universa</strong></span> 
     </span>
     <span class='ocr_line' id='line_1_20' title="bbox 178 1387 1816 1445; baseline 0.001 -14"><span class='ocrx_word' id='word_1_174' title='bbox 178 1387 474 1432; x_wconf 85' lang='lat' dir='ltr'><strong>Sacerdotibus</strong></span> <span class='ocrx_word' id='word_1_175' title='bbox 497 1404 516 1426; x_wconf 72' lang='lat'><strong>&gt;³</strong></span> <span class='ocrx_word' id='word_1_176' title='bbox 548 1388 775 1431; x_wconf 87' lang='lat' dir='ltr'><strong>extendere</strong></span> <span class='ocrx_word' id='word_1_177' title='bbox 798 1388 993 1444; x_wconf 90' lang='lat' dir='ltr'><strong>dignatus</strong></span> <span class='ocrx_word' id='word_1_178' title='bbox 1017 1393 1090 1444; x_wconf 87' lang='lat' dir='ltr'><strong>est,</strong></span> <span class='ocrx_word' id='word_1_179' title='bbox 1115 1388 1386 1445; x_wconf 84' lang='lat' dir='ltr'><strong>sequentibus</strong></span> <span class='ocrx_word' id='word_1_180' title='bbox 1419 1389 1470 1432; x_wconf 89' lang='lat' dir='ltr'><strong>de</strong></span> <span class='ocrx_word' id='word_1_181' title='bbox 1503 1392 1653 1433; x_wconf 77' lang='lat' dir='ltr'><strong>causis,</strong></span> <span class='ocrx_word' id='word_1_182' title='bbox 1682 1406 1703 1431; x_wconf 86' lang='lat'>«</span> <span class='ocrx_word' id='word_1_183' title='bbox 1722 1389 1816 1433; x_wconf 88' lang='lat' dir='ltr'><strong>Ete-</strong></span> 
     </span>
     <span class='ocr_line' id='line_1_21' title="bbox 179 1457 1816 1516; baseline 0.001 -14"><span class='ocrx_word' id='word_1_184' title='bbox 179 1460 264 1502; x_wconf 91' lang='lat' dir='ltr'><strong>nim</strong></span> <span class='ocrx_word' id='word_1_185' title='bbox 297 1457 654 1513; x_wconf 83' lang='lat' dir='ltr'><strong>Christitidelium,</strong></span> <span class='ocrx_word' id='word_1_186' title='bbox 687 1461 755 1514; x_wconf 91' lang='lat' dir='ltr'><strong>ait,</strong></span> <span class='ocrx_word' id='word_1_187' title='bbox 790 1461 860 1516; x_wconf 80' lang='lat' dir='ltr'><strong>qui</strong></span> <span class='ocrx_word' id='word_1_188' title='bbox 897 1461 1041 1502; x_wconf 85' lang='lat' dir='ltr'><strong>missas</strong></span> <span class='ocrx_word' id='word_1_189' title='bbox 1075 1462 1114 1502; x_wconf 92' lang='lat' dir='ltr'><strong>in</strong></span> <span class='ocrx_word' id='word_1_190' title='bbox 1148 1460 1439 1503; x_wconf 85' lang='lat' dir='ltr'><strong>defunctorum</strong></span> <span class='ocrx_word' id='word_1_191' title='bbox 1476 1460 1675 1504; x_wconf 87' lang='lat' dir='ltr'><strong>solacium</strong></span> <span class='ocrx_word' id='word_1_192' title='bbox 1710 1460 1816 1504; x_wconf 87' lang='lat' dir='ltr'><strong>cele-</strong></span> 
     </span>
    </p>
   </div>
   <div class='ocr_carea' id='block_1_5' title="bbox 180 1528 1881 1587">
    <p class='ocr_par' dir='ltr' id='par_1_6' title="bbox 180 1528 1881 1587">
     <span class='ocr_line' id='line_1_22' title="bbox 180 1528 1881 1587; baseline 0.001 -15"><span class='ocrx_word' id='word_1_193' title='bbox 180 1528 360 1573; x_wconf 89' lang='lat' dir='ltr'><strong>brandas</strong></span> <span class='ocrx_word' id='word_1_194' title='bbox 397 1529 458 1573; x_wconf 87' lang='lat' dir='ltr'><strong>vel</strong></span> <span class='ocrx_word' id='word_1_195' title='bbox 494 1532 643 1587; x_wconf 87' lang='lat' dir='ltr'><strong>quovis</strong></span> <span class='ocrx_word' id='word_1_196' title='bbox 677 1529 799 1573; x_wconf 89' lang='lat' dir='ltr'><strong>modo</strong></span> <span class='ocrx_word' id='word_1_197' title='bbox 832 1532 1053 1581; x_wconf 77' lang='lat' dir='ltr'><strong>statuerint</strong></span> <span class='ocrx_word' id='word_1_198' title='bbox 1089 1530 1150 1573; x_wconf 88' lang='lat' dir='ltr'><strong>vel</strong></span> <span class='ocrx_word' id='word_1_199' title='bbox 1186 1535 1432 1574; x_wconf 89' lang='lat' dir='ltr'><strong>testamento</strong></span> <span class='ocrx_word' id='word_1_200' title='bbox 1468 1531 1714 1587; x_wconf 79' lang='lat' dir='ltr'><strong>legaverint,</strong></span> <span class='ocrx_word' id='word_1_201' title='bbox 1750 1533 1814 1587; x_wconf 86' lang='lat' dir='ltr'><strong>pia</strong></span> <span class='ocrx_word' id='word_1_202' title='bbox 1879 1561 1881 1565; x_wconf 20' lang='grc' dir='ltr'><em>Α</em></span> 
     </span>
    </p>
   </div>
   <div class='ocr_carea' id='block_1_6' title="bbox 176 1599 1816 2791">
    <p class='ocr_par' dir='ltr' id='par_1_7' title="bbox 178 1599 1816 1927">
     <span class='ocr_line' id='line_1_23' title="bbox 179 1599 1816 1660; baseline 0.002 -18"><span class='ocrx_word' id='word_1_203' title='bbox 179 1599 280 1643; x_wconf 88' lang='lat' dir='ltr'><strong>haec</strong></span> <span class='ocrx_word' id='word_1_204' title='bbox 315 1601 496 1644; x_wconf 88' lang='lat' dir='ltr'><strong>instituta</strong></span> <span class='ocrx_word' id='word_1_205' title='bbox 532 1605 572 1643; x_wconf 86' lang='lat' dir='ltr'><strong>et</strong></span> <span class='ocrx_word' id='word_1_206' title='bbox 604 1600 738 1657; x_wconf 88' lang='lat' dir='ltr'><strong>legata</strong></span> <span class='ocrx_word' id='word_1_207' title='bbox 772 1600 998 1660; x_wconf 85' lang='lat' dir='ltr'><strong>dolendum</strong></span> <span class='ocrx_word' id='word_1_208' title='bbox 1033 1605 1093 1644; x_wconf 88' lang='lat' dir='ltr'><strong>est</strong></span> <span class='ocrx_word' id='word_1_209' title='bbox 1130 1603 1277 1657; x_wconf 91' lang='lat' dir='ltr'><strong>partim</strong></span> <span class='ocrx_word' id='word_1_210' title='bbox 1303 1601 1438 1644; x_wconf 88' lang='lat' dir='ltr'><strong>deleta</strong></span> <span class='ocrx_word' id='word_1_211' title='bbox 1462 1615 1564 1653; x_wconf 78' lang='lat' dir='ltr'><strong>esse,</strong></span> <span class='ocrx_word' id='word_1_212' title='bbox 1593 1604 1739 1658; x_wconf 86' lang='lat' dir='ltr'><strong>partim</strong></span> <span class='ocrx_word' id='word_1_213' title='bbox 1765 1601 1816 1645; x_wconf 87' lang='lat' dir='ltr'><strong>ab</strong></span> 
     </span>
     <span class='ocr_line' id='line_1_24' title="bbox 179 1671 1815 1729; baseline 0.002 -16"><span class='ocrx_word' id='word_1_214' title='bbox 179 1672 227 1714; x_wconf 92' lang='lat' dir='ltr'><strong>iis</strong></span> <span class='ocrx_word' id='word_1_215' title='bbox 260 1671 412 1728; x_wconf 84' lang='lat' dir='ltr'><strong>negligi</strong></span> <span class='ocrx_word' id='word_1_216' title='bbox 447 1673 517 1728; x_wconf 83' lang='lat' dir='ltr'><strong>qui</strong></span> <span class='ocrx_word' id='word_1_217' title='bbox 552 1673 723 1715; x_wconf 90' lang='lat' dir='ltr'><strong>minime</strong></span> <span class='ocrx_word' id='word_1_218' title='bbox 745 1674 931 1715; x_wconf 91' lang='lat' dir='ltr'><strong>omnium</strong></span> <span class='ocrx_word' id='word_1_219' title='bbox 957 1672 1150 1717; x_wconf 89' lang='lat' dir='ltr'><strong>debeant.</strong></span> <span class='ocrx_word' id='word_1_220' title='bbox 1176 1671 1266 1716; x_wconf 94' lang='lat' dir='ltr'><strong>Huc</strong></span> <span class='ocrx_word' id='word_1_221' title='bbox 1291 1673 1466 1726; x_wconf 82' lang='lat' dir='ltr'><strong>accedit,</strong></span> <span class='ocrx_word' id='word_1_222' title='bbox 1493 1678 1535 1716; x_wconf 91' lang='lat' dir='ltr'><strong>ut</strong></span> <span class='ocrx_word' id='word_1_223' title='bbox 1559 1686 1606 1716; x_wconf 81' lang='lat' dir='ltr'><strong>ex</strong></span> <span class='ocrx_word' id='word_1_224' title='bbox 1634 1675 1681 1716; x_wconf 90' lang='lat' dir='ltr'><strong>iis</strong></span> <span class='ocrx_word' id='word_1_225' title='bbox 1706 1675 1815 1729; x_wconf 86' lang='lat' dir='ltr'><strong>ipsis,</strong></span> 
     </span>
     <span class='ocr_line' id='line_1_25' title="bbox 178 1742 1815 1800; baseline 0.002 -15"><span class='ocrx_word' id='word_1_226' title='bbox 178 1754 354 1799; x_wconf 85' lang='lat' dir='ltr'><strong>quorum</strong></span> <span class='ocrx_word' id='word_1_227' title='bbox 389 1742 603 1799; x_wconf 87' lang='lat' dir='ltr'><strong>explorata</strong></span> <span class='ocrx_word' id='word_1_228' title='bbox 640 1742 785 1799; x_wconf 90' lang='lat' dir='ltr'><strong>religio</strong></span> <span class='ocrx_word' id='word_1_229' title='bbox 819 1747 893 1796; x_wconf 89' lang='lat' dir='ltr'><strong>est,</strong></span> <span class='ocrx_word' id='word_1_230' title='bbox 929 1756 1007 1786; x_wconf 91' lang='lat' dir='ltr'><strong>nou</strong></span> <span class='ocrx_word' id='word_1_231' title='bbox 1043 1745 1163 1800; x_wconf 86' lang='lat' dir='ltr'><strong>pauci</strong></span> <span class='ocrx_word' id='word_1_232' title='bbox 1200 1744 1408 1787; x_wconf 89' lang='lat' dir='ltr'><strong>redituum</strong></span> <span class='ocrx_word' id='word_1_233' title='bbox 1436 1746 1725 1788; x_wconf 87' lang='lat' dir='ltr'><strong>imminutione</strong></span> <span class='ocrx_word' id='word_1_234' title='bbox 1748 1757 1815 1788; x_wconf 93' lang='lat' dir='ltr'><strong>co-</strong></span> 
     </span>
     <span class='ocr_line' id='line_1_26' title="bbox 178 1813 1813 1871; baseline 0.001 -16"><span class='ocrx_word' id='word_1_235' title='bbox 178 1817 343 1869; x_wconf 88' lang='lat' dir='ltr'><strong>gantur,</strong></span> <span class='ocrx_word' id='word_1_236' title='bbox 376 1813 425 1856; x_wconf 78' lang='lat' dir='ltr'><strong>acl</strong></span> <span class='ocrx_word' id='word_1_237' title='bbox 461 1813 791 1857; x_wconf 88' lang='lat' dir='ltr'><strong>contrahendum</strong></span> <span class='ocrx_word' id='word_1_238' title='bbox 837 1813 1054 1857; x_wconf 87' lang='lat' dir='ltr'><strong>Missarum</strong></span> <span class='ocrx_word' id='word_1_239' title='bbox 1103 1827 1339 1866; x_wconf 89' lang='lat' dir='ltr'><strong>numerum,</strong></span> <span class='ocrx_word' id='word_1_240' title='bbox 1373 1814 1582 1871; x_wconf 85' lang='lat' dir='ltr'><strong>supplices</strong></span> <span class='ocrx_word' id='word_1_241' title='bbox 1625 1815 1813 1871; x_wconf 80' lang='lat' dir='ltr'><strong>Aplcam.</strong></span> 
     </span>
     <span class='ocr_line' id='line_1_27' title="bbox 178 1883 547 1927; baseline 0.003 -1"><span class='ocrx_word' id='word_1_242' title='bbox 178 1883 328 1927; x_wconf 88' lang='lat' dir='ltr'><strong>Sedem</strong></span> <span class='ocrx_word' id='word_1_243' title='bbox 368 1884 547 1927; x_wconf 79' lang='lat' dir='ltr'><strong>adire».</strong></span> 
     </span>
    </p>

    <p class='ocr_par' dir='ltr' id='par_1_8' title="bbox 176 1954 1816 2227">
     <span class='ocr_line' id='line_1_28' title="bbox 302 1954 1814 2017; baseline 0.004 -21"><span class='ocrx_word' id='word_1_244' title='bbox 302 1970 321 1995; x_wconf 85' lang='lat'>«</span> <span class='ocrx_word' id='word_1_245' title='bbox 345 1954 427 1998; x_wconf 90' lang='lat' dir='ltr'><strong>Nos</strong></span> <span class='ocrx_word' id='word_1_246' title='bbox 462 1957 601 2012; x_wconf 89' lang='lat' dir='ltr'><strong>igitur,</strong></span> <span class='ocrx_word' id='word_1_247' title='bbox 621 1956 758 2000; x_wconf 90' lang='lat' dir='ltr'><strong>denuo</strong></span> <span class='ocrx_word' id='word_1_248' title='bbox 791 1959 1090 2001; x_wconf 91' lang='lat' dir='ltr'><strong>conscientiam</strong></span> <span class='ocrx_word' id='word_1_249' title='bbox 1116 1971 1259 2001; x_wconf 89' lang='lat' dir='ltr'><strong>eorum</strong></span> <span class='ocrx_word' id='word_1_250' title='bbox 1285 1959 1471 2014; x_wconf 85' lang='lat' dir='ltr'><strong>graviter</strong></span> <span class='ocrx_word' id='word_1_251' title='bbox 1495 1963 1726 2013; x_wconf 86' lang='lat' dir='ltr'><strong>onerantes,</strong></span> <span class='ocrx_word' id='word_1_252' title='bbox 1745 1962 1814 2017; x_wconf 86' lang='lat' dir='ltr'><strong>qui</strong></span> 
     </span>
     <span class='ocr_line' id='line_1_29' title="bbox 176 2025 1816 2085; baseline 0.003 -17"><span class='ocrx_word' id='word_1_253' title='bbox 176 2038 251 2069; x_wconf 89' lang='lat' dir='ltr'><strong>suo</strong></span> <span class='ocrx_word' id='word_1_254' title='bbox 285 2025 361 2069; x_wconf 89' lang='lat' dir='ltr'><strong>hac</strong></span> <span class='ocrx_word' id='word_1_255' title='bbox 399 2028 438 2068; x_wconf 88' lang='lat' dir='ltr'><strong>in</strong></span> <span class='ocrx_word' id='word_1_256' title='bbox 484 2039 527 2069; x_wconf 92' lang='lat' dir='ltr'><strong>re</strong></span> <span class='ocrx_word' id='word_1_257' title='bbox 570 2026 706 2070; x_wconf 87' lang='lat' dir='ltr'><strong>officio</strong></span> <span class='ocrx_word' id='word_1_258' title='bbox 751 2041 829 2071; x_wconf 89' lang='lat' dir='ltr'><strong>non</strong></span> <span class='ocrx_word' id='word_1_259' title='bbox 875 2029 1143 2082; x_wconf 71' lang='lat' dir='ltr'><strong>satisfaciant,</strong></span> <span class='ocrx_word' id='word_1_260' title='bbox 1188 2031 1404 2073; x_wconf 85' lang='lat' dir='ltr'><strong>caritate...</strong></span> <span class='ocrx_word' id='word_1_261' title='bbox 1456 2028 1723 2085; x_wconf 80' lang='lat' dir='ltr'><strong>impellimur,</strong></span> <span class='ocrx_word' id='word_1_262' title='bbox 1775 2035 1816 2073; x_wconf 90' lang='lat' dir='ltr'><strong>ut</strong></span> 
     </span>
     <span class='ocr_line' id='line_1_30' title="bbox 177 2098 1814 2157; baseline 0.003 -18"><span class='ocrx_word' id='word_1_263' title='bbox 177 2098 328 2140; x_wconf 90' lang='lat' dir='ltr'><strong>omissa</strong></span> <span class='ocrx_word' id='word_1_264' title='bbox 362 2110 459 2141; x_wconf 90' lang='lat' dir='ltr'><strong>cum</strong></span> <span class='ocrx_word' id='word_1_265' title='bbox 495 2099 648 2153; x_wconf 85' lang='lat' dir='ltr'><strong>ingenti</strong></span> <span class='ocrx_word' id='word_1_266' title='bbox 683 2111 826 2142; x_wconf 88' lang='lat' dir='ltr'><strong>earum</strong></span> <span class='ocrx_word' id='word_1_267' title='bbox 862 2099 1116 2157; x_wconf 89' lang='lat' dir='ltr'><strong>(animarum</strong></span> <span class='ocrx_word' id='word_1_268' title='bbox 1161 2098 1411 2156; x_wconf 85' lang='lat' dir='ltr'><strong>Purgatorii)</strong></span> <span class='ocrx_word' id='word_1_269' title='bbox 1447 2100 1701 2143; x_wconf 87' lang='lat' dir='ltr'><strong>detrimento</strong></span> <span class='ocrx_word' id='word_1_270' title='bbox 1734 2102 1814 2144; x_wconf 83' lang='lat' dir='ltr'><strong>suf-</strong></span> 
     </span>
     <span class='ocr_line' id='line_1_31' title="bbox 178 2167 1635 2227; baseline 0 -17"><span class='ocrx_word' id='word_1_271' title='bbox 178 2167 322 2224; x_wconf 80' lang='lat' dir='ltr'><strong>fragia,</strong></span> <span class='ocrx_word' id='word_1_272' title='bbox 356 2172 556 2224; x_wconf 86' lang='lat' dir='ltr'><strong>quantum</strong></span> <span class='ocrx_word' id='word_1_273' title='bbox 592 2170 631 2211; x_wconf 94' lang='lat' dir='ltr'><strong>in</strong></span> <span class='ocrx_word' id='word_1_274' title='bbox 664 2167 791 2212; x_wconf 90' lang='lat' dir='ltr'><strong>Nobis</strong></span> <span class='ocrx_word' id='word_1_275' title='bbox 823 2174 896 2224; x_wconf 88' lang='lat' dir='ltr'><strong>est,</strong></span> <span class='ocrx_word' id='word_1_276' title='bbox 931 2169 1071 2227; x_wconf 81' lang='lat' dir='ltr'><strong>aliquo</strong></span> <span class='ocrx_word' id='word_1_277' title='bbox 1107 2174 1225 2225; x_wconf 87' lang='lat' dir='ltr'><strong>pacto</strong></span> <span class='ocrx_word' id='word_1_278' title='bbox 1258 2169 1570 2226; x_wconf 88' lang='lat' dir='ltr'><strong>suppleamus...</strong></span> <span class='ocrx_word' id='word_1_279' title='bbox 1597 2186 1635 2211; x_wconf 85' lang='grc'><strong>».</strong></span> 
     </span>
    </p>

    <p class='ocr_par' dir='ltr' id='par_1_9' title="bbox 176 2237 1814 2509">
     <span class='ocr_line' id='line_1_32' title="bbox 296 2237 1814 2298; baseline 0.003 -18"><span class='ocrx_word' id='word_1_280' title='bbox 296 2237 386 2281; x_wconf 89' lang='lat' dir='ltr'><strong>Alia</strong></span> <span class='ocrx_word' id='word_1_281' title='bbox 423 2252 522 2282; x_wconf 83' lang='lat' dir='ltr'><strong>vero</strong></span> <span class='ocrx_word' id='word_1_282' title='bbox 545 2251 668 2283; x_wconf 89' lang='lat' dir='ltr'><strong>causa</strong></span> <span class='ocrx_word' id='word_1_283' title='bbox 695 2240 911 2296; x_wconf 89' lang='lat' dir='ltr'><strong>impellens</strong></span> <span class='ocrx_word' id='word_1_284' title='bbox 935 2241 1032 2283; x_wconf 84' lang='lat' dir='ltr'><strong>fuit:</strong></span> <span class='ocrx_word' id='word_1_285' title='bbox 1074 2255 1094 2281; x_wconf 84' lang='lat'>«</span> <span class='ocrx_word' id='word_1_286' title='bbox 1117 2238 1466 2298; x_wconf 81' lang='lat' dir='ltr'><strong>Quandoquidem</strong></span> <span class='ocrx_word' id='word_1_287' title='bbox 1496 2254 1593 2284; x_wconf 81' lang='lat' dir='ltr'><strong>vero</strong></span> <span class='ocrx_word' id='word_1_288' title='bbox 1628 2255 1814 2285; x_wconf 83' lang='lat' dir='ltr'><strong>commu-</strong></span> 
     </span>
     <span class='ocr_line' id='line_1_33' title="bbox 176 2309 1811 2370; baseline 0.002 -19"><span class='ocrx_word' id='word_1_289' title='bbox 176 2310 239 2351; x_wconf 92' lang='lat' dir='ltr'><strong>nis</strong></span> <span class='ocrx_word' id='word_1_290' title='bbox 272 2311 457 2352; x_wconf 91' lang='lat' dir='ltr'><strong>omnium</strong></span> <span class='ocrx_word' id='word_1_291' title='bbox 495 2309 613 2352; x_wconf 89' lang='lat' dir='ltr'><strong>Pater</strong></span> <span class='ocrx_word' id='word_1_292' title='bbox 645 2310 788 2353; x_wconf 90' lang='lat' dir='ltr'><strong>divino</strong></span> <span class='ocrx_word' id='word_1_293' title='bbox 821 2311 993 2354; x_wconf 84' lang='lat' dir='ltr'><strong>consilio</strong></span> <span class='ocrx_word' id='word_1_294' title='bbox 1018 2312 1112 2354; x_wconf 84' lang='lat' dir='ltr'><strong>facti</strong></span> <span class='ocrx_word' id='word_1_295' title='bbox 1136 2325 1293 2365; x_wconf 83' lang='lat' dir='ltr'><strong>sumus,</strong></span> <span class='ocrx_word' id='word_1_296' title='bbox 1319 2311 1425 2354; x_wconf 79' lang='lat' dir='ltr'><strong>tilios</strong></span> <span class='ocrx_word' id='word_1_297' title='bbox 1457 2313 1538 2354; x_wconf 91' lang='lat' dir='ltr'><strong>vita</strong></span> <span class='ocrx_word' id='word_1_298' title='bbox 1567 2312 1730 2355; x_wconf 83' lang='lat' dir='ltr'><strong>functos</strong></span> <span class='ocrx_word' id='word_1_299' title='bbox 1755 2312 1811 2370; x_wconf 92' lang='lat' dir='ltr'><strong>(in</strong></span> 
     </span>
     <span class='ocr_line' id='line_1_34' title="bbox 178 2378 1813 2439; baseline 0.003 -18"><span class='ocrx_word' id='word_1_300' title='bbox 178 2378 285 2422; x_wconf 89' lang='lat' dir='ltr'><strong>bello</strong></span> <span class='ocrx_word' id='word_1_301' title='bbox 330 2381 645 2435; x_wconf 87' lang='lat' dir='ltr'><strong>immanissimo)</strong></span> <span class='ocrx_word' id='word_1_302' title='bbox 679 2381 917 2425; x_wconf 91' lang='lat' dir='ltr'><strong>...volumus</strong></span> <span class='ocrx_word' id='word_1_303' title='bbox 961 2387 1129 2438; x_wconf 91' lang='lat' dir='ltr'><strong>paterna</strong></span> <span class='ocrx_word' id='word_1_304' title='bbox 1173 2395 1268 2425; x_wconf 90' lang='lat' dir='ltr'><strong>cum</strong></span> <span class='ocrx_word' id='word_1_305' title='bbox 1315 2381 1520 2438; x_wconf 85' lang='lat' dir='ltr'><strong>largitate,</strong></span> <span class='ocrx_word' id='word_1_306' title='bbox 1560 2386 1745 2439; x_wconf 87' lang='lat' dir='ltr'><strong>congesti</strong></span> <span class='ocrx_word' id='word_1_307' title='bbox 1792 2398 1813 2427; x_wconf 93' lang='lat' dir='ltr'><strong>e</strong></span> 
     </span>
     <span class='ocr_line' id='line_1_35' title="bbox 176 2447 1581 2509; baseline 0.004 -17"><span class='ocrx_word' id='word_1_308' title='bbox 176 2447 327 2493; x_wconf 87' lang='lat' dir='ltr'><strong>Christi</strong></span> <span class='ocrx_word' id='word_1_309' title='bbox 360 2449 449 2493; x_wconf 87' lang='lat' dir='ltr'><strong>Iesu</strong></span> <span class='ocrx_word' id='word_1_310' title='bbox 485 2453 642 2494; x_wconf 90' lang='lat' dir='ltr'><strong>meritis</strong></span> <span class='ocrx_word' id='word_1_311' title='bbox 676 2452 857 2495; x_wconf 87' lang='lat' dir='ltr'><strong>thesauri</strong></span> <span class='ocrx_word' id='word_1_312' title='bbox 892 2452 1058 2496; x_wconf 91' lang='lat' dir='ltr'><strong>abunde</strong></span> <span class='ocrx_word' id='word_1_313' title='bbox 1093 2455 1314 2509; x_wconf 87' lang='lat' dir='ltr'><strong>participes</strong></span> <span class='ocrx_word' id='word_1_314' title='bbox 1352 2454 1518 2497; x_wconf 81' lang='lat' dir='ltr'><strong>efficere</strong></span> <span class='ocrx_word' id='word_1_315' title='bbox 1543 2469 1581 2498; x_wconf 67' lang='lat' dir='ltr'><strong>J).</strong></span> 
     </span>
    </p>

    <p class='ocr_par' dir='ltr' id='par_1_10' title="bbox 176 2519 1813 2791">
     <span class='ocr_line' id='line_1_36' title="bbox 294 2519 1813 2582; baseline 0.003 -19"><span class='ocrx_word' id='word_1_316' title='bbox 294 2519 433 2564; x_wconf 90' lang='lat' dir='ltr'><strong>Canon</strong></span> <span class='ocrx_word' id='word_1_317' title='bbox 469 2523 594 2577; x_wconf 89' lang='lat' dir='ltr'><strong>igitur</strong></span> <span class='ocrx_word' id='word_1_318' title='bbox 627 2525 782 2577; x_wconf 87' lang='lat' dir='ltr'><strong>statuit,</strong></span> <span class='ocrx_word' id='word_1_319' title='bbox 815 2528 989 2580; x_wconf 85' lang='lat' dir='ltr'><strong>excepto</strong></span> <span class='ocrx_word' id='word_1_320' title='bbox 1024 2528 1200 2580; x_wconf 85' lang='lat' dir='ltr'><strong>utroque</strong></span> <span class='ocrx_word' id='word_1_321' title='bbox 1233 2523 1442 2567; x_wconf 85' lang='lat' dir='ltr'><strong>declarato</strong></span> <span class='ocrx_word' id='word_1_322' title='bbox 1477 2525 1557 2577; x_wconf 90' lang='lat' dir='ltr'><strong>die,</strong></span> <span class='ocrx_word' id='word_1_323' title='bbox 1579 2524 1726 2582; x_wconf 70' lang='lat' dir='ltr'><strong>quihus</strong></span> <span class='ocrx_word' id='word_1_324' title='bbox 1750 2527 1813 2582; x_wconf 73' lang='lat' dir='ltr'><strong>sa-</strong></span> 
     </span>
     <span class='ocr_line' id='line_1_37' title="bbox 176 2589 1809 2644; baseline 0.002 -12"><span class='ocrx_word' id='word_1_325' title='bbox 176 2589 313 2633; x_wconf 73' lang='lat' dir='ltr'><strong>cultas</strong></span> <span class='ocrx_word' id='word_1_326' title='bbox 345 2596 407 2634; x_wconf 82' lang='lat' dir='ltr'><strong>est</strong></span> <span class='ocrx_word' id='word_1_327' title='bbox 440 2591 609 2635; x_wconf 84' lang='lat' dir='ltr'><strong>cuilibet</strong></span> <span class='ocrx_word' id='word_1_328' title='bbox 643 2592 854 2636; x_wconf 87' lang='lat' dir='ltr'><strong>Ecclesiae</strong></span> <span class='ocrx_word' id='word_1_329' title='bbox 888 2593 1056 2636; x_wconf 87' lang='lat' dir='ltr'><strong>Latinae</strong></span> <span class='ocrx_word' id='word_1_330' title='bbox 1088 2594 1294 2636; x_wconf 86' lang='lat' dir='ltr'><strong>sacerdoti</strong></span> <span class='ocrx_word' id='word_1_331' title='bbox 1329 2594 1378 2637; x_wconf 89' lang='lat' dir='ltr'><strong>ad</strong></span> <span class='ocrx_word' id='word_1_332' title='bbox 1416 2607 1602 2637; x_wconf 91' lang='lat' dir='ltr'><strong>normam</strong></span> <span class='ocrx_word' id='word_1_333' title='bbox 1646 2608 1735 2637; x_wconf 75' lang='lat' dir='ltr'><strong>can.</strong></span> <span class='ocrx_word' id='word_1_334' title='bbox 1778 2595 1809 2644; x_wconf 82' lang='grc'><strong>1,</strong></span> 
     </span>
     <span class='ocr_line' id='line_1_38' title="bbox 178 2661 1809 2720; baseline 0.002 -17"><span class='ocrx_word' id='word_1_335' title='bbox 178 2673 256 2704; x_wconf 93' lang='lat' dir='ltr'><strong>non</strong></span> <span class='ocrx_word' id='word_1_336' title='bbox 290 2661 502 2718; x_wconf 88' lang='lat' dir='ltr'><strong>obligatio,</strong></span> <span class='ocrx_word' id='word_1_337' title='bbox 537 2667 599 2705; x_wconf 80' lang='lat' dir='ltr'><strong>ter</strong></span> <span class='ocrx_word' id='word_1_338' title='bbox 632 2662 836 2720; x_wconf 75' lang='lat' dir='ltr'><strong>offerendi</strong></span> <span class='ocrx_word' id='word_1_339' title='bbox 870 2662 1214 2706; x_wconf 72' lang='lat' dir='ltr'><strong>Eucltczri&#39;sti&#39;emn</strong></span> <span class='ocrx_word' id='word_1_340' title='bbox 1259 2664 1539 2720; x_wconf 74' lang='lat' dir='ltr'><strong>Sacrificium,</strong></span> <span class='ocrx_word' id='word_1_341' title='bbox 1583 2665 1643 2707; x_wconf 69' lang='lat' dir='ltr'><strong>vel</strong></span> <span class='ocrx_word' id='word_1_342' title='bbox 1684 2665 1809 2708; x_wconf 77' lang='lat' dir='ltr'><strong>semel</strong></span> 
     </span>
     <span class='ocr_line' id='line_1_39' title="bbox 176 2731 1811 2791; baseline 0.002 -18"><span class='ocrx_word' id='word_1_343' title='bbox 176 2735 247 2774; x_wconf 89' lang='lat' dir='ltr'><strong>aut</strong></span> <span class='ocrx_word' id='word_1_344' title='bbox 281 2731 352 2786; x_wconf 89' lang='lat' dir='ltr'><strong>bis,</strong></span> <span class='ocrx_word' id='word_1_345' title='bbox 380 2734 492 2775; x_wconf 89' lang='lat' dir='ltr'><strong>iuxta</strong></span> <span class='ocrx_word' id='word_1_346' title='bbox 528 2732 714 2788; x_wconf 87' lang='lat' dir='ltr'><strong>regulam</strong></span> <span class='ocrx_word' id='word_1_347' title='bbox 752 2735 852 2776; x_wconf 93' lang='lat' dir='ltr'><strong>iuris</strong></span> <span class='ocrx_word' id='word_1_348' title='bbox 888 2732 1039 2776; x_wconf 79' lang='lat' dir='ltr'>XXXV</span> <span class='ocrx_word' id='word_1_349' title='bbox 1065 2736 1101 2776; x_wconf 93' lang='lat' dir='ltr'><strong>iu</strong></span> <span class='ocrx_word' id='word_1_350' title='bbox 1129 2733 1186 2775; x_wconf 76' lang='lat'><strong>60.</strong></span> <span class='ocrx_word' id='word_1_351' title='bbox 1217 2749 1237 2774; x_wconf 83' lang='lat'>«</span> <span class='ocrx_word' id='word_1_352' title='bbox 1264 2734 1356 2778; x_wconf 88' lang='lat' dir='ltr'><strong>Plus</strong></span> <span class='ocrx_word' id='word_1_353' title='bbox 1389 2748 1554 2791; x_wconf 87' lang='lat' dir='ltr'><strong>semper</strong></span> <span class='ocrx_word' id='word_1_354' title='bbox 1590 2738 1626 2777; x_wconf 91' lang='lat' dir='ltr'><strong>in</strong></span> <span class='ocrx_word' id='word_1_355' title='bbox 1653 2750 1695 2776; x_wconf 72' lang='lat' dir='ltr'><strong>si·</strong></span> <span class='ocrx_word' id='word_1_356' title='bbox 1719 2748 1811 2777; x_wconf 76' lang='lat' dir='ltr'><strong>con-</strong></span> 
     </span>
    </p>
   </div>
   <div class='ocr_carea' id='block_1_7' title="bbox 296 2883 1402 2930">
    <p class='ocr_par' dir='ltr' id='par_1_11' title="bbox 296 2883 1402 2930">
     <span class='ocr_line' id='line_1_40' title="bbox 296 2883 1402 2930; baseline 0.002 -13"><span class='ocrx_word' id='word_1_357' title='bbox 296 2884 306 2904; x_wconf 75' lang='lat'>1</span> <span class='ocrx_word' id='word_1_358' title='bbox 336 2884 381 2918; x_wconf 78' lang='lat'><strong>‘25</strong></span> <span class='ocrx_word' id='word_1_359' title='bbox 407 2883 523 2918; x_wconf 76' lang='lat' dir='ltr'><strong>Mart.</strong></span> <span class='ocrx_word' id='word_1_360' title='bbox 547 2885 650 2919; x_wconf 73' lang='lat'>1755.</span> <span class='ocrx_word' id='word_1_361' title='bbox 683 2905 725 2909; x_wconf 93' lang='lat'>—</span> <span class='ocrx_word' id='word_1_362' title='bbox 752 2884 765 2906; x_wconf 70' lang='lat'><strong>²</strong></span> <span class='ocrx_word' id='word_1_363' title='bbox 795 2885 838 2918; x_wconf 86' lang='lat'><strong>10</strong></span> <span class='ocrx_word' id='word_1_364' title='bbox 857 2885 960 2930; x_wconf 86' lang='lat' dir='ltr'><strong>Aug.</strong></span> <span class='ocrx_word' id='word_1_365' title='bbox 985 2886 1087 2919; x_wconf 76' lang='lat'>1915.</span> <span class='ocrx_word' id='word_1_366' title='bbox 1111 2884 1187 2920; x_wconf 82' lang='lat' dir='ltr'><strong>CO.</strong></span> <span class='ocrx_word' id='word_1_367' title='bbox 1212 2886 1298 2927; x_wconf 86' lang='lat' dir='ltr'><strong>VH,</strong></span> <span class='ocrx_word' id='word_1_368' title='bbox 1320 2886 1402 2920; x_wconf 77' lang='lat'>403.</span> 
     </span>
    </p>
   </div>
  </div>
 </body>
</html>
