1971 3261
169 119 262 156 Can.
294 120 389 155 1125
693 120 776 154 Tt'r.
811 119 893 154 VII.
916 139 928 144 —
957 119 1012 155 De
1038 121 1297 154 „Uatrz'monio
1738 120 1806 154 683

291 239 437 294 Quoad
489 243 617 281 const.
673 239 782 281 l'anli
819 239 879 281 ΙΙΙ.
937 242 1177 296 «quiante
1225 242 1541 283 conversionem
1589 239 1632 296 a)
1669 239 1806 295 plures

178 314 289 354 iuxta
323 323 464 354 eorum
503 322 639 351 mores
674 309 880 353 habebant
917 323 1079 360 uxores,
1113 309 1151 366 h)
1188 315 1225 353 et
1260 324 1338 353 non
1375 311 1647 354 recordantur
1679 324 1802 368 qnam

179 384 310 438 primo
343 382 644 435 acceperint»,
679 385 775 423 tunc
809 394 934 436 super
981 395 1123 423 eorum
1162 383 1435 424 matrimoniis
1470 380 1544 424 boc
1579 380 1802 424 observan-

133 452 136 453 ’
176 454 273 495 dum
307 452 491 495 decernit
527 452 565 495 5.
604 450 802 505 l'ontii'ex,
838 457 877 494 ut
918 467 937 491 «
961 454 1154 495 conversi
1203 452 1252 494 ad
1303 452 1441 504 tidem,
1484 465 1604 495 unam
1640 466 1687 495 ex
1727 452 1805 494 illis

174 524 390 579 accipiant,
426 535 548 579 (ruam
590 521 807 565 roluerint.
845 527 885 564 ut
919 536 1011 565 cnm
1048 535 1094 565 ea
1130 525 1437 566 matrimonium
1463 522 1705 566 contrabant
1734 536 1805 579 per

176 592 300 637 verba
336 593 386 636 de
423 596 643 648 praesenti,
667 598 705 635 nt
728 595 852 635 moris
876 598 934 636 est
964 611 979 632 »
1001 593 1079 636 :de
1098 593 1190 636 aliis
1223 610 1240 633 «
1266 607 1363 637 vero
1382 593 1421 650 b)
1441 596 1508 650 qni
1532 594 1804 636 recordantur

173 677 295 722 quam
334 666 465 720 primo
499 666 755 720 acceperint,
787 663 878 706 aliis
919 664 1111 710 dimissis,
1162 677 1251 707 eam
1303 667 1517 708 retineant.
1554 664 1612 707 Ac
1646 664 1800 707 eisdem

171 734 363 778 omnibns
395 735 599 787 concedit,
637 740 676 778 ut
712 737 921 778 coniuncti
956 737 1079 777 ctiam
1116 738 1152 777 in
1189 737 1308 778 tertio
1343 735 1473 791 gradu
1515 740 1594 778 tam
1630 747 1801 778 consan-

170 808 395 862 guinitatis,
430 818 553 863 quam
604 806 826 854 affinitatis,
878 819 955 849 non
1005 805 1281 849 excludantur
1325 819 1344 848 a
1398 808 1672 849 matrimmiiis
1705 819 1799 849 con-

171 876 448 930 trahendis»,
482 889 559 919 non
594 876 726 920 solnm
765 876 987 933 praedictis
1019 877 1089 920 sed
1125 876 1215 919 aliis
1248 879 1388 930 etiam,
1412 890 1483 919 seu
1510 877 1802 932 dispensantur

168 947 420 1003 generaliter
452 946 502 991 ab
538 947 599 990 liis
633 948 940 1003 impedimentis
979 947 1148 990 «donec
1192 948 1231 991 S.
1266 947 1358 990 Sedi
1408 960 1533 1003 super
1577 947 1653 990 boc
1688 947 1797 990 alind

173 1020 303 1061 risum
355 1019 475 1061 suerit
524 1018 787 1061 statuendum
814 1034 852 1060 )).
901 1016 1019 1070 Quod
1060 1020 1169 1074 viget
1203 1031 1369 1076 quoque
1407 1020 1502 1075 quia
1543 1033 1562 1058 ((
1589 1021 1798 1061 matrimo-

169 1091 280 1131 nium
323 1091 551 1144 respicit».

285 1160 429 1212 Quoad
465 1165 594 1203 const.
629 1163 666 1203 5.
706 1161 759 1202 l'ii
797 1159 843 1214 V,
882 1177 903 1201 «
927 1163 1020 1217 quia
1054 1173 1355 1216 saepenumero
1379 1162 1582 1217 contingit
1605 1160 1796 1217 (uxorem

166 1244 261 1274 cum
297 1233 444 1273 marito
480 1230 742 1287 baptizatam)
779 1245 857 1274 non
892 1245 979 1274 esse
1015 1233 1189 1287 primam
1225 1233 1463 1288 coniugem,
1488 1231 1597 1275 unde
1622 1236 1702 1274 tam
1725 1234 1797 1274 mi-

167 1303 281 1344 nistri
315 1314 438 1358 quam
473 1300 665 1358 Episcopi
701 1304 960 1357 gravissimis
982 1301 1190 1358 scrupulis
1214 1307 1474 1359 torquentur,
1513 1304 1799 1345 existimantes

167 1371 264 1415 illud
302 1385 379 1415 non
414 1385 503 1415 esse
551 1385 695 1415 verum
744 1374 1074 1425 matrimonium,
1124 1372 1195 1415 sed
1246 1375 1342 1429 quia
1387 1372 1657 1416 durissimum
1693 1378 1795 1416 esset

163 1455 358 1499 separare
392 1456 461 1486 eos
494 1442 545 1487 ab
581 1443 794 1493 uxoribnS,
834 1456 927 1486 cum
963 1443 1114 1500 quibus
1150 1446 1222 1500 ipsi
1260 1443 1346 1486 ludi
1383 1443 1633 1500 baptismum
1660 1457 1794 1487 susce-

165 1519 326 1571 perunt,
360 1516 540 1557 maxime
573 1517 667 1572 quia
703 1514 996 1558 difficillimum
1046 1516 1149 1558 soret
1199 1517 1375 1572 primam
1424 1517 1643 1572 coniugem
1681 1529 1794 1571 repe-

164 1586 245 1628 rire
262 1600 307 1628 n:
343 1590 381 1628 et
414 1584 516 1628 haec
549 1590 644 1628 sunt
677 1585 886 1638 adiuncta,
920 1598 1026 1643 quae
1062 1591 1283 1629 moverunt
1320 1586 1558 1629 Pontificem
1592 1591 1794 1631 sanctum.

163 1658 218 1699 ait
251 1659 361 1699 enim
396 1659 553 1700 statim:
593 1656 731 1700 «ideo
765 1656 859 1710 Nos,
893 1660 1014 1700 statui
1050 1657 1255 1701 (lictorum
1302 1656 1496 1700 ludorum
1535 1661 1704 1713 paterno
1737 1659 1794 1700 af-

164 1729 270 1771 fectu
306 1727 483 1784 benigne
516 1727 735 1771 consulere
769 1733 895 1785 atque
931 1730 1039 1785 ipsos
1073 1727 1298 1785 Episcopos
1331 1734 1368 1772 et
1404 1731 1614 1771 ministros
1647 1728 1699 1772 ab
1723 1728 1794 1772 liu-

164 1799 340 1842 iusmodi
375 1798 582 1855 scrupulis
616 1801 803 1842 eximere
837 1799 1024 1842 volentes
1049 1815 1085 1846 )).
1123 1802 1160 1842 in
1187 1799 1295 1844 hunc
1319 1813 1419 1857 ergo
1444 1800 1566 1843 tinem
1593 1816 1613 1839 «
1632 1805 1791 1856 aposto-

163 1869 265 1913 licae
314 1871 525 1926 potestatis
575 1869 875 1926 plenitudine»
929 1875 1171 1928 sequentem
1222 1871 1409 1914 decernit
1458 1873 1792 1914 concessionem:

167 1956 187 1981 ((
213 1946 257 1983 ul
290 1939 400 1993 Indi,
447 1942 489 1994 a)
523 1943 581 1984 sic
617 1946 660 1983 ut
696 1943 976 1997 praemittitur
1025 1941 1228 1998 baptizati,
1278 1947 1317 1985 et
1367 1944 1403 1984 in
1449 1943 1632 1985 futurum
1670 1942 1795 1999 bapti-

160 2011 292 2065 zandi,
326 2010 364 2068 b)
399 2025 493 2054 cum
530 2025 674 2066 uxore,
708 2024 816 2069 qnae
865 2026 958 2055 cum
1011 2014 1108 2068 ipsis
1153 2014 1273 2056 luerit
1308 2013 1507 2070 baptizata
1542 2017 1581 2056 et
1615 2012 1789 2069 baptiza-

162 2082 285 2135 bitur,
319 2095 535 2126 remanere
572 2082 749 2132 valeant,
784 2088 980 2140 tanquam
1016 2097 1109 2127 cum
1147 2097 1276 2127 uxore
1322 2083 1506 2141 legitima
1534 2100 1571 2127 ν.
1605 2083 1794 2141 (insuper

158 2156 191 2198 si
227 2153 365 2210 plnres
397 2167 446 2196 ex
482 2153 682 2197 uxoribus
725 2154 846 2197 simul
888 2168 981 2198 cum
1023 2168 1070 2198 eo
1113 2157 1384 2211 baptizentur,
1425 2155 1672 2212 applicanda
1716 2158 1792 2199 erit

161 2231 314 2282 praec.‘'
350 2225 459 2269 Pauli
498 2225 545 2268 lll
580 2230 711 2270 const.
736 2225 872 2283 quoad
899 2226 1144 2270 electionem
1173 2229 1293 2269 unius
1316 2240 1364 2270 ex
1393 2226 1638 2284 baptizatis),
1663 2226 1792 2270 «aliis

159 2297 353 2351 dimissis,
388 2297 611 2353 apostolica
645 2299 906 2351 auctoritate,
929 2302 1070 2340 tenore
1105 2299 1382 2354 praesentium
1409 2297 1684 2351 declaramus,
1712 2310 1794 2341 ma-

161 2369 485 2425 trimoniumque
521 2367 757 2411 huiusmodi
794 2369 900 2410 inter
933 2382 1003 2411 eos
1036 2367 1220 2424 legitime
1253 2370 1541 2413 consistere».

277 2437 452 2482 Demum
502 2438 636 2496 quoad
688 2444 817 2482 const.
867 2436 992 2495 Greg.
1029 2437 1132 2490 Xlll,
1185 2439 1377 2483 adiuncta
1427 2445 1521 2483 sunt
1561 2442 1640 2483 iam
1678 2441 1791 2497 prius

161 2508 300 2553 relata.
334 2509 600 2565 subiungitur
633 2511 763 2553 enim:
804 2525 823 2549 ((
849 2509 1005 2553 idcirco
1038 2509 1411 2565 Nos,attendentes
1432 2510 1669 2555 huiusmodi
1693 2524 1788 2555 con-

159 2579 284 2623 nubia
319 2582 425 2623 inter
459 2580 646 2624 infideles
680 2585 890 2624 contracta
930 2593 1027 2624 vera
1060 2581 1245 2639 quidem,
1279 2595 1359 2625 non
1394 2587 1529 2625 tamen
1565 2582 1668 2626 adeo
1703 2587 1787 2625 rata

158 2653 332 2706 censeri,
368 2657 411 2695 ut
444 2654 690 2695 necessitate
723 2652 923 2695 suadente
946 2651 1050 2696 solvi
1077 2666 1155 2695 non
1181 2655 1392 2709 possint»,
1418 2658 1457 2697 et
1482 2653 1583 2697 baec
1607 2659 1665 2696 est
1691 2655 1791 2696 iuris

158 2723 261 2765 ratio
293 2734 341 2766 ac
374 2722 596 2766 decisionis
630 2723 960 2774 tundamentum,
994 2736 1043 2766 ex
1074 2724 1192 2767 factis
1219 2737 1317 2767 vero
1341 2727 1569 2768 motivum:
1601 2724 1786 2767 «talium

157 2795 343 2849 gentium
378 2794 659 2836 infirmitatem
699 2798 867 2849 paterna
915 2796 1066 2851 pietate
1112 2797 1352 2848 miserati»,
1387 2798 1658 2853 sequiturque
1692 2808 1787 2838 con-

156 2865 308 2907 cessio:
350 2879 371 2905 «
396 2865 602 2907 universis
636 2869 675 2907 et
707 2864 882 2920 singulis
915 2864 1120 2908 dictorum
1157 2865 1342 2909 locorum
1367 2864 1663 2919 alOrdinariis
1686 2865 1726 2923 b)
1749 2871 1786 2909 et
