1971 3261
163 134 254 170 Can.
283 132 354 168 859
554 132 638 166 TIT.
664 131 738 166 ΙΙΙ.
765 151 777 157 -
801 132 858 167 De
883 135 1133 167 sanctissima
1164 133 1414 167 Eucharistia
1728 135 1792 167 195

164 250 480 305 tiocinari,·hoc
513 254 575 293 est
607 251 717 293 circa
751 252 972 305 septimum
1008 264 1178 304 amium,
1212 253 1301 294 sive
1347 264 1486 307 supra,
1534 253 1622 294 sive
1670 254 1790 294 etiam

165 323 281 365 inira.
317 320 376 364 Ex
412 320 490 364 hoc
525 325 712 376 tempore
747 322 889 376 incipit
924 320 1121 376 obligatio
1154 322 1433 365 satisfaciendi
1485 326 1646 379 utrique
1680 336 1792 378 prae-

164 396 283 449 cepto
315 391 594 435 Cont'essionis
627 395 666 434 et
699 389 1011 433 Communionis
1037 410 1072 435 ».
1094 392 1212 446 Quod
1234 394 1451 435 confirmat
1475 405 1603 436 canon
1624 393 1793 436 addens:

167 463 273 507 idest
305 461 361 505 ad
396 461 578 504 rationis
613 475 746 517 asma,
777 463 1033 518 perreaeril,
1065 462 1179 505 (lebet
1213 463 1339 506 semel
1374 464 1413 505 in
1449 478 1571 511 cinno,
1610 463 1794 507 scilicet:

170 536 322 578 «intra
353 535 533 589 spatium
571 532 653 574 3635
688 532 897 575 dierum»
938 532 1046 589 (can.
1083 534 1150 585 232,
1184 535 1211 590 ξ
1246 534 1296 587 2),
1332 535 1440 590 quod
1478 536 1588 577 iuxta
1635 537 1793 591 praxim

168 617 246 649 non
279 603 570 660 obligatoriam
604 602 656 646 ab
691 605 880 659 incoepto
917 603 1120 659 paschatis
1146 609 1328 661 tempore
1352 609 1628 661 computatur,
1648 604 1795 647 saltem

169 676 211 719 in
246 673 464 727 Paschate,
508 674 559 717 ad
610 674 866 717 innuendum
918 674 990 717 has
1037 675 1140 717 duas
1189 678 1386 731 temporis
1433 676 1797 719 determinationes

165 759 268 805 quas
301 745 378 790 hoc
413 749 683 802 praeceptum
718 747 901 788 continet
936 747 973 788 in
1007 746 1061 803 §g
1096 746 1118 788 2
1154 751 1191 789 et
1226 746 1247 788 4
1284 746 1551 802 explicandas
1587 760 1664 789 non
1711 748 1795 789 exi-

166 831 264 875 gere
297 818 532 861 necessario
568 815 629 859 bis
661 825 822 860 sacram
857 819 1069 873 suscipere
1103 820 1452 871 communionem,
1497 816 1797 860 Eucharistiae

166 892 477 932 sacramentam
510 886 712 944 recipere,
747 886 875 944 (quod
912 892 1193 943 praeceptum,
1227 893 1265 930 et
1302 887 1433 944 palam
1475 893 1548 939 est,
1571 888 1797 943 adimplent

165 959 412 1004 Sacerdotes
446 961 484 1001 in
519 957 665 1001 Missae
699 957 1009 1003 celebratione‘i:
1047 958 1130 1000 nisi
1161 959 1273 1015 s'orte
1297 958 1337 1015 a)
1363 957 1412 1000 (le
1435 957 1609 1001 consilio
1629 958 1798 1015 proprii

168 1029 423 1082 Sacerdotis,
459 1029 567 1087 quod
604 1034 716 1072 recte
751 1028 1068 1086 intelligendum
1103 1033 1164 1073 est
1197 1029 1248 1072 de
1296 1029 1527 1075 sacerdote,
1576 1031 1643 1087 qui
1689 1029 1796 1071 ordi-

170 1105 328 1146 nariam
367 1101 430 1144 vel
466 1100 699 1157 delegatam
737 1100 1064 1143 iurisdictionem
1101 1099 1250 1143 habeat
1285 1104 1322 1142 in
1359 1100 1471 1143 illum
1512 1099 1674 1142 tidelem
1727 1113 1799 1155 pro

167 1172 458 1218 sacramentali
493 1173 597 1226 soro,
631 1184 711 1214 non
746 1176 904 1214 tantum
940 1172 990 1214 de
1027 1173 1192 1227 proprio
1226 1170 1404 1227 parocho
1457 1171 1518 1213 vel
1564 1168 1798 1214 Ordinario.

167 1247 264 1302 quia
299 1243 513 1301 praedicto
550 1243 671 1286 modo
706 1247 795 1286 erat
831 1243 1187 1298 interpretandum
1227 1245 1264 1285 in
1300 1247 1450 1285 statuto
1489 1240 1613 1285 Cone.
1638 1241 1799 1284 Latera-

169 1317 320 1370 nensis,
354 1329 405 1358 ne
439 1314 654 1358 diversum
690 1327 856 1357 sensum
892 1316 1153 1357 continerent
1187 1326 1233 1357 ea
1271 1312 1395 1356 verba
1432 1315 1468 1355 in
1494 1325 1573 1356 una
1594 1317 1631 1355 et
1656 1312 1798 1355 eadem

170 1387 271 1444 lege,
309 1385 352 1443 b)
386 1385 432 1429 ob
466 1385 657 1443 aliquam
690 1383 988 1428 rationabilem
1022 1398 1209 1436 eausam,
1244 1396 1351 1441 quae
1387 1388 1514 1440 potest
1565 1396 1652 1426 esse
1699 1383 1796 1424 indi-

169 1460 338 1515 spositio
373 1461 540 1514 propter
573 1469 698 1514 quam
732 1458 784 1499 sit
817 1458 985 1499 omnino
1025 1455 1253 1499 (littei-enda
1302 1454 1520 1508 absolutio,
1567 1454 1636 1496 sed
1673 1457 1801 1509 potest

170 1542 259 1573 esse
291 1528 371 1572 alia
404 1540 527 1572 causa
562 1530 686 1571 etiam
722 1530 970 1579 extrinseca,
1002 1527 1042 1583 0)
1076 1526 1132 1569 ad
1165 1532 1325 1584 tempas
1359 1525 1408 1568 ab
1433 1525 1522 1568 etas
1538 1524 1803 1582 perceptione

171 1599 342 1644 claoeerit
375 1598 684 1654 abstinentiam,
718 1599 830 1642 unde
864 1600 1106 1655 praesertim
1142 1597 1283 1641 dilatio
1319 1599 1515 1653 temporis
1557 1595 1804 1639 conceditur

171 1671 307 1730 quoad
343 1671 630 1714 limitationem
664 1683 708 1713 se
741 1669 1078 1714 communicandi
1112 1671 1218 1712 intra
1255 1667 1424 1711 Pascha.
1451 1694 1502 1697 —
1527 1666 1609 1710 Nec
1636 1665 1800 1722 parochi

172 1743 307 1801 quoad
344 1741 620 1800 parochianos
668 1741 920 1798 generaliter
969 1744 1139 1796 possunt
1187 1741 1414 1795 anticipare
1465 1737 1525 1780 vel
1578 1748 1802 1793 prorogare

173 1815 273 1858 illud
304 1819 469 1870 tempus
502 1813 552 1857 ad
587 1818 854 1870 praeceptum
904 1812 1233 1869 adimplendum,
1283 1824 1376 1853 cum
1432 1809 1577 1852 «haec
1628 1812 1805 1865 potestas

173 1899 370 1942 expresse
405 1884 559 1928 eisdem
595 1896 790 1928 concessa
828 1897 906 1927 non
942 1886 1037 1926 sit»
1076 1882 1184 1940 (can.
1221 1882 1309 1938 83),
1347 1894 1420 1924 nec
1455 1879 1709 1924 consuetudo
1751 1879 1803 1922 le-

173 1959 316 2012 gitima
349 1958 535 2000 invocari
573 1960 718 2012 potest,
754 1958 829 1998 nisi
869 1956 1152 1998 «centenaria
1187 1956 1237 1997 sit
1271 1957 1309 1996 et
1355 1949 1710 2003 immemorabilis,
1759 1962 1805 1993 ac

174 2027 345 2072 tolerata
379 2027 431 2072 ab
463 2025 689 2072 Ordinario
712 2042 733 2068 >³
772 2027 821 2070 ad
858 2038 1043 2069 normam
1079 2038 1168 2069 can.
1205 2026 1245 2068 35.

292 2115 394 2151 Hunc>
421 2115 678 2162 paragraphum
705 2115 857 2150 illustrat
890 2126 969 2150 cum
996 2118 1153 2160 respectu
1179 2113 1222 2149 ad
1249 2124 1328 2148 can.
1358 2110 1426 2147 854
1462 2121 1668 2156 responsum
1704 2108 1803 2144 Com-

174 2175 270 2211 miss.
297 2175 498 2211 Pontificiae
523 2175 566 2210 ad
594 2173 679 2210 Cod.
707 2185 813 2210 canu.
842 2174 939 2217 auth.
969 2173 1260 2218 interpretandos.
1292 2182 1398 2217 quam
1428 2171 1557 2206 frustra
1576 2168 1753 2215 perquires
1770 2167 1802 2201 in

173 2234 434 2271 Commentario
471 2233 621 2276 officiali,
651 2245 690 2269 eo
716 2234 808 2280 quod
848 2233 984 2268 «verba
1022 2232 1106 2277 legis
1133 2232 1168 2266 in
1196 2242 1231 2267 se
1257 2235 1350 2266 certa
1386 2229 1535 2265 declaret
1571 2233 1707 2264 tantum
1749 2230 1803 2270 (ac

176 2294 334 2341 proinde)
362 2293 641 2340 promulgatione
674 2304 747 2329 non
773 2297 898 2338 egeat»
941 2295 1033 2336 (can.
1067 2290 1121 2332 17,
1151 2294 1165 2334 Ξ
1193 2290 1226 2333 2)
1244 2292 1268 2324 1.
1301 2289 1540 2334 «Quaesitum
1567 2292 1639 2324 est:
1683 2286 1802 2322 Utrum

177 2353 288 2400 pueri,
315 2355 373 2399 qui
400 2353 464 2389 etsi
489 2352 679 2399 septimum
705 2352 829 2388 aetatis
847 2363 982 2387 annum
1010 2350 1167 2386 nondum
1186 2349 1425 2395 expleverunt,
1444 2353 1576 2390 tamen,
1597 2347 1640 2382 ob
1658 2351 1805 2382 aetatem

174 2412 394 2448 discretionis
419 2423 480 2448 seu
506 2423 609 2447 usum
635 2411 794 2451 rationis,
823 2411 866 2446 ad
896 2410 1044 2456 primam
1073 2408 1364 2444 communionem
1385 2406 1529 2442 admissi
1560 2406 1630 2441 iam
1659 2405 1803 2448 fuerint,

173 2476 359 2507 teneantur
384 2471 514 2517 duplici
543 2475 724 2517 praecepto
749 2470 980 2505 confessionis
1005 2468 1128 2503 saltem
1155 2467 1260 2503 semel
1288 2467 1323 2501 in
1351 2477 1446 2502 anno
1474 2465 1519 2510 (vi
1548 2476 1625 2499 can.
1657 2462 1742 2507 906)
1773 2469 1805 2499 et

177 2528 445 2566 Communionis
459 2530 566 2565 semel
588 2530 623 2564 in
642 2540 749 2571 anno,
768 2529 891 2564 saltem
911 2528 946 2562 in
968 2527 1145 2563 Paschate.
1163 2548 1208 2552 —
1225 2525 1440 2572 Responsum
1462 2529 1513 2560 est
1540 2523 1574 2568 (3
1595 2524 1665 2558 lan.
1688 2522 1806 2561 1918&

179 2589 205 2625 A
212 2589 388 2637 [firmative
403 2604 418 2622 »
430 2618 437 2624 .

298 2668 396 2711 178.
430 2668 562 2712 Aliter
594 2680 642 2712 ac
676 2669 714 2710 in
749 2667 778 2725 ξ
811 2667 848 2709 1.
883 2664 1145 2709 sentiendum
1193 2664 1244 2707 de
1296 2665 1394 2719 ipsis
1428 2659 1676 2707 Ordinariis.
1709 2660 1737 2718 ξ
1772 2662 1808 2702 2.

181 2738 399 2782 paschalis
432 2738 679 2794 communio,
713 2738 894 2782 scilicet:
943 2739 981 2779 in
1019 2736 1226 2792 praecepti
1267 2747 1315 2778 ex
1353 2732 1613 2790 paragrapho
1659 2731 1808 2788 praec¹.

297 2892 309 2914 1
335 2891 403 2926 Ius
430 2891 689 2925 Pontificium
716 2891 793 2924 An.
822 2890 840 2924 I
867 2900 956 2934 pag.
984 2889 1019 2922 5.
