1971 3261
168 141 237 176 636
564 140 647 174 Lm.
673 139 746 174 ΠΙ.
777 160 790 166 -
817 140 927 174 PARS
953 139 984 174 Ι.
1012 159 1025 165 -
1051 140 1109 175 De
1134 140 1401 176 Sacramentis
1585 139 1677 176 Gan.
1709 140 1799 176 1097

169 263 288 314 cesis,
325 262 549 303 vicariatus
585 258 649 303 vel
684 260 946 316 praefectura
982 272 1054 315 pro
1089 259 1334 303 diversitate
1368 259 1566 304 domicilii
1601 264 1640 303 et
1663 261 1799 317 quasi-

166 330 379 384 domicilii,
412 342 520 387 quae
552 342 675 385 supra
711 330 784 372 fuit
819 330 1012 385 indicata,
1048 343 1122 386 pro
1155 342 1233 388 qua
1271 330 1513 374 diversitate
1558 330 1667 374 licite
1699 332 1799 373 assi-

169 406 281 445 stunt
313 401 563 444 disiunctive
598 400 802 457 parochus
841 400 902 443 vel
939 400 1015 444 loci
1039 398 1302 445 Ordinarius„
1329 401 1435 445 Hinc
1461 401 1597 458 plures
1632 402 1798 458 parochi

168 475 206 515 in
242 473 408 529 proprio
442 474 650 515 territorio
697 471 848 528 singuli
886 475 1052 527 possent
1102 471 1211 515 licite
1244 474 1437 515 assistere
1488 472 1623 516 valido
1658 476 1799 517 matri-

168 545 319 594 monio,
345 545 426 584 imo
461 541 927 598 multiplicaripossent
959 542 1126 600 quando
1151 546 1325 599 uterque
1358 545 1508 586 coniux
1544 543 1798 587 indistincta

167 615 357 670 paroecia
386 608 740 656 ‘commorationes
771 613 883 656 fovet
918 612 1171 668 praedictas3
1198 613 1539 657 determinandus
1575 627 1671 657 vero
1694 619 1801 658 esset

168 685 211 740 a)
245 685 351 727 sicut
385 685 447 726 ius
481 682 648 737 habens,
676 696 746 739 per
779 686 1150 727 commorationem
1185 684 1365 742 aliquam
1402 697 1453 728 ex
1490 685 1711 741 praedictis
1744 684 1800 728 le-

167 754 330 811 galibus
361 754 432 797 sed
468 753 688 809 actualem,
721 753 760 811 b)
794 754 930 812 quoad
982 756 1084 798 iuris
1117 757 1363 798 exercitium
1407 756 1624 799 assistendi
1660 758 1798 799 matri-

167 828 319 876 monio,
356 838 427 881 per
458 839 704 882 sponsorum
739 825 1000 868 electionem.

285 895 439 940 Electio
473 896 674 940 ecclesiae
709 899 746 939 in
771 909 852 954 qua
886 896 1098 940 celebrent
1137 899 1444 940 matrimonium
1471 899 1631 954 sponsis
1656 897 1798 941 relicta

166 972 339 1024 apparet
372 969 409 1010 in
446 968 503 1010 n.⁰
537 967 600 1011 3.0
635 966 805 1017 Habita,
844 983 866 1008 «
891 973 933 1010 ut
970 967 1176 1024 parochus
1214 967 1276 1011 vel
1313 967 1389 1011 loci
1434 965 1684 1013 Ordinarius
1716 981 1800 1012 ma-

166 1041 360 1082 trimonio
394 1038 505 1082 licite
537 1041 792 1092 assistant»,
824 1038 861 1081 si
901 1052 973 1095 pro
1020 1038 1083 1082 his
1128 1037 1390 1082 conditiones
1422 1039 1620 1096 deficiant
1658 1053 1800 1083 omnes

167 1109 218 1153 de
249 1108 396 1167 quibus
430 1124 469 1152 n.
501 1112 545 1164 ⁶2,
579 1108 766 1163 licentia,
805 1109 929 1153 veluti
983 1124 1054 1166 pro
1089 1115 1183 1154 actu
1237 1110 1285 1153 ad
1322 1108 1383 1153 ius
1428 1113 1489 1153 sui
1524 1110 1646 1154 officii
1683 1113 1802 1167 perti-

168 1185 301 1235 nente,
334 1179 512 1237 parochi
560 1179 620 1223 vel
672 1178 899 1224 Orclinarii
947 1194 1118 1237 nempe:
1155 1181 1395 1224 alterutrius
1444 1183 1596 1238 proprii
1643 1184 1799 1225 ratione

167 1254 209 1308 a)
241 1250 448 1295 domicilii
484 1250 524 1309 b)
549 1251 613 1294 vel
645 1251 1012 1309 quasi-domicilii,
1038 1257 1221 1296 attamen
1256 1255 1287 1295 si
1314 1252 1414 1295 haec
1437 1255 1518 1296 sint
1541 1252 1798 1307 dioecesana,

173 1339 194 1364 α
218 1323 380 1366 licentia
416 1321 627 1367 Ordinarii
652 1339 672 1364 >›
711 1323 986 1378 solummodo,
1011 1323 1051 1380 c)
1087 1329 1160 1366 aut
1193 1329 1437 1366 menstruae
1460 1326 1538 1367 iarn
1571 1328 1800 1367 transactae

167 1398 207 1437 et
239 1393 374 1437 adhuc
408 1393 582 1437 actualis
614 1394 970 1448 commorationis,
995 1407 1100 1452 quae
1136 1397 1384 1451 supponitur
1416 1398 1623 1447 continua„
1648 1408 1695 1438 ac
1717 1395 1797 1438 suf-

166 1465 252 1508 ficit
284 1465 393 1522 quod
431 1465 505 1508 hae
538 1468 885 1509 commorationes
907 1468 988 1509 sint
1020 1465 1274 1508 alterutrius
1308 1464 1613 1520 contrahentis,
1636 1465 1686 1509 ad
1721 1465 1801 1509 ele-

166 1538 344 1579 ctionem
381 1535 548 1592 parochi
587 1536 648 1579 vel
684 1535 761 1579 loci
786 1534 999 1580 Ordinarii
1022 1539 1091 1594 qui
1122 1536 1352 1580 «habenda
1386 1537 1588 1580 licentia»
1617 1537 1800 1593 indigeat

168 1608 281 1649 quta
317 1620 400 1663 reg.
437 1609 537 1650 iuris
573 1609 608 1649 in
646 1606 689 1649 6⁰
727 1623 747 1648 <r
772 1608 840 1652 70.
877 1607 916 1650 ln
951 1607 1209 1651 alternativis
1243 1607 1442 1651 debitoris
1473 1612 1533 1651 est
1565 1607 1735 1651 electio:
1761 1613 1800 1651 et

167 1677 319 1721 sufficit
351 1677 526 1720 alterum
561 1678 842 1734 adimpleri»,
876 1691 897 1721 a
932 1691 1012 1735 qua
1047 1679 1222 1735 petenda
1257 1679 1420 1722 licentia
1454 1681 1694 1722 eximuntur
1728 1692 1799 1736 per

168 1748 271 1791 duas
303 1753 525 1804 sequentes
558 1751 844 1805 exceptiones:
880 1748 920 1805 a)
945 1749 1031 1792 nisi
1063 1749 1127 1792 rel
1159 1749 1210 1792 cle
1240 1750 1359 1806 vayis
1393 1752 1580 1807 utrisque
1613 1754 1709 1792 actu
1733 1748 1801 1792 iti-

168 1811 415 1861 nerantibus
449 1833 514 1861 res
547 1819 616 1873 sit,
641 1819 713 1877 qui
745 1819 898 1863 nullibi
931 1820 1286 1874 commorationis,
1309 1820 1455 1864 saltem
1488 1820 1662 1864 actualis
1686 1833 1798 1864 men-

167 1894 305 1933 struae
328 1890 388 1933 vel
426 1890 647 1934 habitualis
669 1891 996 1948 comprehensae
1030 1894 1068 1934 in
1094 1892 1305 1936 domicilio
1334 1892 1396 1936 vel
1432 1891 1798 1950 quasi-domicilio,

168 1960 304 2003 sedem
338 1961 500 2017 liabent,
528 1963 701 2018 proinde
737 1965 901 2021 utrique
937 1963 1205 2020 intelligendi.
1233 1963 1346 2007 Haec
1374 1966 1564 2020 exceptio
1602 1976 1698 2006 vere
1722 1965 1796 2006 im-

170 2032 306 2088 plicita
342 2035 379 2075 in
416 2035 685 2090 praescripto,
719 2038 889 2077 eatenus
924 2035 993 2077 l'uit
1030 2034 1185 2078 utiliter
1208 2034 1383 2089 zaddita,
1416 2048 1465 2078 ne
1498 2035 1548 2077 ad
1591 2034 1697 2077 hunc
1730 2047 1795 2077 ca-

167 2115 257 2144 sum
294 2116 366 2158 pro
401 2117 481 2146 uno
514 2108 672 2147 tantum
713 2117 761 2147 ex
798 2104 1140 2148 contrahentibus
1173 2105 1470 2149 extenderetur
1512 2117 1658 2158 canon,
1692 2106 1798 2147 sicut

170 2178 328 2228 poterat
363 2175 449 2216 lieri
478 2176 642 2230 vigente
679 2174 865 2229 Decret0,
889 2189 937 2218 cx
974 2189 1056 2232 quo
1089 2176 1218 2219 altera
1244 2176 1460 2232 desumpta
1496 2180 1556 2219 cst
1589 2176 1796 2231 exceptio:

170 2243 211 2301 b)
236 2244 299 2287 vel
318 2245 463 2301 yravis
488 2245 714 2288 necessitas
738 2246 1010 2289 contrahendi
1046 2249 1356 2290 matrimonium
1387 2246 1447 2290 vel
1479 2246 1633 2289 vitandi
1667 2257 1797 2302 grave

168 2315 364 2358 damnum
400 2330 450 2359 ex
486 2319 855 2372 procrastinatione
889 2317 1103 2373 probabile
1137 2318 1384 2373 intercedat,
1419 2331 1525 2375 qzcae
1566 2332 1591 2359 a
1624 2316 1797 2360 licentia

164 2385 345 2444 petenda
378 2393 556 2441 eoecuset‚
591 2390 697 2431 sicut
739 2388 973 2431 admittitur
1018 2402 1090 2445 pro
1133 2391 1402 2432 excusatione
1444 2401 1465 2432 a
1502 2390 1688 2444 positivis
1723 2388 1795 2431 hu·

169 2460 300 2500 manis
334 2457 492 2514 legibus
523 2457 753 2501 'secundum
789 2458 936 2502 haruin
972 2461 1236 2515 gravitatem.

283 2610 603 2655 lntcrpretationem
630 2611 747 2646 datam
781 2611 994 2646 confirmant
1020 2616 1205 2658 sequentes
1236 2612 1321 2647 iuris
1354 2612 1498 2657 praec.is
1537 2610 1794 2647 Declarationes

167 2667 203 2703 S.
233 2669 375 2714 (Longr.i
403 2668 580 2704 (ζοησίὶίἰ1
610 2670 673 2704 fuit
709 2670 919 2716 propositum
952 2670 1140 2706 «Dubium
1171 2670 1212 2705 V.
1243 2673 1295 2706 An
1333 2671 1376 2706 ad
1413 2670 1542 2705 licitam
1579 2670 1793 2705 matrimonii

164 2728 431 2764 celebrationem
461 2728 620 2764 habenda
646 2730 689 2763 sit
715 2730 802 2764 ratio
828 2729 1009 2765 dumtaxat
1045 2735 1243 2765 menstruae
1270 2729 1568 2771 commorationis,
1597 2734 1656 2764 aut
1682 2729 1787 2764 etiam

287 2906 368 2940 128
405 2906 539 2940 Martii
582 2906 680 2940 1908.
719 2907 819 2941 Acta
856 2907 894 2941 S.
925 2907 1050 2952 Sedis,
1088 2908 1164 2942 vol.
1202 2907 1297 2941 XLI
