1971 3261
141 128 208 162 172
542 125 625 158 Lm.
652 123 722 158 ΠΙ.
752 143 763 148 -
790 123 900 156 PARS
926 121 956 156 Ι.
983 141 996 146 -
1022 120 1079 156 De
1105 121 1370 156 Sacramentis
1490 120 1583 155 Can.
1610 118 1766 154 842-843

139 254 205 289 tur
227 262 266 286 n.
291 246 393 288 Sunt
418 258 517 301 ergo
543 246 761 300 praecepta
788 254 859 297 per
880 253 923 283 se
947 242 1092 297 gravia
1118 241 1155 283 in
1180 238 1372 283 omnibus
1394 252 1536 282 eorum
1572 239 1765 282 determi-

139 316 386 370 nationibus,
436 317 508 358 etsi
559 314 778 356 admittant
831 322 980 354 revera
1033 312 1279 367 parvitatem
1335 312 1531 353 materiae
1584 322 1631 353 ac
1674 309 1766 353 leve

140 392 368 444 peccatum.
414 412 469 416 -
513 384 628 428 Hanc
677 381 1039 426 «observantiam
1084 386 1171 424 tum
1214 380 1408 439 Episcopi
1452 384 1627 437 urgeant
1658 395 1680 420 ³>
1727 386 1767 423 et

138 456 370 513 advigilent
394 455 501 512 (can.
528 455 627 506 366)
650 458 734 496 tum
773 452 1018 508 Superiores
1041 451 1220 507 religiosi
1255 451 1388 508 quoad
1428 453 1618 507 proprios
1660 454 1768 493 utro-

139 540 313 584 rumque
335 526 533 579 subdilOS,
558 529 738 567 attamen
764 525 861 580 quia
905 523 955 566 de
1000 524 1276 578 competentia
1321 535 1464 575 eorum
1507 520 1764 577 singulorum

138 601 174 640 in
200 597 386 641 ecclesiis
407 598 517 640 circa
544 608 628 638 rem
653 594 760 638 hane
786 598 924 650 posset
946 592 1143 646 dubitari,
1168 596 1424 649 opportunus
1446 600 1507 636 est
1529 605 1618 636 ean.
1657 593 1763 634 842.

136 668 218 721 Ias,
253 681 334 725 quo
367 669 492 710 ceteri
527 665 822 719 excluduntur,
859 669 899 707 et
931 663 1110 721 officiam
1143 676 1214 706 seu
1254 662 1450 719 obligatio
1500 661 1767 719 adviyilarzdi

139 744 181 781 at
214 751 342 781 onera
379 736 606 780 Missaram
639 734 957 793 adimpleantur
993 747 1064 790 per
1098 747 1167 777 eos
1199 733 1248 776 ad
1284 746 1387 790 quos
1418 738 1576 789 spectat
1623 738 1662 776 et
1708 746 1768 776 se-

135 809 316 853 cundum
350 820 530 852 canones
563 807 871 863 praecedentes,
907 805 947 861 a)
992 805 1036 847 in
1084 803 1271 847 ecelesiis
1318 803 1616 854 saecularitati,
1664 816 1767 860 quas

135 879 371 923 sacerdotes
403 877 638 922 saeculares
671 881 834 933 regunt,
867 875 1055 934 pertinet
1088 875 1144 918 acl
1178 874 1258 918 lael
1296 873 1603 925 walnarium,
1637 872 1678 930 b)
1723 873 1764 916 in

136 949 445 1007 reliqlosoram,
480 951 554 992 etsi
589 961 667 991 non
716 951 1006 1003 exemptorum
1060 957 1107 988 ac
1157 947 1257 988 iuris
1290 945 1540 999 dioecesani,
1582 943 1768 986 ecelesiis

137 1034 208 1077 per
242 1020 332 1063 illos
364 1033 513 1076 nempe
548 1021 684 1073 rectis,
733 1017 789 1061 acl
832 1031 974 1061 eorum
1026 1015 1275 1074 Superiores
1323 1015 1764 1071 immediatos-quoad

135 1093 456 1148 exequutionem
491 1103 681 1144 onerum,
715 1102 809 1132 nam
846 1089 898 1132 de
931 1089 1135 1144 superiori
1187 1087 1398 1142 vigilantia
1449 1085 1628 1143 loquitur
1675 1097 1765 1129 can.

137 1175 327 1219 sequens.

257 1233 352 1277 157.
390 1234 462 1278 De
497 1234 638 1278 libris
670 1245 870 1277 onerum
906 1231 1185 1275 Missarum.
1221 1253 1274 1258 -
1309 1227 1370 1270 Ad
1408 1227 1633 1283 praefatam
1671 1228 1770 1283 vigi-

138 1302 304 1346 lantiam
330 1303 576 1346 ordinantur
599 1314 776 1358 eamque
802 1299 1032 1344 faciliorem
1061 1299 1239 1342 reddunt
1261 1300 1475 1355 sequentia
1500 1299 1767 1354 praescripta.

140 1373 239 1417 Can.
264 1375 371 1417 843.
395 1373 422 1429 ξ
447 1374 484 1416 1.
507 1371 701 1416 Hectores
721 1370 996 1414 ecelesiarum
1020 1385 1040 1410 ((
1059 1369 1287 1413 secundum
1312 1370 1520 1425 propriam
1542 1367 1765 1412 verborum

135 1445 480 1500 significationem
517 1446 554 1486 in
590 1447 786 1486 contextu
821 1441 1166 1485 consideratam»
1207 1439 1315 1496 (can.
1352 1438 1438 1496 18),
1472 1438 1652 1483 scilicet:
1678 1438 1768 1482 heic

76 1518 79 1521 ’
136 1514 381 1571 ampliorem
430 1514 732 1570 significatione
781 1512 956 1556 iuridica
1006 1513 1152 1567 capitis
1203 1513 1397 1567 postremi
1438 1513 1596 1567 primae
1640 1512 1768 1566 partis

137 1584 245 1629 Libri
281 1585 307 1635 l,
343 1584 607 1642 aliorwnque
637 1583 806 1641 piorum
840 1581 1040 1636 locorum,
1075 1594 1245 1637 nempe:
1280 1581 1330 1624 ad
1381 1593 1505 1636 opera
1557 1579 1767 1636 religionis

140 1656 202 1699 vel
237 1658 420 1699 caritatis
452 1658 541 1699 sive
574 1654 801 1711 spiritualis
834 1656 923 1697 sive
958 1651 1200 1709 temporalis
1248 1652 1548 1703 ordinatorum,
1592 1649 1632 1707 a)
1681 1650 1767 1693 sire

136 1726 419 1769 saeculariam
453 1726 502 1770 ad
539 1738 726 1769 normam
765 1724 887 1768 Tituli
921 1723 1069 1779 XXVl,
1103 1722 1212 1766 Libri
1249 1722 1314 1773 ΙΙΙ,
1348 1722 1434 1765 sire
1455 1721 1765 1779 reliyiosorum,

135 1800 230 1855 quia
266 1797 330 1840 illa
366 1800 447 1840 sint
479 1797 620 1840 domui
657 1795 877 1852 religiosae
911 1795 1087 1848 adnexa,
1125 1793 1189 1838 vel
1221 1793 1272 1837 ab
1306 1793 1368 1836 liis
1400 1792 1698 1849 gubernentur,
1724 1792 1764 1834 in

137 1867 284 1926 quibus
316 1868 604 1927 eleemosynae
636 1866 863 1910 Missaram
900 1865 1034 1923 recipi
1065 1864 1212 1918 solent,
1248 1864 1420 1921 proinde
1455 1863 1666 1907 manuales
1701 1862 1764 1906 vel

136 1939 185 1981 ad
224 1941 350 1982 instar
384 1938 654 1992 manualium,
686 1936 944 1995 peculiarem
979 1936 1029 1979 ad
1065 1935 1142 1978 hoc
1178 1934 1357 1977 habeam
1391 1933 1557 1985 librum,
1596 1934 1639 1976 ln
1686 1947 1765 1992 qao

137 2015 334 2051 aeem‘ale
367 2009 637 2066 (negligentia
672 2008 860 2060 exclusa)
893 2012 1035 2049 notent
1072 2005 1301 2049 Missaram
1348 2010 1625 2063 receptarum,
1664 2017 1767 2062 quas

137 2079 459 2131 declaravimus,
494 2080 532 2130 a)
567 2092 798 2133 merneram,
835 2077 877 2131 b)
912 2076 1186 2120 intentionenr
1222 2090 1294 2131 pro
1327 2088 1407 2133 qua
1441 2081 1535 2118 sunt
1573 2074 1665 2118 illae
1692 2088 1763 2131 ap-

139 2149 368 2206 plicandae,
401 2149 440 2207 c)
476 2149 778 2207 eleemosynam
815 2149 1106 2204 respectivam,
1131 2146 1172 2199 d)
1196 2145 1513 2189 celebrationem
1538 2159 1609 2189 seu
1633 2145 1763 2188 adim-

138 2221 390 2277 plementum
426 2220 704 2276 obligationis.
737 2246 789 2250 —
823 2219 851 2278 ξ
885 2219 922 2262 2.
963 2217 1187 2262 Ordinaril
1220 2218 1269 2260 ad
1307 2230 1492 2260 normam
1526 2229 1616 2260 ean.
1667 2216 1764 2270 198,

135 2291 163 2350 ἓ
199 2292 212 2334 l
253 2292 431 2336 seilicet:
470 2292 655 2335 locorum
691 2296 885 2334 tenentur
917 2289 1173 2347 obliyatione
1221 2288 1401 2346 slnyzclis
1444 2287 1593 2331 sallem
1641 2286 1765 2330 annis

137 2365 241 2405 intra
282 2365 503 2419 «spatium
540 2363 623 2405 365
657 2363 865 2405 dierum»
901 2361 1007 2417 (can.
1044 2360 1111 2412 32,
1142 2359 1170 2417 ἓ
1204 2359 1246 2416 ⁶2)
1282 2358 1522 2402 huiusmodi
1555 2358 1684 2401 libros
1707 2358 1758 2401 de

137 2433 287 2491 quibus
322 2436 359 2476 in
393 2433 420 2491 ἐ
459 2434 511 2487 1⁰,
548 2433 750 2491 (exceptis
789 2449 811 2474 ((
834 2431 1102 2476 ecclesiarum
1139 2430 1398 2488 aliorumque
1443 2432 1603 2486 piorum
1653 2429 1762 2472 loco-

137 2517 226 2547 rum
252 2520 273 2544 »
313 2503 427 2547 libris
467 2503 843 2560 «religiosorum»
882 2501 1137 2546 clericalium
1173 2506 1477 2557 exemptor-um,
1512 2503 1621 2544 eirca
1660 2512 1762 2557 quos

139 2574 205 2618 illa
238 2574 489 2630 obligatione
525 2580 714 2618 tenentur
746 2576 989 2631 Superiores
1024 2572 1231 2630 maiores):
1266 2573 1452 2615 alterutri
1497 2585 1595 2628 ergo
1639 2568 1762 2615 Ordi-

138 2647 239 2688 narii
274 2645 360 2688 slve
388 2659 466 2702 per
499 2659 542 2687 se
573 2645 659 2687 sire
687 2659 765 2703 per
797 2644 906 2687 alios
939 2643 1274 2700 recognoscemli,
1307 2645 1365 2686 sic
1398 2641 1632 2685 exercendo
1658 2643 1760 2697 vigi-

138 2715 322 2768 lantiam,
356 2729 404 2758 ne
437 2715 590 2758 abusus
625 2718 820 2771 irrepant.

256 2786 441 2830 Relativa
479 2786 572 2829 huic
606 2789 750 2829 canoni
785 2791 880 2829 sunt
913 2788 951 2828 in
996 2783 1147 2829 Codice
1190 2784 1267 2827 alia
1315 2786 1565 2840 praescripta
1611 2781 1760 2826 similia

136 2858 246 2900 circa
282 2859 425 2900 missas
459 2857 648 2899 fundatas
683 2859 720 2899 in
755 2856 828 2900 Tit.
867 2855 995 2900 XXX.
1033 2854 1255 2898 Videlicet:
1295 2871 1316 2895 «
1339 2853 1435 2899 Can.
1472 2855 1625 2897 1549...
1659 2852 1686 2910 ξ
1720 2852 1757 2895 2.
