1971 3261
199 163 268 197 540
593 161 677 195 Lm.
706 161 778 195 III.
808 181 820 187 ·
847 161 958 196 PARS
983 161 1014 196 I.
1044 181 1057 186 -
1082 161 1139 196 De
1164 161 1429 197 Sam-amentis
1611 163 1704 199 Can.
1732 163 1825 198 1046

201 283 321 331 1120,
355 283 450 337 quia
486 279 584 323 nihil
621 282 747 324 refert
779 280 887 337 quod
922 285 1071 337 agatur
1103 280 1154 324 de
1186 281 1272 324 foro
1307 282 1641 337 extra-iudiciali,
1676 285 1713 326 in
1747 283 1825 327 hoc

199 356 306 397 enim
345 351 606 408 probationes
648 351 923 394 admittuntur
954 351 1216 394 solummodo
1249 352 1477 396 secundum
1514 355 1575 396 ius
1607 355 1823 410 scriptum,

197 438 243 468 ac
276 423 420 467 saltem
455 427 568 466 certo
602 435 681 465 non
716 424 929 478 oppositae
967 423 1095 478 ipsius
1130 425 1269 466 menti.

314 494 469 548 Quaeri
504 498 633 550 potest
667 505 717 536 an
751 492 849 550 quid
883 492 1017 536 simile
1051 492 1148 536 huic
1171 495 1341 537 canonis
1369 497 1622 552 praescripto
1655 507 1825 539 servan-

195 566 293 609 dum
327 567 379 608 sit
411 564 576 622 quando
609 564 861 620 dispensatio
890 576 1008 620 «pro
1046 562 1210 607 casibus
1242 564 1460 608 occultis»
1488 565 1742 609 concedatur
1773 566 1823 610 ad

196 648 382 679 normam
417 647 505 678 can.
544 634 669 678 1045.
705 634 766 678 Ad
802 638 960 678 rectam
1004 636 1282 690 responsionis
1322 636 1604 678 inventionem
1644 636 1826 680 conside·

195 711 308 750 retur
342 705 454 749 illam
489 706 837 762 dispensationem
867 718 960 748 «ex
997 707 1081 762 ipsa
1117 707 1174 748 rei
1211 710 1355 749 natura
1380 721 1399 747 i)
1438 718 1558 749 casus
1590 706 1739 750 occulti
1774 707 1824 750 ad

195 779 327 821 forum
380 779 585 820 internum
618 775 791 832 intelligi
825 780 1078 819 coarctatam
1128 776 1238 833 (can.
1284 776 1381 831 202,
1424 776 1453 835 ξ
1495 777 1553 834 3),
1598 778 1707 821 unde
1749 777 1826 822 sub

194 854 299 892 can⁵.
324 847 432 890 1046
459 849 713 903 praescripto
737 862 757 887 ((
776 846 827 890 de
850 858 1046 890 concessa
1071 846 1377 903 dispensatione
1403 860 1475 903 pro
1500 848 1587 890 foro
1610 853 1820 891 externo»

194 931 272 961 non
308 917 690 974 comprehenditur,
726 919 886 960 etiamsi
922 929 1042 960 casus
1074 916 1261 960 occultus
1293 919 1343 960 sit
1378 918 1662 973 impedimenti
1689 932 1760 975 per
1782 931 1826 962 se

197 988 365 1046 publici,
403 1002 439 1033 v.
475 1002 536 1045 gr.
568 988 677 1046 quod
712 987 873 1031 duabus
908 990 1094 1044 personis
1127 987 1300 1031 testibus
1345 993 1485 1032 notum
1528 991 1577 1032 sit
1616 1001 1636 1032 a
1676 988 1826 1046 quibus

193 1060 359 1117 probari
394 1064 532 1117 queat.
566 1059 643 1103 Sed
681 1061 944 1103 inveniemus
978 1058 1087 1102 hunc
1120 1071 1261 1102 casum
1297 1059 1506 1103 occultum
1541 1059 1616 1104 sub
1640 1060 1741 1117 seqi.
1764 1073 1827 1104 ca-

192 1144 299 1174 none
334 1130 595 1187 implicitum.

311 1202 409 1245 439.
444 1204 788 1259 Competentia
818 1204 1127 1248 diversarum
1163 1203 1616 1259 Congregationum
1650 1216 1710 1249 ac
1738 1203 1824 1249 Sa-

191 1288 310 1320 crae
344 1275 761 1319 Poenitentiariae
794 1275 960 1330 quoad
994 1274 1382 1319 matrimoniales
1412 1275 1826 1330 dispensationes.

190 1369 246 1375 —
283 1344 308 1389 1.
345 1343 501 1401 (Canon
539 1344 635 1397 G258,
669 1346 697 1400 ς’
732 1343 775 1400 1)
815 1344 1008 1387 «Sacrae
1043 1343 1388 1386 Poenitentiariae
1420 1343 1597 1387 tribunal
1637 1357 1708 1400 pro
1740 1344 1827 1388 solo

193 1416 282 1458 foro
317 1417 477 1458 interno
511 1415 652 1472 (etiam
688 1428 768 1458 non
802 1413 1113 1470 sacramentali)
1149 1413 1323 1471 largitur
1356 1414 1729 1470 dispensationes»
1757 1417 1827 1458 im-

193 1486 527 1542 pedimentorum
562 1485 929 1529 matrimonialium
965 1487 1055 1528 sive
1089 1485 1260 1538 directe,
1283 1486 1373 1528 sive
1410 1485 1610 1528 indirecte
1641 1498 1713 1541 per
1745 1485 1826 1529 dis-

194 1558 474 1612 pensationem
531 1561 720 1599 votorum
769 1558 1080 1599 matrimonium
1132 1556 1463 1612 impedientium,
1498 1556 1680 1613 ,quando
1724 1555 1825 1600 baec

191 1629 271 1670 sint
305 1629 489 1684 privata:
523 1629 618 1670 item
659 1627 1016 1671 convalidationes
1061 1630 1423 1671 matrimoniorum
1460 1640 1507 1671 ac
1541 1641 1682 1671 eorum
1722 1644 1743 1669 «
1764 1639 1827 1671 sa·

190 1700 422 1742 nationes»
462 1700 501 1741 in
537 1698 692 1742 radice.
729 1698 734 1707 “

313 1770 386 1812 Pro
410 1771 496 1812 toro
520 1774 691 1813 externo
716 1768 953 1812 huiusmodi
979 1774 1041 1813 est
1057 1772 1356 1826 competentia:
1378 1796 1431 1801 —-
1453 1770 1498 1814 ll.
1525 1786 1545 1811 ((
1563 1770 1626 1813 Ad
1645 1768 1824 1826 congr-¹³2.

191 1839 228 1883 S.
265 1837 400 1884 Officii
434 1844 593 1896 spectat
636 1839 808 1883 facultas
850 1840 1117 1896 dispensandi
1154 1843 1190 1884 in
1228 1841 1538 1897 impedimentis
1575 1841 1826 1897 disparitatis

193 1910 331 1954 cultus
364 1915 401 1954 et
438 1913 589 1954 mixtae
622 1910 872 1968 religionis»
913 1911 1022 1968 (can.
1059 1911 1156 1966 247,
1190 1910 1218 1970 ξ
1251 1911 1310 1969 3).

314 1981 376 2026 ΙΙΙ.
407 1998 425 2023 (ι
446 1981 721 2039 Congregatio
745 1982 796 2026 de
819 1982 1039 2039 disciplina
1061 1983 1427 2027 Sacramentorum
1454 1985 1667 2040 cognoscit
1690 1982 1825 2026 exclu-

193 2055 284 2096 sive
317 2053 368 2096 de
404 2055 510 2096 facto
545 2055 958 2097 inconsummationis
993 2055 1244 2097 matrimonii
1279 2059 1318 2097 et
1351 2054 1402 2098 de
1435 2056 1652 2098 existentia
1687 2065 1826 2097 causa-

195 2138 284 2167 rum
320 2124 370 2168 ad
405 2125 756 2181 dispensationem
791 2125 1119 2179 concedendam,
1145 2138 1220 2169 nec
1245 2139 1323 2168 non
1349 2125 1399 2169 de
1424 2127 1471 2169 iis
1494 2125 1699 2177 omnibus,
1717 2136 1824 2182 quae

194 2208 287 2238 cum
325 2195 386 2238 his
418 2201 512 2238 sunt
545 2208 731 2238 connexa
757 2211 776 2237 ))
806 2195 915 2253 (can.
943 2195 1040 2249 249,
1062 2195 1091 2254 ξ
1115 2196 1173 2249 3).
1208 2195 1308 2240 ltem
1338 2211 1358 2237 ((
1383 2196 1580 2240 incolumi
1616 2198 1703 2239 iure
1726 2193 1825 2239 Con·

194 2268 448 2322 gregationis
480 2266 519 2311 S.
553 2264 704 2321 Officii,
739 2267 971 2310 secundum
1006 2279 1053 2310 ea
1087 2279 1194 2323 quae
1226 2270 1418 2324 superius
1457 2272 1608 2311 statuta
1641 2271 1736 2310 sunt
1759 2282 1781 2307 ›>
1811 2266 1823 2288 1

195 2336 242 2394 (l,
268 2338 326 2390 30,
355 2337 409 2393 l),
439 2353 458 2377 «
483 2337 616 2380 eidem
641 2336 962 2394 Congregationi
986 2337 1056 2395 (de
1079 2337 1378 2395 Sacramentis)
1402 2337 1601 2382 tributum
1637 2342 1697 2381 est.
1728 2350 1824 2381 con-

194 2408 344 2452 cedere
376 2408 705 2463 dispensationes
739 2407 1104 2466 (matrimoniales)
1139 2411 1177 2452 in
1212 2410 1299 2452 t'oro
1333 2414 1506 2452 externo
1550 2414 1630 2452 tam
1673 2420 1823 2464 paupe-

196 2477 309 2522 ribus
341 2491 462 2535 quam
498 2478 712 2533 divitibus,
741 2481 976 2522 sanationes
1011 2481 1048 2521 in
1085 2479 1224 2523 radice
1259 2479 1316 2535 (et
1349 2484 1651 2537 consequenter
1682 2480 1822 2522 matri-

195 2551 429 2591 moniorum
464 2548 854 2606 convalidationes),
873 2550 1223 2606 dispensationem
1247 2563 1372 2606 super
1397 2555 1497 2606 rato,
1521 2551 1822 2606 separationem

195 2621 434 2675 coniugum,
459 2620 655 2662 natalium
683 2622 984 2663 restitutionem
1010 2633 1081 2663 seu
1107 2619 1447 2677 legitimationem
1475 2621 1600 2677 prolis
1625 2636 1643 2660 v)
1673 2618 1744 2676 (ib.
1767 2619 1822 2675 2).

195 2689 483 2732 Attendeudae
516 2695 610 2733 sunt
641 2695 862 2748 sequentes
896 2693 1023 2747 ipsius
1056 2693 1358 2747 competentiae
1392 2691 1668 2734 limitationes.

314 2759 376 2802 lV.
412 2758 554 2803 Cum«
582 2759 1091 2817 CongregationiConcilii
1127 2773 1172 2804 ea
1208 2774 1302 2818 pars
1337 2764 1598 2818 negotiorum
1626 2763 1676 2804 sit
1710 2772 1822 2804 com-

219 2917 235 2946 t
314 2867 324 2887 ¹
353 2865 488 2900 const.
516 2882 529 2895 <x
546 2865 726 2911 Sapienti
753 2867 917 2901 consilio
933 2882 946 2896 »
971 2866 1034 2900 Pii
1053 2866 1090 2900 X
1109 2878 1139 2900 s.
1161 2878 1210 2902 m.
1229 2867 1274 2901 29
1292 2867 1375 2902 Ian.
1399 2867 1501 2907 1908,
1525 2867 1601 2902 CO.
1623 2867 1652 2907 Ι,
1671 2878 1785 2912 pagg.
1800 2866 1821 2900 7

194 2923 213 2946 e
261 2920 356 2957 seqS.
