1971 3261
159 141 252 177 Gan.
281 138 373 174 1020
659 137 744 171 Trr.
774 136 862 170 VII.
898 155 909 160 -
941 134 996 169 De
1025 135 1282 171 Matrimonia
1719 136 1787 170 505

158 259 272 302 litum
307 257 639 314 cappellanus»,
676 269 753 299 non
791 256 857 299 ille
897 272 915 296 ι(
942 258 979 298 in
1015 258 1133 299 cuius
1168 255 1361 313 parochia
1399 259 1708 298 matrimonium
1734 258 1783 299 sit

158 329 208 372 de
253 330 359 372 facto
402 327 731 371 contrahendum
759 342 796 373 »,
841 329 898 369 sic
938 327 1178 382 designatus
1213 329 1249 369 in
1286 326 1363 369 llit.
1399 326 1514 369 llom.
1549 326 1646 382 (loc.
1679 328 1785 382 cit),

156 400 227 443 sed
261 399 328 442 eui
363 399 426 441 ius
460 404 520 441 est
553 397 791 441 adsislemli
827 397 1096 440 nialrimonio
1120 400 1243 441 etiam
1271 397 1394 451 licite,
1418 410 1464 441 ac
1487 403 1652 453 propter
1675 398 1784 455 quod

157 472 245 513 eius
280 470 443 512 licentia
467 468 517 512 ad
545 467 696 511 licitam
732 468 902 511 alterius
935 468 1162 511 sacerdotis
1194 468 1475 511 adsistentiam
1512 473 1615 511 esset
1652 482 1786 511 neces-

154 543 261 585 saria
294 540 343 584 ad
380 552 566 583 normam
601 552 691 583 can.
730 539 838 582 1097
872 538 930 597 ἐξ
970 539 980 581 t
1022 544 1061 582 et
1097 539 1118 581 2
1153 538 1206 582 ibi
1242 539 1546 596 explicandam,
1572 539 1612 595 a)
1636 553 1784 597 oppor-

157 618 255 654 tuno
287 610 468 654 scilicet:
503 624 550 654 eo
584 610 693 667 quod
732 611 853 653 fuerit
893 626 914 650 «
937 610 1174 653 admonitus
1207 611 1257 653 de
1292 610 1360 653 tali
1398 612 1662 653 matrimonio
1686 623 1781 653 con-

155 682 399 726 trahendo»
439 681 536 734 (Rit.
572 680 689 724 Rom.
726 681 800 724 loc.
836 681 924 737 cit.)
960 686 1085 723 antea
1131 685 1326 738 tempore,
1365 680 1576 724 videlicet:
1629 697 1646 721 ((
1671 686 1783 724 ante-

153 766 277 811 quam
314 753 437 795 faciat
484 751 785 808 publicationes
834 753 871 794 in
923 754 1012 794 eius
1062 750 1310 805 Ecclesia»,
1360 754 1414 794 uti
1461 754 1785 808 praescripserat

155 823 372 867 lnstructio
406 823 444 868 S.
479 823 520 867 (j.
559 823 840 880 lnquisitionis
873 836 893 866 a
913 821 1041 866 Clem.
1067 822 1099 865 X
1127 827 1275 866 const.⁸
1302 838 1322 862 «
1346 821 1447 865 Cum
1474 822 1575 866 alias
1598 839 1618 863 >›
1650 824 1661 844 ¹
1686 836 1784 866 con-

154 896 315 938 tirmata
351 895 402 938 de
435 896 600 937 testium
636 896 841 949 examine,
888 895 951 937 cui
995 892 1262 936 substitutum
1308 898 1381 946 est,
1425 898 1465 936 ut
1511 893 1577 937 ille
1625 910 1645 933 α
1671 907 1782 950 paro-

153 964 300 1009 chus»
340 964 378 1018 b)
411 964 654 1022 diligenter,
691 969 808 1021 prout
845 978 909 1007 res
943 963 1133 1021 postulat,
1180 963 1412 1019 investisset,
1456 965 1647 1021 equidem
1695 978 1784 1021 pru-

153 1036 292 1080 dentia
325 1036 444 1089 duce,
479 1035 520 1092 c)
553 1049 651 1078 mem
684 1035 956 1078 «iiialrimom'o
991 1033 1277 1078 contrahendo
1326 1035 1460 1078 talide
1495 1048 1541 1079 ac
1582 1035 1692 1079 licite
1717 1049 1786 1078 un-

153 1107 373 1164 dequaque
407 1105 574 1164 aliquid
606 1106 750 1158 obstet,
783 1118 830 1149 ac
867 1108 1108 1162 praesertim
1144 1107 1392 1149 canonicum
1421 1106 1785 1160 impedimentum.

271 1177 420 1220 Bened.
459 1175 548 1219 xlv
583 1179 620 1219 in
656 1179 762 1220 cit.⁸⁰
794 1176 954 1220 const.¹‘
987 1177 1015 1234 ξ
1053 1178 1102 1219 10
1137 1178 1215 1219 ait:
1255 1192 1274 1217 ((
1299 1174 1416 1221 Onus
1442 1179 1595 1232 pariter
1622 1179 1785 1233 proprio

153 1247 332 1305 parocho
368 1249 597 1291 iniunctum
634 1252 695 1291 est
718 1263 759 1300 »,
793 1260 902 1290 nunc
938 1246 1119 1303 parocho
1153 1260 1276 1304 snpra
1311 1247 1538 1303 declarato,
1589 1263 1607 1287 «
1635 1253 1675 1291 ut
1719 1261 1786 1291 an-

152 1323 319 1376 tequam
354 1318 697 1361 denunciationes
732 1319 894 1372 liant»,
927 1318 1037 1375 quod
1073 1320 1197 1361 etiam
1236 1331 1345 1361 nunc
1383 1321 1515 1375 riget,
1561 1318 1786 1362 subintelli-

150 1389 285 1446 gendo
321 1402 419 1433 vero
453 1392 498 1443 §⁰
537 1389 551 1431 l
592 1402 722 1446 usque
755 1389 805 1432 ad
844 1388 1017 1433 verbum
1058 1394 1336 1445 «tempore»
1386 1392 1543 1436 iterato,
1589 1390 1687 1433 dum
1727 1392 1785 1433 sic

150 1462 330 1504 nectitur
363 1459 418 1502 illi
451 1462 476 1514 ἓ
510 1460 547 1504 ⁶2.
588 1459 687 1502 Ίῑιηι
718 1473 929 1518 sponsum,
963 1462 1022 1503 sic
1060 1465 1254 1504 vocatum
1280 1473 1360 1503 non
1387 1465 1555 1517 propter
1578 1460 1782 1517 sponsalia

149 1543 256 1588 quae
291 1532 475 1574 fortassis
509 1533 823 1587 praecesserint,
858 1531 929 1574 sed
968 1531 1098 1574 relate
1132 1531 1182 1575 ad
1217 1533 1402 1575 futurum
1441 1532 1626 1575 validum
1648 1534 1784 1575 matri-

150 1603 349 1651 monium,
394 1602 626 1660 eodemque
668 1615 791 1645 sensu
827 1607 912 1644 tum
946 1616 1145 1660 sponsam
1178 1603 1321 1658 eliam,
1356 1616 1405 1646 ne
1439 1603 1650 1646 diceretur
1683 1603 1785 1646 llaec

149 1673 200 1717 ab
233 1675 426 1717 examine
461 1673 722 1717 excludenda
767 1673 819 1717 ob
862 1673 1095 1717 naturalem
1145 1674 1456 1725 verecundiam,
1502 1675 1784 1729 timiditatem,

152 1743 214 1788 vel
251 1744 528 1801 pharisaicum
562 1744 738 1788 aliorum
774 1744 1033 1798 scandalum,
1057 1759 1246 1789 seorsum
1269 1745 1321 1789 ab
1345 1748 1540 1790 invicem.
1566 1759 1613 1789 ac
1639 1745 1787 1789 melius

148 1815 218 1859 sed
254 1815 483 1872 prudenter
514 1815 647 1859 solum
683 1829 730 1860 ac
763 1815 912 1870 solam,
946 1821 1115 1873 propter
1148 1817 1260 1874 quod
1293 1816 1464 1861 dicitur:
1505 1823 1541 1859 et
1583 1822 1705 1859 estate
1745 1830 1782 1861 v.

148 1900 209 1943 gr.
254 1887 444 1930 adstante
477 1889 628 1930 comite
662 1900 768 1944 quae
803 1890 840 1930 in
877 1888 1073 1931 distantia
1109 1888 1261 1939 videat,
1296 1901 1374 1930 non
1410 1888 1564 1936 audiat,
1599 1888 1669 1931 sed
1705 1887 1783 1931 lioc

147 1957 397 2002 adverbium
434 1960 565 2001 innuit
599 1961 843 2014 praesertim
880 1959 1047 2002 modum
1085 1959 1384 2015 interrogandi,
1420 1972 1468 2002 ne
1504 1958 1559 2001 illi
1597 1961 1700 2002 iuste
1724 1959 1781 2001 ot'·

147 2028 369 2072 tendantur
405 2028 467 2071 vet
509 2027 856 2082 scandalizentur,
889 2028 1136 2085 iwrtermoqet,
1170 2041 1218 2073 ac
1254 2029 1404 2074 Bened.
1439 2028 1528 2072 Xlx'
1553 2029 1667 2072 addit
1693 2034 1779 2086 post

151 2099 324 2143 verbum
355 2115 374 2140 «
398 2104 518 2143 caute
541 2115 581 2154 ›>‚
611 2099 735 2143 veluti
762 2099 839 2144 lioc
864 2105 903 2144 et
928 2100 1182 2157 praecedens
1205 2100 1430 2157 explicans,
1461 2116 1480 2140 ((
1505 2105 1543 2144 et
1568 2106 1608 2143 ut
1629 2100 1781 2144 dicitur

147 2171 197 2214 ad
233 2183 440 2225 aurem»,
476 2173 513 2226 a)
548 2184 644 2213 num
679 2170 822 2228 aliquo
860 2170 1135 2214 detineantur
1177 2170 1328 2227 singuli
1375 2170 1671 2228 impedimento
1709 2184 1780 2214 cu—

147 2243 278 2285 iusvis
311 2244 476 2298 generis
509 2244 632 2285 etiam
669 2241 831 2285 occulto
868 2256 903 2285 v.
939 2256 999 2298 gr.
1037 2245 1318 2299 impotentiae,
1355 2245 1436 2285 voti
1465 2242 1528 2285 vet
1550 2242 1778 2299 religionis,

150 2311 214 2355 vel
249 2314 353 2356 t'orte
386 2312 495 2370 quod
531 2326 580 2356 ex
617 2318 786 2369 peccato
819 2315 871 2356 sit
904 2318 1039 2356 ortum
1079 2327 1115 2354 v.
1151 2327 1210 2370 gr.
1247 2315 1447 2368 criminis,
1483 2318 1567 2356 tum
1593 2313 1702 2371 quod
1727 2315 1779 2356 sit

147 2384 276 2439 ipsius
308 2382 534 2440 peculiare,
567 2388 651 2427 tum
687 2384 796 2441 quod
833 2386 939 2427 inter
972 2397 1144 2440 sponsos
1178 2385 1420 2436 intercedat,
1458 2398 1493 2425 v.
1519 2398 1579 2441 gr.
1605 2396 1776 2428 consan—

146 2455 371 2510 guinitatis,
411 2460 657 2513 «quantum
692 2456 780 2498 fieri
816 2459 961 2512 potest,
995 2457 1206 2512 inquirere
1240 2458 1374 2499 nitens
1396 2471 1416 2496 »
1455 2460 1622 2499 servato
1655 2455 1778 2498 modo

146 2536 270 2580 supra
313 2537 524 2581 expresso,
568 2527 664 2582 quia
708 2525 1009 2569 determinatae
1053 2527 1154 2568 istae
1188 2527 1534 2582 interrogationes
1568 2538 1646 2568 non
1682 2530 1777 2568 sunt

148 2596 442 2651 praescriptae.
477 2595 569 2650 Quo
603 2598 641 2638 in
677 2598 869 2639 examine
902 2598 1041 2652 sponsi
1077 2597 1345 2639 manifestare
1379 2595 1530 2640 debent
1566 2610 1613 2639 ex
1657 2598 1774 2652 gravi

146 2664 398 2721 obligatione
444 2665 494 2709 ad
541 2666 771 2722 periculum
815 2668 979 2710 animae
1027 2666 1259 2721 vitandum,
1309 2667 1605 2724 impedimenta
1651 2669 1772 2710 etiam

145 2735 305 2779 occulta
348 2740 387 2779 et
430 2736 700 2791 diffamantia,
746 2739 821 2780 nisi
865 2738 968 2780 forte
1013 2740 1093 2780 iam
1127 2736 1383 2781 obtinuerint
1416 2738 1768 2795 dispensationem

304 2892 343 2923 21
375 2889 478 2935 Aug.
511 2890 612 2925 1670.
