1971 3261
239 165 333 201 Gan.
359 164 520 199 soa-804
626 164 711 198 Tm
744 163 814 198 111.
843 184 855 189 -
886 163 942 198 De
969 166 1225 199 sanctissima
1253 164 1506 198 Eucharistia
1816 162 1881 196 107

248 287 418 328 intentio
451 284 573 327 simul
609 284 881 327 consecrandi
916 297 1012 327 cum
1047 283 1252 340 Episcopo
1276 284 1487 326 sufficeret
1510 282 1667 340 absque
1692 282 1888 326 ulteriore

245 356 606 399 determinatione.
627 381 683 385 —
701 354 855 398 Eadem
895 354 1004 397 valet
1028 354 1207 398 adducta
1230 356 1473 411 praescripti
1496 354 1609 397 l'ont.
1634 353 1764 397 Rom¹.
1786 356 1888 396 ratio

244 427 295 470 sle
327 426 454 469 altera
489 427 749 482 exceptione,
788 425 1003 468 videlicet:
1041 424 1083 482 b)
1119 431 1157 467 el
1191 425 1234 467 in
1270 424 1404 468 Missa
1430 424 1763 468 consecratiom's
1786 423 1885 482 Epi-

244 510 478 555 seoporum,
513 499 550 539 in
585 509 761 554 quarum
815 498 1033 539 missarum
1084 496 1282 539 alterutra
1336 496 1643 552 praedictarum
1696 498 1748 538 ita
1800 497 1887 538 lieri

246 568 369 612 (lebet
403 566 629 610 seeundum
668 566 912 624 Ponti'sieale
948 566 1205 616 Romamne,-
1254 570 1378 623 igitur
1427 567 1479 611 ab
1529 569 1587 610 eis
1622 581 1694 623 pro
1738 566 1889 622 quibus

247 638 345 683 illud
383 641 507 695 viget.
544 664 596 669 —
635 638 759 681 l'orro
794 637 860 682 liic
895 637 999 682 liber
1034 638 1253 695 liturgicus
1288 640 1474 681 eontinet
1519 638 1718 681 t'ormulas
1749 643 1789 681 et
1823 651 1889 681 ru-

247 709 383 754 bricas
418 722 638 753 munerum
676 709 994 763 l‘ontiticalium‚
1027 722 1075 752 ac
1111 714 1199 765 post
1234 709 1476 765 diligentem
1514 711 1765 752 revisionem
1800 707 1889 753 Cle-

247 795 363 825 mens
400 780 484 824 Vlll
520 794 592 837 per
625 779 758 823 Breve
788 795 807 821 ((
828 779 885 824 Ex
921 793 1043 837 quo»
1082 780 1163 823 diei
1205 781 1256 822 lt)
1308 779 1425 824 Febr.
1478 781 1589 823 1596
1642 793 1714 836 pro
1748 779 1889 823 Latina

246 852 431 897 Ecclesia
468 851 710 908 publicavit,
759 852 1059 908 supprimendo
1093 857 1133 895 et
1177 851 1385 895 abolendo
1440 867 1458 892 (ι
1483 853 1620 894 omnia
1655 856 1694 894 et
1726 850 1889 907 singula

248 923 546 967 Pontilicalia...
583 925 621 965 in
656 922 992 980 quibuscumque
1028 927 1235 966 terrarum
1272 922 1385 966 orbis
1419 923 1604 978 partibus
1629 924 1828 978 impressa
1851 927 1890 965 et

246 993 488 1051 approbata,
523 998 561 1037 et
595 993 816 1051 quibusvis
850 993 1082 1050 privilegiis
1117 993 1371 1049 Apostolicis
1406 995 1576 1047 munita,
1626 998 1662 1036 et
1713 993 1892 1036 decretis

246 1078 294 1108 ac
328 1064 525 1108 clausulis
560 1064 814 1113 roborata»,
850 1068 890 1108 et
923 1066 1088 1107 statuit:
1141 1080 1160 1105 «
1188 1064 1427 1107 Pontiticale
1472 1064 1745 1120 praedictum,
1780 1062 1892 1106 nullo

250 1148 444 1193 umquam
483 1141 668 1192 tempore
703 1138 741 1178 in
779 1140 875 1190 toto,
914 1136 975 1178 vel
1012 1137 1051 1177 iu
1088 1140 1203 1191 parte
1241 1135 1502 1187 mutandum,
1554 1134 1617 1178 vel
1654 1136 1688 1177 ei
1733 1133 1889 1191 aliquid

247 1207 500 1261 addendum,
536 1211 606 1250 aut
639 1208 807 1249 omnino
841 1206 1147 1250 detrahendum
1167 1220 1272 1260 esse,
1296 1218 1343 1249 ac
1368 1219 1656 1263 quascumque
1682 1218 1890 1262 personas,

247 1291 354 1336 quae
390 1278 643 1321 l‘ontilicalia
679 1290 850 1321 munera
885 1291 1097 1329 exercere,
1136 1278 1197 1320 vel
1233 1278 1348 1334 alias,
1383 1290 1489 1335 quae
1525 1281 1562 1320 in
1599 1278 1709 1320 dicto
1755 1277 1887 1319 Ponti-

248 1349 355 1393 iicali
390 1351 669 1403 continentur,
704 1350 840 1391 facere
873 1353 943 1392 aut
976 1351 1147 1406 exsequi
1183 1348 1350 1404 debent,
1400 1349 1450 1392 ad
1495 1362 1542 1391 ea
1578 1348 1814 1405 peragenda
1849 1353 1889 1390 et

249 1420 494 1477 praestanda
530 1433 579 1463 ex
615 1419 738 1462 liuius
775 1419 1024 1463 l'ontiiicalis
1059 1422 1317 1476 praescripto
1352 1425 1390 1463 et
1424 1421 1584 1463 ratione
1634 1422 1778 1473 teneri,
1824 1431 1891 1462 ne-

251 1494 488 1549 minemque
522 1504 571 1534 ex
607 1493 678 1545 eis,
712 1490 863 1548 quibus
886 1503 933 1534 ea
958 1491 1182 1534 exercendi
1209 1496 1248 1534 et
1272 1491 1450 1534 faciendi
1478 1504 1627 1533 munus
1653 1492 1891 1545 impositum

249 1567 321 1618 est,
359 1565 432 1605 nisi
468 1562 668 1617 formulis,
708 1574 815 1619 quae
851 1561 927 1605 lioc
978 1564 1064 1619 ipso
1112 1562 1338 1606 Pontilicali
1390 1564 1667 1615 continentur,
1716 1562 1894 1604 servatis

248 1634 488 1677 satisfacere
523 1646 641 1689 posse
668 1649 705 1677 ».

373 1704 467 1748 108.
503 1705 577 1750 De
611 1706 947 1751 celebratione
981 1707 1165 1751 missae
1198 1707 1245 1750 in
1282 1706 1502 1751 Ecclesia
1535 1706 1599 1749 ad
1635 1718 1782 1761 quam
1822 1718 1892 1749 sa·

251 1778 429 1822 cerdos
463 1790 559 1821 non
592 1778 821 1833 pertinet.
841 1801 892 1806 —
917 1775 1041 1819 Conc.
1077 1775 1188 1819 Trid.
1210 1775 1222 1797 ¹
1257 1778 1423 1818 statuit:
1463 1774 1653 1818 «Nullus
1679 1779 1892 1831 praeterea

250 1847 429 1891 clericus
463 1849 709 1903 peregrinus
731 1849 820 1890 sine
854 1847 1207 1890 commendatitiis
1240 1849 1301 1889 sui
1326 1844 1539 1891 Ordinarii
1566 1846 1712 1889 litteris
1736 1845 1787 1888 ab
1812 1845 1893 1888 ullo

251 1917 454 1974 Episcopo
487 1917 537 1961 ad
573 1918 716 1961 divina
750 1917 1001 1961 celebranda
1036 1923 1075 1961 et
1108 1922 1370 1961 sacramenta
1395 1917 1724 1961 administranda
1749 1917 1894 1959 admit-

252 1993 362 2032 tatur
380 2003 417 2034 ».
456 1989 520 2032 lus
555 1989 810 2045 praecedens
845 1991 1034 2032 innixum
1068 1988 1163 2031 hnic
1191 1988 1306 2033 Dec⁰.
1341 1993 1381 2032 et
1404 1988 1521 2031 alteri
1553 1987 1652 2031 «De
1675 1987 1895 2031 servandis

249 2065 290 2103 et
327 2059 505 2103 vitandis
539 2062 577 2103 in
612 2059 892 2104 celebratione
927 2059 1117 2103 Missae»
1158 2061 1406 2103 transfertur
1439 2059 1646 2115 complete
1693 2061 1730 2101 in
1784 2058 1894 2102 hunc

250 2145 342 2174 caiz.
376 2132 482 2174 804.
517 2133 541 2185 ξ
580 2131 612 2174 l.
640 2130 845 2174 Sacerdos
878 2131 922 2188 α)
957 2136 1187 2174 extraneus
1210 2130 1391 2174 scilicet:
1427 2144 1505 2173 non
1532 2131 1767 2186 adscriptus
1798 2142 1895 2187 quo-

253 2201 353 2245 libet
387 2202 508 2245 modo
543 2201 727 2258 legitimo
761 2201 962 2245 ecclesiae
995 2215 1166 2259 nempe:
1203 2202 1293 2245 aedi
1328 2214 1472 2245 sacrae
1508 2201 1719 2245 Ecclesiae
1745 2201 1894 2244 latinae

252 2271 363 2329 (can.
400 2272 441 2329 1)
477 2273 620 2316 divino
655 2273 782 2316 cultui
818 2273 1035 2317 dedicatae
1070 2273 1113 2316 in
1147 2287 1229 2330 qua
1263 2272 1475 2315 celebrare
1504 2271 1710 2330 postulat,
1748 2271 1789 2328 β)
1829 2285 1895 2314 ex-

253 2342 396 2386 ltibens
429 2343 698 2386 aecllcentieas
730 2344 911 2388 scilieet:
947 2344 1098 2388 debitis
1130 2343 1435 2400 subscriptione
1469 2357 1516 2387 ac
1540 2343 1675 2400 sigillo
1702 2345 1893 2395 munitas,

253 2420 293 2457 et
325 2413 463 2458 adhuc
498 2414 677 2468 validas,
711 2420 916 2473 quatenus
951 2419 1114 2472 tempus
1147 2415 1364 2462 delinitum
1402 2417 1439 2457 in
1475 2417 1535 2458 eis
1568 2428 1647 2457 non
1672 2414 1896 2465 effluxerit,

259 2485 321 2529 vel
356 2485 457 2528 alias
492 2488 604 2542 ipsae
639 2500 716 2529 non
754 2488 906 2529 fuerint
941 2491 1175 2541 revocatae,
1202 2485 1371 2528 litteras
1407 2485 1786 2539 continenda!ilias,
1822 2486 1896 2527 sci-

256 2556 372 2600 licet:
411 2571 482 2613 per
515 2571 618 2614 quas
650 2560 738 2601 eius
771 2560 970 2614 Superior
1005 2559 1231 2600 testiticans
1265 2559 1449 2600 fortassis
1482 2557 1532 2600 de
1560 2558 1820 2599 immunitate
1845 2554 1895 2598 ab

257 2627 578 2683 impedimentis,
613 2642 707 2671 eum
744 2634 954 2685 tamqnam
990 2628 1248 2672 sacerdotem
1300 2628 1407 2684 apud
1460 2627 1643 2683 legentes
1688 2627 1775 2669 illas
1818 2625 1895 2668 col-

257 2697 409 2741 laudat.
445 2697 484 2754 a)
519 2699 587 2741 sui
624 2698 864 2750 Orclimirii,
898 2699 935 2742 si
967 2699 1023 2741 sil
1056 2699 1293 2741 saecularis
1335 2698 1435 2742 cleri
1488 2698 1716 2755 presbyter.
1759 2696 1800 2752 b)
1836 2695 1895 2738 vel

256 2769 324 2811 sui
358 2769 614 2826 Superioris,
650 2772 773 2813 etiam
807 2770 962 2824 localis,
986 2774 1023 2813 si
1047 2769 1284 2826 reliyiosns.
1310 2770 1491 2813 scilicet:
1533 2785 1552 2809 ((
1577 2771 1645 2825 qui
1681 2773 1771 2811 iota
1798 2780 1896 2809 nun-

377 2923 387 2943 1
418 2922 517 2958 Sess
543 2921 697 2963 XXHI,
728 2934 759 2956 c.
792 2924 834 2956 16
862 2922 907 2956 de
934 2921 1019 2956 Rei.
