1971 3261
229 172 325 208 Gan.
352 170 422 206 809
617 169 700 204 TIT.
727 169 798 204 111.
824 190 836 195 -
864 169 921 204 De
946 172 1201 204 sanctissima
1231 171 1485 204 Eucharistia
1803 171 1876 204 119

232 291 319 349 ipsi
350 289 518 348 placet:
552 289 661 332 unde
694 293 733 332 et.
765 294 1071 346 cousequenter
1099 289 1281 333 traducit
1308 289 1419 332 velut
1442 288 1599 346 salsam
1634 289 1873 347 opinionem

234 362 440 405 invectam
476 361 517 403 in
547 359 762 418 populum,
788 359 897 417 quod
922 359 1006 414 illi,
1032 359 1104 418 qui
1127 359 1435 417 eleemosynam
1458 359 1783 403 subministrant
1805 374 1871 403 sa-

233 431 396 476 cerdoti
429 431 502 474 sab
535 429 788 481 conditione,
823 429 932 488 quod
966 429 1142 473 celebret
1167 445 1292 473 iotam
1323 431 1509 485 missam,
1534 431 1758 489 specialem
1790 430 1878 488 fric-

232 509 345 548 ctum
378 517 430 546 επ·
462 516 511 545 ecc
542 502 815 560 percipiant,·

351 574 416 618 Sic
452 572 672 627 intellecta,
724 577 766 616 ut
810 577 974 629 praeter
1019 572 1273 629 peculiarem
1331 576 1788 628 conimemorationem,
1838 579 1874 617 et

233 647 480 695 orationem,
535 644 728 700 specialis
761 646 847 699 ipsa
882 642 1048 692 oblatio,
1084 656 1154 686 seu
1191 643 1417 700 applicatio
1451 646 1659 701 sacrificii,
1693 657 1800 702 quae
1834 646 1875 687 lit

232 730 256 760 a
289 715 518 769 sacerdote,
556 727 632 757 uon
671 716 802 771 magis
836 716 975 770 prosit,
1012 716 1162 758 ceteris
1199 714 1389 770 paribus,
1420 714 1511 768 illis,
1539 729 1610 771 pro
1634 715 1786 773 quibus
1808 728 1877 772 ap-

234 786 425 844 plicatur,
460 797 587 843 quam
619 784 710 828 aliis
743 784 1002 842 quibusque,
1039 786 1154 841 quasi
1193 784 1330 827 nullus
1364 785 1562 840 specialis
1597 786 1753 829 fructus
1787 799 1878 842 pro-

235 858 397 900 veniret
430 869 478 898 ex
503 855 672 911 speciali
698 854 990 914 applicatione,
1019 867 1144 912 quam
1170 868 1243 911 pro
1269 855 1558 898 determinatis
1586 858 1784 912 personis,
1809 861 1877 899 aut

234 939 509 984 personarum
533 925 750 969 ordinibus
774 925 1006 970 faciendam
1041 926 1325 981 commendat,
1361 938 1409 969 ac
1446 928 1644 982 praecipit
1679 926 1880 980 Ecclesia,

233 1000 449 1055 speciatim
485 1010 506 1041 a
544 996 776 1053 pastoribus
811 1010 883 1053 pro
916 999 1001 1041 suis
1044 997 1220 1046 ovibus;
1247 997 1355 1054 quod
1387 996 1497 1040 velut
1525 1010 1573 1040 ex
1599 998 1741 1040 divino
1766 1010 1879 1054 prae-

234 1073 355 1126 cepto
388 1068 648 1112 descendens
680 1081 701 1111 a
735 1081 853 1112 sacra
885 1068 1125 1112 Tridentina
1159 1069 1327 1126 Synodo
1353 1069 1507 1112 diserte
1530 1073 1590 1111 est
1613 1082 1876 1125 expressum:

360 1139 530 1195 «Falsa,
565 1141 800 1191 temeraria,
835 1142 1079 1196 perniciosa,
1113 1139 1325 1183 Ecclesiae
1362 1141 1578 1194 iniuriosa,
1612 1140 1812 1182 inducens
1837 1141 1875 1183 in

236 1224 424 1254 errorem
460 1210 562 1254 alias
595 1211 837 1254 damnatum
876 1212 913 1254 iu
953 1209 1143 1254 Wicleffo
1167 1227 1205 1253 ».

358 1282 486 1326 Datur
519 1296 618 1338 ergo
651 1281 851 1339 specialis
883 1282 1052 1339 fructos
1086 1285 1235 1325 missae
1272 1282 1311 1338 (a
1338 1281 1590 1339 quibusdam
1628 1280 1787 1324 medius
1814 1295 1879 1324 vo-

235 1358 372 1407 catur)
407 1355 657 1410 proveniens
689 1367 741 1395 ex
772 1352 950 1410 speciali
984 1352 1283 1411 applicatione,-
1320 1366 1428 1411 quae
1462 1354 1506 1396 fu
1546 1365 1567 1396 a
1592 1352 1808 1396 sacerdote
1831 1365 1877 1395 ac

235 1427 298 1469 sic
331 1424 495 1467 deliniri
532 1428 685 1481 potest:
725 1423 945 1467 «Intentio
979 1424 1123 1467 saltem
1171 1423 1406 1477 habitualis,
1455 1424 1525 1467 sed
1573 1426 1877 1467 consecrationi

238 1498 426 1552 praevia,
459 1496 568 1554 quod
606 1496 764 1538 fructus
799 1497 948 1538 missae
984 1495 1145 1538 medius
1181 1495 1243 1538 vel
1280 1495 1472 1550 specialis
1495 1495 1794 1552 dispensationi
1819 1507 1878 1537 sa-

236 1567 419 1611 cerdotis
455 1565 609 1610 liberae
644 1566 811 1610 relictus
845 1566 965 1610 cedat.
999 1568 1035 1609 in
1086 1569 1264 1623 gratiam
1314 1567 1578 1610 determinati
1629 1571 1668 1609 et
1713 1568 1879 1622 capacis

237 1638 416 1683 subiecti
440 1654 480 1679 n.
515 1664 572 1669 —
605 1637 786 1681 Intentio
822 1637 859 1680 id
895 1642 978 1682 est:
1013 1643 1131 1681 actus
1168 1637 1392 1681 voluntatis
1428 1638 1633 1680 tendentis
1669 1639 1705 1680 in
1753 1637 1875 1680 finem

240 1712 483 1768 requiritur,
516 1711 586 1768 qui
620 1708 747 1752 semel
777 1708 942 1766 positus
975 1722 1047 1752 seu
1084 1708 1250 1752 liabitas
1269 1714 1308 1752 et
1332 1722 1411 1751 non
1438 1713 1686 1752 retractatus
1709 1708 1873 1754 sufficit,

237 1794 335 1824 cum
371 1780 515 1824 induat
549 1781 724 1823 formam
760 1780 1007 1835 donationis,
1043 1779 1140 1822 dum
1167 1778 1477 1822 consecrationi
1502 1779 1710 1822 secundae
1733 1778 1877 1822 saltem

237 1853 392 1909 speciei
415 1850 659 1909 praecedat,
692 1855 731 1894 et
764 1851 1209 1908 quidem-necessario,
1234 1864 1328 1894 cum
1355 1853 1392 1893 in
1418 1863 1464 1893 ea
1489 1853 1540 1893 sit
1564 1851 1759 1894 sacrificii
1784 1849 1877 1893 sub-

235 1925 387 1967 stantia
423 1925 566 1978 posita,
601 1922 671 1966 sed
705 1921 975 1966 celebrationi
1012 1921 1263 1978 praecedere
1297 1920 1421 1965 debet
1454 1921 1685 1964 secundum
1729 1934 1877 1977 oppor-

240 1995 483 2045 tunitatem3
517 1998 556 2036 et
589 2006 684 2037 cum
719 1994 876 2036 fructus
911 1995 1061 2035 missae
1097 1992 1314 2049 multiplex
1341 1992 1621 2048 distinguatur
1645 1991 1872 2034 secundum

238 2064 350 2122 quod
387 2065 542 2108 dictum
577 2069 638 2108 est
669 2077 809 2121 supra,
842 2062 1010 2121 fruetus
1043 2062 1205 2106 mec-lius
1229 2063 1292 2106 vel
1315 2062 1513 2121 specialis
1540 2067 1702 2105 lantum
1726 2066 1786 2105 est
1809 2074 1878 2117 ap-

242 2135 476 2192 plicationis
509 2135 716 2179 obiectum
752 2148 801 2178 ex
838 2134 1083 2178 accidentali
1119 2133 1394 2190 obligatione3
1430 2136 1497 2190 qui
1535 2138 1578 2177 ut
1613 2145 1759 2176 revera
1796 2146 1882 2189 per-

240 2209 323 2264 cipi
358 2212 495 2264 queat,
529 2205 854 2250 clelermiiionda
888 2213 948 2250 est
979 2220 1161 2265 persono
1198 2204 1259 2248 cel
1289 2218 1497 2262 personae
1547 2204 1697 2262 quibus
1741 2206 1882 2260 prosit,

240 2280 403 2321 etiamsi
439 2290 643 2335 quaenam
676 2279 757 2320 sint
791 2277 884 2321 illae
919 2291 997 2321 non
1035 2277 1153 2332 plene
1201 2280 1491 2332 cognoscatur.
1543 2277 1659 2329 Quae
1705 2286 1878 2330 persona

241 2348 413 2392 demum
448 2351 498 2392 sit
532 2362 671 2406 eopooe
702 2353 879 2407 oportet,
913 2348 1015 2392 alias
1049 2350 1086 2390 in
1124 2349 1284 2390 irritum
1320 2346 1487 2389 cederet
1522 2345 1757 2402 applicatio.

366 2419 421 2463 De
457 2419 531 2463 hac
566 2422 692 2476 igitur
724 2419 999 2476 applicatione
1034 2418 1219 2462 declarat
1255 2419 1504 2474 prinicipium
1541 2417 1770 2472 practicum
1814 2429 1879 2456 eo-

242 2504 326 2534 iioii
361 2492 468 2534 809.
504 2489 719 2547 luteorum
752 2495 828 2544 est,
850 2490 1062 2533 videlicet:
1100 2492 1276 2546 positum
1315 2491 1352 2531 in
1390 2488 1517 2531 libera
1543 2487 1791 2531 celebrantis
1817 2500 1881 2528 vo-

247 2561 417 2615 luntate,
454 2560 628 2604 Missam
661 2560 881 2620 applicare
916 2561 1037 2604 modo
1071 2573 1194 2617 supra
1237 2560 1407 2603 delinito
1437 2552 1494 2602 'et
1549 2562 1659 2602 iuxta
1702 2561 1878 2600 mentem

245 2633 526 2676 danmationis
559 2645 682 2690 supra
718 2634 887 2689 positae,
919 2645 997 2690 pro
1035 2630 1246 2689 quibusvis
1280 2632 1466 2687 personis
1502 2635 1584 2671 liam
1625 2628 1726 2671 vicis
1770 2630 1880 2670 iuxta

244 2704 532 2746 definitionem
568 2701 690 2746 Conc.
724 2702 837 2747 Trid.
874 2707 915 2745 ut
949 2707 1083 2756 antea,
1118 2706 1322 2759 quatenus
1356 2713 1531 2756 capaces
1554 2704 1645 2742 sunt
1673 2700 1878 2741 fructuum

248 2775 522 2830 impetratorii
557 2773 718 2828 saltem,
754 2775 1025 2829 propitiatorii
1050 2785 1097 2816 ac
1120 2773 1399 2824 satisfactorii,
1421 2776 1502 2813 tum
1523 2770 1647 2812 eliam
1673 2767 1882 2826 defunctis

248 2857 329 2887 uon
364 2844 568 2897 omuibus,
607 2844 788 2888 exclusis
820 2844 1000 2887 scilicet:
1037 2846 1073 2885 iu
1110 2847 1324 2886 aeternum
1361 2855 1454 2885 cum
1491 2841 1652 2883 (Iliristo
1679 2840 1879 2895 regnanti-

249 2913 341 2969 bus,
374 2918 470 2973 quia
496 2917 800 2972 propitiatione,
823 2916 1115 2969 satisfactione,
1142 2915 1431 2970 impetratione
1458 2926 1530 2968 per
1553 2925 1625 2954 uos
1649 2910 1882 2953 nullatenus
