<?xml version="1.0" encoding="UTF-8"?>
<!DOCTYPE html PUBLIC "-//W3C//DTD XHTML 1.0 Transitional//EN"
    "http://www.w3.org/TR/xhtml1/DTD/xhtml1-transitional.dtd">
<html xmlns="http://www.w3.org/1999/xhtml" xml:lang="en" lang="en">
 <head>
  <title>
</title>
<meta http-equiv="Content-Type" content="text/html;charset=utf-8" />
  <meta name='ocr-system' content='tesseract 3.04.00' />
  <meta name='ocr-capabilities' content='ocr_page ocr_carea ocr_par ocr_line ocrx_word'/>
</head>
<body>
  <div class='ocr_page' id='page_1' title='image "./p1commentariumte03blatuoft_0397.png"; bbox 0 0 1971 3261; ppageno 0'>
   <div class='ocr_carea' id='block_1_1' title="bbox 107 166 1735 204">
    <p class='ocr_par' dir='ltr' id='par_1_1' title="bbox 107 166 1735 204">
     <span class='ocr_line' id='line_1_1' title="bbox 107 166 1735 204; baseline -0.003 0"><span class='ocrx_word' id='word_1_1' title='bbox 107 168 201 204; x_wconf 79' lang='lat' dir='ltr'><strong>Can.</strong></span> <span class='ocrx_word' id='word_1_2' title='bbox 226 167 298 202; x_wconf 75' lang='lat'><strong>968</strong></span> <span class='ocrx_word' id='word_1_3' title='bbox 687 166 770 199; x_wconf 74' lang='lat' dir='ltr'><strong>Trr.</strong></span> <span class='ocrx_word' id='word_1_4' title='bbox 801 166 866 199; x_wconf 90' lang='lat' dir='ltr'><strong>VI.</strong></span> <span class='ocrx_word' id='word_1_5' title='bbox 896 186 908 191; x_wconf 82' lang='lat'><strong>·</strong></span> <span class='ocrx_word' id='word_1_6' title='bbox 936 166 991 200; x_wconf 77' lang='lat' dir='ltr'><strong>De</strong></span> <span class='ocrx_word' id='word_1_7' title='bbox 1023 167 1166 201; x_wconf 74' lang='lat' dir='ltr'><strong>Ordine</strong></span> <span class='ocrx_word' id='word_1_8' title='bbox 1665 166 1735 199; x_wconf 76' lang='lat'><strong>383</strong></span> 
     </span>
    </p>
   </div>
   <div class='ocr_carea' id='block_1_2' title="bbox 114 226 667 233">
    <p class='ocr_par' dir='ltr' id='par_1_2' title="bbox 114 226 667 233">
     <span class='ocr_line' id='line_1_2' title="bbox 114 226 667 233; baseline 0 0"><span class='ocrx_word' id='word_1_9' title='bbox 114 226 667 233; x_wconf 95' lang='lat' dir='ltr'><strong> </strong></span> 
     </span>
    </p>
   </div>
   <div class='ocr_carea' id='block_1_3' title="bbox 100 285 1739 2822">
    <p class='ocr_par' dir='ltr' id='par_1_3' title="bbox 103 285 1739 1759">
     <span class='ocr_line' id='line_1_3' title="bbox 109 285 1728 343; baseline -0.001 -13"><span class='ocrx_word' id='word_1_10' title='bbox 109 291 226 339; x_wconf 76' lang='lat' dir='ltr'><strong>taret,</strong></span> <span class='ocrx_word' id='word_1_11' title='bbox 258 298 364 343; x_wconf 88' lang='lat' dir='ltr'><strong>quae</strong></span> <span class='ocrx_word' id='word_1_12' title='bbox 397 287 710 341; x_wconf 76' lang='lat' dir='ltr'><strong>suscipientium</strong></span> <span class='ocrx_word' id='word_1_13' title='bbox 748 285 925 339; x_wconf 76' lang='lat' dir='ltr'><strong>utilitati,</strong></span> <span class='ocrx_word' id='word_1_14' title='bbox 959 299 1029 328; x_wconf 90' lang='lat' dir='ltr'><strong>seu</strong></span> <span class='ocrx_word' id='word_1_15' title='bbox 1066 288 1247 342; x_wconf 89' lang='lat' dir='ltr'><strong>ipsorum</strong></span> <span class='ocrx_word' id='word_1_16' title='bbox 1281 291 1636 329; x_wconf 86' lang='lat' dir='ltr'><strong>sacramentorum</strong></span> <span class='ocrx_word' id='word_1_17' title='bbox 1666 299 1728 328; x_wconf 78' lang='lat' dir='ltr'><strong>ve-</strong></span> 
     </span>
     <span class='ocr_line' id='line_1_4' title="bbox 108 356 1733 413; baseline -0.001 -14"><span class='ocrx_word' id='word_1_18' title='bbox 108 358 323 410; x_wconf 74' lang='lat' dir='ltr'><strong>nerationi,</strong></span> <span class='ocrx_word' id='word_1_19' title='bbox 358 369 431 412; x_wconf 93' lang='lat' dir='ltr'><strong>pro</strong></span> <span class='ocrx_word' id='word_1_20' title='bbox 465 368 618 410; x_wconf 76' lang='lat' dir='ltr'><strong>rerum,</strong></span> <span class='ocrx_word' id='word_1_21' title='bbox 655 360 886 410; x_wconf 87' lang='lat' dir='ltr'><strong>temporum</strong></span> <span class='ocrx_word' id='word_1_22' title='bbox 923 361 960 398; x_wconf 89' lang='lat' dir='ltr'><strong>et</strong></span> <span class='ocrx_word' id='word_1_23' title='bbox 996 356 1178 398; x_wconf 88' lang='lat' dir='ltr'><strong>locorum</strong></span> <span class='ocrx_word' id='word_1_24' title='bbox 1219 359 1429 411; x_wconf 71' lang='lat' dir='ltr'><strong>varietate,</strong></span> <span class='ocrx_word' id='word_1_25' title='bbox 1456 359 1587 413; x_wconf 81' lang='lat' dir='ltr'><strong>magis</strong></span> <span class='ocrx_word' id='word_1_26' title='bbox 1610 369 1733 411; x_wconf 88' lang='lat' dir='ltr'><strong>expe-</strong></span> 
     </span>
     <span class='ocr_line' id='line_1_5' title="bbox 106 424 1735 484; baseline -0.001 -16"><span class='ocrx_word' id='word_1_27' title='bbox 106 426 195 469; x_wconf 92' lang='lat' dir='ltr'><strong>dire</strong></span> <span class='ocrx_word' id='word_1_28' title='bbox 227 425 487 469; x_wconf 79' lang='lat' dir='ltr'><strong>iudicaret».</strong></span> <span class='ocrx_word' id='word_1_29' title='bbox 537 424 654 468; x_wconf 87' lang='lat' dir='ltr'><strong>Nunc</strong></span> <span class='ocrx_word' id='word_1_30' title='bbox 705 438 803 467; x_wconf 77' lang='lat' dir='ltr'><strong>vero</strong></span> <span class='ocrx_word' id='word_1_31' title='bbox 850 431 1156 468; x_wconf 81' lang='lat' dir='ltr'><strong>sacramentnm</strong></span> <span class='ocrx_word' id='word_1_32' title='bbox 1207 427 1362 469; x_wconf 76' lang='lat' dir='ltr'><strong>ordinis</strong></span> <span class='ocrx_word' id='word_1_33' title='bbox 1412 440 1483 482; x_wconf 91' lang='lat' dir='ltr'><strong>per</strong></span> <span class='ocrx_word' id='word_1_34' title='bbox 1529 426 1638 484; x_wconf 90' lang='lat' dir='ltr'><strong>qnod</strong></span> <span class='ocrx_word' id='word_1_35' title='bbox 1685 426 1735 468; x_wconf 90' lang='lat' dir='ltr'><strong>ad</strong></span> 
     </span>
     <span class='ocr_line' id='line_1_6' title="bbox 105 494 1735 555; baseline -0.001 -15"><span class='ocrx_word' id='word_1_36' title='bbox 105 494 253 540; x_wconf 78' lang='lat' dir='ltr'><strong>Christi</strong></span> <span class='ocrx_word' id='word_1_37' title='bbox 289 496 516 540; x_wconf 86' lang='lat' dir='ltr'><strong>sacerdotis</strong></span> <span class='ocrx_word' id='word_1_38' title='bbox 567 498 840 539; x_wconf 90' lang='lat' dir='ltr'><strong>ministerium</strong></span> <span class='ocrx_word' id='word_1_39' title='bbox 892 498 984 553; x_wconf 89' lang='lat' dir='ltr'><strong>quis</strong></span> <span class='ocrx_word' id='word_1_40' title='bbox 1017 496 1223 543; x_wconf 65' lang='lat' dir='ltr'><strong>evehitur,</strong></span> <span class='ocrx_word' id='word_1_41' title='bbox 1274 502 1310 539; x_wconf 78' lang='lat' dir='ltr'><strong>et</strong></span> <span class='ocrx_word' id='word_1_42' title='bbox 1355 511 1436 555; x_wconf 92' lang='lat' dir='ltr'><strong>qno</strong></span> <span class='ocrx_word' id='word_1_43' title='bbox 1485 502 1661 553; x_wconf 86' lang='lat' dir='ltr'><strong>potestas</strong></span> <span class='ocrx_word' id='word_1_44' title='bbox 1697 498 1735 538; x_wconf 92' lang='lat' dir='ltr'><strong>in</strong></span> 
     </span>
     <span class='ocr_line' id='line_1_7' title="bbox 106 566 1737 624; baseline -0.001 -14"><span class='ocrx_word' id='word_1_45' title='bbox 106 568 322 611; x_wconf 77' lang='lat' dir='ltr'><strong>utilitatem</strong></span> <span class='ocrx_word' id='word_1_46' title='bbox 360 569 486 623; x_wconf 90' lang='lat' dir='ltr'><strong>ipsius</strong></span> <span class='ocrx_word' id='word_1_47' title='bbox 519 566 729 610; x_wconf 78' lang='lat' dir='ltr'><strong>Ecclesiae</strong></span> <span class='ocrx_word' id='word_1_48' title='bbox 763 568 987 618; x_wconf 73' lang='lat' dir='ltr'><strong>contertnr,</strong></span> <span class='ocrx_word' id='word_1_49' title='bbox 1023 570 1191 623; x_wconf 75' lang='lat' dir='ltr'><strong>requirit</strong></span> <span class='ocrx_word' id='word_1_50' title='bbox 1229 570 1409 623; x_wconf 77' lang='lat' dir='ltr'><strong>protecto</strong></span> <span class='ocrx_word' id='word_1_51' title='bbox 1434 573 1477 611; x_wconf 94' lang='lat' dir='ltr'><strong>ut</strong></span> <span class='ocrx_word' id='word_1_52' title='bbox 1502 569 1737 624; x_wconf 77' lang='lat' dir='ltr'><strong>praecipuis</strong></span> 
     </span>
     <span class='ocr_line' id='line_1_8' title="bbox 105 636 1736 694; baseline -0.002 -12"><span class='ocrx_word' id='word_1_53' title='bbox 105 638 270 683; x_wconf 88' lang='lat' dir='ltr'><strong>dotibus</strong></span> <span class='ocrx_word' id='word_1_54' title='bbox 304 650 402 694; x_wconf 92' lang='lat' dir='ltr'><strong>prae</strong></span> <span class='ocrx_word' id='word_1_55' title='bbox 435 640 646 681; x_wconf 88' lang='lat' dir='ltr'><strong>communi</strong></span> <span class='ocrx_word' id='word_1_56' title='bbox 697 640 819 680; x_wconf 90' lang='lat' dir='ltr'><strong>etiam</strong></span> <span class='ocrx_word' id='word_1_57' title='bbox 873 636 1072 680; x_wconf 89' lang='lat' dir='ltr'><strong>bonorum</strong></span> <span class='ocrx_word' id='word_1_58' title='bbox 1125 638 1307 680; x_wconf 76' lang='lat' dir='ltr'><strong>tidelinm</strong></span> <span class='ocrx_word' id='word_1_59' title='bbox 1343 644 1448 682; x_wconf 88' lang='lat' dir='ltr'><strong>statu</strong></span> <span class='ocrx_word' id='word_1_60' title='bbox 1484 644 1653 681; x_wconf 85' lang='lat' dir='ltr'><strong>ornatus</strong></span> <span class='ocrx_word' id='word_1_61' title='bbox 1686 640 1736 680; x_wconf 91' lang='lat' dir='ltr'><strong>sit</strong></span> 
     </span>
     <span class='ocr_line' id='line_1_9' title="bbox 104 707 1735 765; baseline -0.002 -12"><span class='ocrx_word' id='word_1_62' title='bbox 104 709 390 759; x_wconf 87' lang='lat' dir='ltr'><strong>assumendus,</strong></span> <span class='ocrx_word' id='word_1_63' title='bbox 426 714 463 751; x_wconf 87' lang='lat' dir='ltr'><strong>et</strong></span> <span class='ocrx_word' id='word_1_64' title='bbox 498 709 618 751; x_wconf 87' lang='lat' dir='ltr'><strong>simul</strong></span> <span class='ocrx_word' id='word_1_65' title='bbox 654 708 706 752; x_wconf 91' lang='lat' dir='ltr'><strong>ab</strong></span> <span class='ocrx_word' id='word_1_66' title='bbox 740 708 802 751; x_wconf 92' lang='lat' dir='ltr'><strong>his</strong></span> <span class='ocrx_word' id='word_1_67' title='bbox 835 707 1027 751; x_wconf 90' lang='lat' dir='ltr'><strong>omnibns</strong></span> <span class='ocrx_word' id='word_1_68' title='bbox 1068 708 1185 762; x_wconf 74' lang='lat' dir='ltr'><strong>liber,</strong></span> <span class='ocrx_word' id='word_1_69' title='bbox 1229 722 1335 765; x_wconf 86' lang='lat' dir='ltr'><strong>qnae</strong></span> <span class='ocrx_word' id='word_1_70' title='bbox 1374 723 1421 751; x_wconf 80' lang='lat' dir='ltr'><strong>ex</strong></span> <span class='ocrx_word' id='word_1_71' title='bbox 1460 712 1585 765; x_wconf 86' lang='lat' dir='ltr'><strong>ipsius</strong></span> <span class='ocrx_word' id='word_1_72' title='bbox 1620 711 1735 751; x_wconf 91' lang='lat' dir='ltr'><strong>mini-</strong></span> 
     </span>
     <span class='ocr_line' id='line_1_10' title="bbox 103 779 1734 836; baseline -0.001 -13"><span class='ocrx_word' id='word_1_73' title='bbox 103 783 228 823; x_wconf 89' lang='lat' dir='ltr'><strong>sterio</strong></span> <span class='ocrx_word' id='word_1_74' title='bbox 261 780 517 823; x_wconf 68' lang='lat' dir='ltr'><strong>derivandae</strong></span> <span class='ocrx_word' id='word_1_75' title='bbox 553 780 717 822; x_wconf 84' lang='lat' dir='ltr'><strong>utilitati</strong></span> <span class='ocrx_word' id='word_1_76' title='bbox 752 780 917 822; x_wconf 84' lang='lat' dir='ltr'><strong>officere</strong></span> <span class='ocrx_word' id='word_1_77' title='bbox 950 783 1117 836; x_wconf 85' lang='lat' dir='ltr'><strong>queant.</strong></span> <span class='ocrx_word' id='word_1_78' title='bbox 1155 779 1371 834; x_wconf 80' lang='lat' dir='ltr'><strong>Propterea</strong></span> <span class='ocrx_word' id='word_1_79' title='bbox 1399 786 1559 823; x_wconf 87' lang='lat' dir='ltr'><strong>nonest</strong></span> <span class='ocrx_word' id='word_1_80' title='bbox 1586 782 1734 822; x_wconf 88' lang='lat' dir='ltr'><strong>miran-</strong></span> 
     </span>
     <span class='ocr_line' id='line_1_11' title="bbox 105 850 1735 907; baseline -0.001 -13"><span class='ocrx_word' id='word_1_81' title='bbox 105 851 202 894; x_wconf 88' lang='lat' dir='ltr'><strong>dum</strong></span> <span class='ocrx_word' id='word_1_82' title='bbox 237 863 416 894; x_wconf 86' lang='lat' dir='ltr'><strong>canones</strong></span> <span class='ocrx_word' id='word_1_83' title='bbox 449 851 499 894; x_wconf 89' lang='lat' dir='ltr'><strong>de</strong></span> <span class='ocrx_word' id='word_1_84' title='bbox 533 850 719 893; x_wconf 85' lang='lat' dir='ltr'><strong>subiecto</strong></span> <span class='ocrx_word' id='word_1_85' title='bbox 767 862 910 893; x_wconf 86' lang='lat' dir='ltr'><strong>sacrae</strong></span> <span class='ocrx_word' id='word_1_86' title='bbox 958 850 1230 893; x_wconf 80' lang='lat' dir='ltr'><strong>ordinationis</strong></span> <span class='ocrx_word' id='word_1_87' title='bbox 1271 851 1518 906; x_wconf 72' lang='lat' dir='ltr'><strong>multiplices</strong></span> <span class='ocrx_word' id='word_1_88' title='bbox 1553 850 1735 907; x_wconf 87' lang='lat' dir='ltr'><strong>promul-</strong></span> 
     </span>
     <span class='ocr_line' id='line_1_12' title="bbox 104 909 1733 978; baseline -0.001 -14"><span class='ocrx_word' id='word_1_89' title='bbox 104 927 220 978; x_wconf 79' lang='lat' dir='ltr'><strong>gatos</strong></span> <span class='ocrx_word' id='word_1_90' title='bbox 252 923 390 976; x_wconf 83' lang='lat' dir='ltr'><strong>fuisse,</strong></span> <span class='ocrx_word' id='word_1_91' title='bbox 425 924 492 978; x_wconf 90' lang='lat' dir='ltr'><strong>qui</strong></span> <span class='ocrx_word' id='word_1_92' title='bbox 529 909 652 964; x_wconf 75' lang='lat' dir='ltr'><strong>iuxta&#39;</strong></span> <span class='ocrx_word' id='word_1_93' title='bbox 676 922 784 964; x_wconf 91' lang='lat' dir='ltr'><strong>dicta</strong></span> <span class='ocrx_word' id='word_1_94' title='bbox 820 923 857 963; x_wconf 91' lang='lat' dir='ltr'><strong>in</strong></span> <span class='ocrx_word' id='word_1_95' title='bbox 893 921 997 963; x_wconf 88' lang='lat' dir='ltr'><strong>duos</strong></span> <span class='ocrx_word' id='word_1_96' title='bbox 1019 921 1216 964; x_wconf 77' lang='lat' dir='ltr'><strong>articulos</strong></span> <span class='ocrx_word' id='word_1_97' title='bbox 1239 922 1456 964; x_wconf 84' lang='lat' dir='ltr'><strong>commode</strong></span> <span class='ocrx_word' id='word_1_98' title='bbox 1481 921 1733 965; x_wconf 83' lang='lat' dir='ltr'><strong>distribuun-</strong></span> 
     </span>
     <span class='ocr_line' id='line_1_13' title="bbox 104 991 1736 1049; baseline -0.002 -14"><span class='ocrx_word' id='word_1_99' title='bbox 104 997 185 1047; x_wconf 79' lang='lat' dir='ltr'><strong>tur,</strong></span> <span class='ocrx_word' id='word_1_100' title='bbox 222 992 437 1036; x_wconf 88' lang='lat' dir='ltr'><strong>videlicet:</strong></span> <span class='ocrx_word' id='word_1_101' title='bbox 473 993 562 1035; x_wconf 69' lang='lat' dir='ltr'><strong>Art.</strong></span> <span class='ocrx_word' id='word_1_102' title='bbox 600 991 627 1035; x_wconf 93' lang='grc' dir='ltr'><strong>Ι.</strong></span> <span class='ocrx_word' id='word_1_103' title='bbox 669 991 725 1034; x_wconf 72' lang='lat' dir='ltr'><strong>lle</strong></span> <span class='ocrx_word' id='word_1_104' title='bbox 757 992 975 1049; x_wconf 73' lang='lat' dir='ltr'><strong>·1·eqzcisz&#39;lz&#39;s</strong></span> <span class='ocrx_word' id='word_1_105' title='bbox 1001 991 1041 1034; x_wconf 78' lang='lat' dir='ltr'><strong>in</strong></span> <span class='ocrx_word' id='word_1_106' title='bbox 1066 991 1247 1034; x_wconf 69' lang='lat' dir='ltr'><strong>subiecto</strong></span> <span class='ocrx_word' id='word_1_107' title='bbox 1271 1006 1420 1033; x_wconf 69' lang='lat' dir='ltr'><strong>sacrae</strong></span> <span class='ocrx_word' id='word_1_108' title='bbox 1452 992 1736 1035; x_wconf 69' lang='lat' dir='ltr'><strong>ordinationis</strong></span> 
     </span>
     <span class='ocr_line' id='line_1_14' title="bbox 103 1062 1735 1120; baseline -0.001 -13"><span class='ocrx_word' id='word_1_109' title='bbox 103 1069 227 1120; x_wconf 86' lang='lat' dir='ltr'><strong>atque</strong></span> <span class='ocrx_word' id='word_1_110' title='bbox 261 1064 351 1106; x_wconf 67' lang='lat' dir='ltr'><strong>Art.</strong></span> <span class='ocrx_word' id='word_1_111' title='bbox 388 1062 432 1106; x_wconf 94' lang='lat' dir='ltr'><strong>II</strong></span> <span class='ocrx_word' id='word_1_112' title='bbox 481 1062 537 1106; x_wconf 84' lang='lat' dir='ltr'><strong>De</strong></span> <span class='ocrx_word' id='word_1_113' title='bbox 571 1062 965 1120; x_wconf 70' lang='lat' dir='ltr'><strong>irreyularilatibus</strong></span> <span class='ocrx_word' id='word_1_114' title='bbox 1009 1062 1192 1120; x_wconf 70' lang='lat' dir='ltr'><strong>aliisque</strong></span> <span class='ocrx_word' id='word_1_115' title='bbox 1239 1062 1558 1120; x_wconf 68' lang='lat' dir='ltr'><strong>impedimenlis.</strong></span> <span class='ocrx_word' id='word_1_116' title='bbox 1586 1089 1635 1093; x_wconf 77' lang='lat'><strong>-—</strong></span> <span class='ocrx_word' id='word_1_117' title='bbox 1665 1062 1735 1105; x_wconf 70' lang='lat' dir='ltr'><strong>His</strong></span> 
     </span>
     <span class='ocr_line' id='line_1_15' title="bbox 105 1133 1737 1191; baseline -0.001 -14"><span class='ocrx_word' id='word_1_118' title='bbox 105 1135 361 1191; x_wconf 84' lang='lat' dir='ltr'><strong>praecedunt</strong></span> <span class='ocrx_word' id='word_1_119' title='bbox 396 1141 515 1191; x_wconf 86' lang='lat' dir='ltr'><strong>prout</strong></span> <span class='ocrx_word' id='word_1_120' title='bbox 549 1135 599 1177; x_wconf 91' lang='lat' dir='ltr'><strong>de</strong></span> <span class='ocrx_word' id='word_1_121' title='bbox 636 1148 748 1177; x_wconf 89' lang='lat' dir='ltr'><strong>more</strong></span> <span class='ocrx_word' id='word_1_122' title='bbox 782 1147 962 1177; x_wconf 89' lang='lat' dir='ltr'><strong>canones</strong></span> <span class='ocrx_word' id='word_1_123' title='bbox 1007 1133 1237 1190; x_wconf 78' lang='lat' dir='ltr'><strong>generales,</strong></span> <span class='ocrx_word' id='word_1_124' title='bbox 1276 1138 1314 1177; x_wconf 93' lang='lat' dir='ltr'><strong>et</strong></span> <span class='ocrx_word' id='word_1_125' title='bbox 1349 1136 1481 1189; x_wconf 89' lang='lat' dir='ltr'><strong>primo</strong></span> <span class='ocrx_word' id='word_1_126' title='bbox 1515 1134 1565 1177; x_wconf 90' lang='lat' dir='ltr'><strong>de</strong></span> <span class='ocrx_word' id='word_1_127' title='bbox 1599 1134 1737 1177; x_wconf 82' lang='lat' dir='ltr'><strong>condi-</strong></span> 
     </span>
     <span class='ocr_line' id='line_1_16' title="bbox 105 1204 1739 1261; baseline -0.002 -13"><span class='ocrx_word' id='word_1_128' title='bbox 105 1205 285 1249; x_wconf 88' lang='lat' dir='ltr'><strong>tionibus</strong></span> <span class='ocrx_word' id='word_1_129' title='bbox 317 1205 490 1249; x_wconf 85' lang='lat' dir='ltr'><strong>subieeti</strong></span> <span class='ocrx_word' id='word_1_130' title='bbox 526 1206 693 1248; x_wconf 80' lang='lat' dir='ltr'><strong>diverso</strong></span> <span class='ocrx_word' id='word_1_131' title='bbox 729 1207 817 1247; x_wconf 92' lang='lat' dir='ltr'><strong>inre</strong></span> <span class='ocrx_word' id='word_1_132' title='bbox 852 1206 1027 1247; x_wconf 78' lang='lat' dir='ltr'><strong>tii-matis</strong></span> <span class='ocrx_word' id='word_1_133' title='bbox 1073 1206 1157 1261; x_wconf 84' lang='lat' dir='ltr'><strong>agit</strong></span> <span class='ocrx_word' id='word_1_134' title='bbox 1191 1217 1281 1248; x_wconf 88' lang='lat' dir='ltr'><strong>ean.</strong></span> <span class='ocrx_word' id='word_1_135' title='bbox 1317 1206 1414 1259; x_wconf 73' lang='lat'><strong>968,</strong></span> <span class='ocrx_word' id='word_1_136' title='bbox 1449 1204 1515 1247; x_wconf 87' lang='lat' dir='ltr'><strong>alii</strong></span> <span class='ocrx_word' id='word_1_137' title='bbox 1554 1219 1649 1247; x_wconf 80' lang='lat' dir='ltr'><strong>vcro</strong></span> <span class='ocrx_word' id='word_1_138' title='bbox 1686 1204 1739 1246; x_wconf 86' lang='lat' dir='ltr'><strong>lo-</strong></span> 
     </span>
     <span class='ocr_line' id='line_1_17' title="bbox 104 1275 1736 1333; baseline -0.002 -14"><span class='ocrx_word' id='word_1_139' title='bbox 104 1281 289 1333; x_wconf 89' lang='lat' dir='ltr'><strong>quuntur</strong></span> <span class='ocrx_word' id='word_1_140' title='bbox 323 1281 490 1332; x_wconf 87' lang='lat' dir='ltr'><strong>propter</strong></span> <span class='ocrx_word' id='word_1_141' title='bbox 526 1278 694 1331; x_wconf 78' lang='lat' dir='ltr'><strong>praelati</strong></span> <span class='ocrx_word' id='word_1_142' title='bbox 743 1275 916 1318; x_wconf 85' lang='lat' dir='ltr'><strong>subiecti</strong></span> <span class='ocrx_word' id='word_1_143' title='bbox 967 1288 1133 1318; x_wconf 88' lang='lat' dir='ltr'><strong>cansam</strong></span> <span class='ocrx_word' id='word_1_144' title='bbox 1179 1288 1272 1318; x_wconf 84' lang='lat' dir='ltr'><strong>eum</strong></span> <span class='ocrx_word' id='word_1_145' title='bbox 1308 1275 1398 1318; x_wconf 88' lang='lat' dir='ltr'><strong>aliis</strong></span> <span class='ocrx_word' id='word_1_146' title='bbox 1432 1278 1629 1331; x_wconf 78' lang='lat' dir='ltr'><strong>personis,</strong></span> <span class='ocrx_word' id='word_1_147' title='bbox 1663 1278 1736 1318; x_wconf 88' lang='lat' dir='ltr'><strong>sci-</strong></span> 
     </span>
     <span class='ocr_line' id='line_1_18' title="bbox 104 1346 1738 1403; baseline -0.001 -13"><span class='ocrx_word' id='word_1_148' title='bbox 104 1347 222 1391; x_wconf 82' lang='lat' dir='ltr'><strong>licet:</strong></span> <span class='ocrx_word' id='word_1_149' title='bbox 246 1346 541 1403; x_wconf 82' lang='lat' dir='ltr'><strong>Superioribus</strong></span> <span class='ocrx_word' id='word_1_150' title='bbox 564 1347 869 1397; x_wconf 68' lang='lat' dir='ltr'><strong>ecclesiasticis„</strong></span> <span class='ocrx_word' id='word_1_151' title='bbox 894 1346 1028 1403; x_wconf 88' lang='lat' dir='ltr'><strong>quoad</strong></span> <span class='ocrx_word' id='word_1_152' title='bbox 1066 1359 1145 1389; x_wconf 92' lang='lat' dir='ltr'><strong>non</strong></span> <span class='ocrx_word' id='word_1_153' title='bbox 1180 1347 1433 1390; x_wconf 84' lang='lat' dir='ltr'><strong>ordinandos</strong></span> <span class='ocrx_word' id='word_1_154' title='bbox 1459 1352 1540 1390; x_wconf 90' lang='lat' dir='ltr'><strong>tum</strong></span> <span class='ocrx_word' id='word_1_155' title='bbox 1570 1351 1738 1403; x_wconf 84' lang='lat' dir='ltr'><strong>propter</strong></span> 
     </span>
     <span class='ocr_line' id='line_1_19' title="bbox 106 1417 1738 1474; baseline -0.001 -13"><span class='ocrx_word' id='word_1_156' title='bbox 106 1420 386 1461; x_wconf 88' lang='lat' dir='ltr'><strong>ministrorum</strong></span> <span class='ocrx_word' id='word_1_157' title='bbox 422 1418 710 1461; x_wconf 83' lang='lat' dir='ltr'><strong>sufficientiam</strong></span> <span class='ocrx_word' id='word_1_158' title='bbox 746 1417 958 1461; x_wconf 84' lang='lat' dir='ltr'><strong>Ecclesiae</strong></span> <span class='ocrx_word' id='word_1_159' title='bbox 992 1417 1174 1471; x_wconf 74' lang='lat' dir='ltr'><strong>utilitati,</strong></span> <span class='ocrx_word' id='word_1_160' title='bbox 1220 1422 1303 1460; x_wconf 91' lang='lat' dir='ltr'><strong>tum</strong></span> <span class='ocrx_word' id='word_1_161' title='bbox 1349 1423 1517 1474; x_wconf 89' lang='lat' dir='ltr'><strong>propter</strong></span> <span class='ocrx_word' id='word_1_162' title='bbox 1551 1420 1738 1474; x_wconf 64' lang='lat' dir='ltr'><strong>privatas</strong></span> 
     </span>
     <span class='ocr_line' id='line_1_20' title="bbox 103 1488 1726 1546; baseline -0.002 -14"><span class='ocrx_word' id='word_1_163' title='bbox 103 1489 431 1533; x_wconf 87' lang='lat' dir='ltr'><strong>ordinandorum</strong></span> <span class='ocrx_word' id='word_1_164' title='bbox 464 1502 623 1543; x_wconf 71' lang='lat' dir='ltr'><strong>causas,</strong></span> <span class='ocrx_word' id='word_1_165' title='bbox 659 1489 754 1532; x_wconf 88' lang='lat' dir='ltr'><strong>hinc</strong></span> <span class='ocrx_word' id='word_1_166' title='bbox 788 1489 870 1531; x_wconf 91' lang='lat' dir='ltr'><strong>dno</strong></span> <span class='ocrx_word' id='word_1_167' title='bbox 904 1501 994 1531; x_wconf 91' lang='lat' dir='ltr'><strong>can.</strong></span> <span class='ocrx_word' id='word_1_168' title='bbox 1031 1489 1131 1541; x_wconf 75' lang='lat'>969,</span> <span class='ocrx_word' id='word_1_169' title='bbox 1167 1489 1264 1531; x_wconf 79' lang='lat'><strong>970.</strong></span> <span class='ocrx_word' id='word_1_170' title='bbox 1299 1488 1494 1546; x_wconf 85' lang='lat' dir='ltr'><strong>Sequitur</strong></span> <span class='ocrx_word' id='word_1_171' title='bbox 1527 1502 1616 1533; x_wconf 87' lang='lat' dir='ltr'><strong>can.</strong></span> <span class='ocrx_word' id='word_1_172' title='bbox 1652 1490 1726 1530; x_wconf 75' lang='grc'><strong>971</strong></span> 
     </span>
     <span class='ocr_line' id='line_1_21' title="bbox 103 1559 1733 1617; baseline 0 -14"><span class='ocrx_word' id='word_1_173' title='bbox 103 1560 322 1604; x_wconf 87' lang='lat' dir='ltr'><strong>ordinandi</strong></span> <span class='ocrx_word' id='word_1_174' title='bbox 356 1560 536 1604; x_wconf 84' lang='lat' dir='ltr'><strong>libertati</strong></span> <span class='ocrx_word' id='word_1_175' title='bbox 574 1562 834 1617; x_wconf 85' lang='lat' dir='ltr'><strong>prospiciens</strong></span> <span class='ocrx_word' id='word_1_176' title='bbox 853 1562 890 1602; x_wconf 91' lang='lat' dir='ltr'><strong>in</strong></span> <span class='ocrx_word' id='word_1_177' title='bbox 912 1559 989 1603; x_wconf 85' lang='lat' dir='ltr'><strong>hoe</strong></span> <span class='ocrx_word' id='word_1_178' title='bbox 1027 1573 1151 1616; x_wconf 87' lang='lat' dir='ltr'><strong>quam</strong></span> <span class='ocrx_word' id='word_1_179' title='bbox 1187 1563 1368 1603; x_wconf 87' lang='lat' dir='ltr'><strong>maxime</strong></span> <span class='ocrx_word' id='word_1_180' title='bbox 1392 1563 1663 1611; x_wconf 67' lang='lat' dir='ltr'><strong>necessariae,</strong></span> <span class='ocrx_word' id='word_1_181' title='bbox 1698 1567 1733 1603; x_wconf 85' lang='lat' dir='ltr'><strong>et</strong></span> 
     </span>
     <span class='ocr_line' id='line_1_22' title="bbox 103 1631 1739 1688; baseline -0.001 -14"><span class='ocrx_word' id='word_1_182' title='bbox 103 1644 192 1675; x_wconf 86' lang='lat' dir='ltr'><strong>can.</strong></span> <span class='ocrx_word' id='word_1_183' title='bbox 229 1631 399 1674; x_wconf 91' lang='lat' dir='ltr'><strong>ultimus</strong></span> <span class='ocrx_word' id='word_1_184' title='bbox 430 1631 655 1688; x_wconf 81' lang='lat' dir='ltr'><strong>providens</strong></span> <span class='ocrx_word' id='word_1_185' title='bbox 689 1645 738 1674; x_wconf 90' lang='lat' dir='ltr'><strong>ne</strong></span> <span class='ocrx_word' id='word_1_186' title='bbox 776 1632 984 1675; x_wconf 80' lang='lat' dir='ltr'><strong>deficiant.</strong></span> <span class='ocrx_word' id='word_1_187' title='bbox 1021 1633 1090 1688; x_wconf 90' lang='lat' dir='ltr'><strong>qui</strong></span> <span class='ocrx_word' id='word_1_188' title='bbox 1114 1631 1163 1674; x_wconf 90' lang='lat' dir='ltr'><strong>ad</strong></span> <span class='ocrx_word' id='word_1_189' title='bbox 1190 1631 1357 1674; x_wconf 83' lang='lat' dir='ltr'><strong>ordines</strong></span> <span class='ocrx_word' id='word_1_190' title='bbox 1391 1634 1427 1673; x_wconf 93' lang='lat' dir='ltr'><strong>in</strong></span> <span class='ocrx_word' id='word_1_191' title='bbox 1452 1631 1635 1674; x_wconf 83' lang='lat' dir='ltr'><strong>Ecclesia</strong></span> <span class='ocrx_word' id='word_1_192' title='bbox 1663 1634 1739 1673; x_wconf 82' lang='lat' dir='ltr'><strong>rite</strong></span> 
     </span>
     <span class='ocr_line' id='line_1_23' title="bbox 105 1705 550 1759; baseline -0.004 -14"><span class='ocrx_word' id='word_1_193' title='bbox 105 1705 341 1758; x_wconf 88' lang='lat' dir='ltr'><strong>promoveri</strong></span> <span class='ocrx_word' id='word_1_194' title='bbox 382 1708 550 1759; x_wconf 82' lang='lat' dir='ltr'><strong>queant.</strong></span> 
     </span>
    </p>

    <p class='ocr_par' dir='ltr' id='par_1_4' title="bbox 100 1774 1738 2822">
     <span class='ocr_line' id='line_1_24' title="bbox 223 1774 1733 1820; baseline -0.001 0"><span class='ocrx_word' id='word_1_195' title='bbox 223 1774 320 1816; x_wconf 82' lang='lat'>318·</span> <span class='ocrx_word' id='word_1_196' title='bbox 355 1775 572 1820; x_wconf 88' lang='lat' dir='ltr'><strong>Subiecti</strong></span> <span class='ocrx_word' id='word_1_197' title='bbox 606 1776 915 1820; x_wconf 85' lang='lat' dir='ltr'><strong>conditiones</strong></span> <span class='ocrx_word' id='word_1_198' title='bbox 950 1777 1014 1820; x_wconf 86' lang='lat' dir='ltr'><strong>ad</strong></span> <span class='ocrx_word' id='word_1_199' title='bbox 1048 1788 1242 1820; x_wconf 86' lang='lat' dir='ltr'><strong>sacram</strong></span> <span class='ocrx_word' id='word_1_200' title='bbox 1265 1776 1626 1820; x_wconf 83' lang='lat' dir='ltr'><strong>ordinationem</strong></span> <span class='ocrx_word' id='word_1_201' title='bbox 1651 1788 1733 1819; x_wconf 86' lang='lat' dir='ltr'><strong>va-</strong></span> 
     </span>
     <span class='ocr_line' id='line_1_25' title="bbox 103 1844 1736 1902; baseline -0.001 -13"><span class='ocrx_word' id='word_1_202' title='bbox 103 1847 201 1891; x_wconf 87' lang='lat' dir='ltr'><strong>lide</strong></span> <span class='ocrx_word' id='word_1_203' title='bbox 232 1860 292 1891; x_wconf 85' lang='lat' dir='ltr'><strong>ae</strong></span> <span class='ocrx_word' id='word_1_204' title='bbox 324 1847 456 1892; x_wconf 84' lang='lat' dir='ltr'><strong>licite</strong></span> <span class='ocrx_word' id='word_1_205' title='bbox 488 1848 840 1902; x_wconf 84' lang='lat' dir='ltr'><strong>recipiendam.</strong></span> <span class='ocrx_word' id='word_1_206' title='bbox 875 1871 926 1875; x_wconf 95' lang='lat'><strong>——</strong></span> <span class='ocrx_word' id='word_1_207' title='bbox 964 1844 1148 1888; x_wconf 86' lang='lat' dir='ltr'><strong>Ecclesia</strong></span> <span class='ocrx_word' id='word_1_208' title='bbox 1186 1848 1223 1887; x_wconf 92' lang='lat' dir='ltr'><strong>in</strong></span> <span class='ocrx_word' id='word_1_209' title='bbox 1257 1845 1456 1901; x_wconf 79' lang='lat' dir='ltr'><strong>gradibus</strong></span> <span class='ocrx_word' id='word_1_210' title='bbox 1479 1847 1548 1902; x_wconf 93' lang='lat' dir='ltr'><strong>qni</strong></span> <span class='ocrx_word' id='word_1_211' title='bbox 1574 1859 1621 1887; x_wconf 84' lang='lat' dir='ltr'><strong>ex</strong></span> <span class='ocrx_word' id='word_1_212' title='bbox 1648 1847 1736 1888; x_wconf 85' lang='lat' dir='ltr'><strong>eius</strong></span> 
     </span>
     <span class='ocr_line' id='line_1_26' title="bbox 105 1915 1734 1972; baseline 0.001 -15"><span class='ocrx_word' id='word_1_213' title='bbox 105 1918 359 1958; x_wconf 91' lang='lat' dir='ltr'><strong>institutione</strong></span> <span class='ocrx_word' id='word_1_214' title='bbox 392 1915 602 1972; x_wconf 84' lang='lat' dir='ltr'><strong>complent</strong></span> <span class='ocrx_word' id='word_1_215' title='bbox 634 1916 983 1959; x_wconf 85' lang='lat' dir='ltr'><strong>ordinatissimam</strong></span> <span class='ocrx_word' id='word_1_216' title='bbox 1019 1917 1175 1959; x_wconf 86' lang='lat' dir='ltr'><strong>ordinis</strong></span> <span class='ocrx_word' id='word_1_217' title='bbox 1209 1915 1484 1959; x_wconf 86' lang='lat' dir='ltr'><strong>hierarchiam</strong></span> <span class='ocrx_word' id='word_1_218' title='bbox 1519 1916 1662 1958; x_wconf 75' lang='lat' dir='ltr'><strong>divino</strong></span> <span class='ocrx_word' id='word_1_219' title='bbox 1696 1918 1734 1958; x_wconf 91' lang='lat' dir='ltr'><strong>in</strong></span> 
     </span>
     <span class='ocr_line' id='line_1_27' title="bbox 104 1985 1738 2041; baseline -0.001 -12"><span class='ocrx_word' id='word_1_220' title='bbox 104 1985 195 2029; x_wconf 91' lang='lat' dir='ltr'><strong>aliis</strong></span> <span class='ocrx_word' id='word_1_221' title='bbox 229 1989 305 2029; x_wconf 85' lang='lat' dir='ltr'><strong>iuri</strong></span> <span class='ocrx_word' id='word_1_222' title='bbox 339 2001 382 2030; x_wconf 91' lang='lat' dir='ltr'><strong>se</strong></span> <span class='ocrx_word' id='word_1_223' title='bbox 407 1989 697 2041; x_wconf 75' lang='lat' dir='ltr'><strong>conformavit,</strong></span> <span class='ocrx_word' id='word_1_224' title='bbox 722 1991 765 2030; x_wconf 90' lang='lat' dir='ltr'><strong>ut</strong></span> <span class='ocrx_word' id='word_1_225' title='bbox 787 2001 879 2030; x_wconf 91' lang='lat' dir='ltr'><strong>cum</strong></span> <span class='ocrx_word' id='word_1_226' title='bbox 906 1988 1060 2030; x_wconf 89' lang='lat' dir='ltr'><strong>eisdem</strong></span> <span class='ocrx_word' id='word_1_227' title='bbox 1082 1986 1312 2030; x_wconf 87' lang='lat' dir='ltr'><strong>detectibus</strong></span> <span class='ocrx_word' id='word_1_228' title='bbox 1336 1987 1390 2028; x_wconf 94' lang='lat' dir='ltr'><strong>illi</strong></span> <span class='ocrx_word' id='word_1_229' title='bbox 1416 1986 1551 2029; x_wconf 92' lang='lat' dir='ltr'><strong>collati</strong></span> <span class='ocrx_word' id='word_1_230' title='bbox 1577 1989 1657 2029; x_wconf 90' lang='lat' dir='ltr'><strong>sint</strong></span> <span class='ocrx_word' id='word_1_231' title='bbox 1682 1989 1738 2028; x_wconf 92' lang='lat' dir='ltr'><strong>in-</strong></span> 
     </span>
     <span class='ocr_line' id='line_1_28' title="bbox 106 2057 1734 2114; baseline 0.001 -16"><span class='ocrx_word' id='word_1_232' title='bbox 106 2057 243 2101; x_wconf 89' lang='lat' dir='ltr'><strong>valide</strong></span> <span class='ocrx_word' id='word_1_233' title='bbox 266 2060 373 2101; x_wconf 87' lang='lat' dir='ltr'><strong>sicut</strong></span> <span class='ocrx_word' id='word_1_234' title='bbox 396 2062 435 2101; x_wconf 90' lang='lat' dir='ltr'><strong>et</strong></span> <span class='ocrx_word' id='word_1_235' title='bbox 460 2059 539 2111; x_wconf 77' lang='lat' dir='ltr'><strong>isti,</strong></span> <span class='ocrx_word' id='word_1_236' title='bbox 566 2057 627 2101; x_wconf 93' lang='lat' dir='ltr'><strong>vel</strong></span> <span class='ocrx_word' id='word_1_237' title='bbox 654 2062 812 2101; x_wconf 87' lang='lat' dir='ltr'><strong>tantum</strong></span> <span class='ocrx_word' id='word_1_238' title='bbox 839 2057 981 2101; x_wconf 82' lang='lat' dir='ltr'><strong>illicite</strong></span> <span class='ocrx_word' id='word_1_239' title='bbox 1007 2060 1174 2114; x_wconf 79' lang='lat' dir='ltr'><strong>recepti.</strong></span> <span class='ocrx_word' id='word_1_240' title='bbox 1213 2057 1315 2100; x_wconf 84' lang='lat' dir='ltr'><strong>Hinc</strong></span> <span class='ocrx_word' id='word_1_241' title='bbox 1339 2057 1389 2100; x_wconf 89' lang='lat' dir='ltr'><strong>de</strong></span> <span class='ocrx_word' id='word_1_242' title='bbox 1414 2057 1605 2100; x_wconf 88' lang='lat' dir='ltr'><strong>omnibns</strong></span> <span class='ocrx_word' id='word_1_243' title='bbox 1630 2057 1734 2100; x_wconf 91' lang='lat' dir='ltr'><strong>indi-</strong></span> 
     </span>
     <span class='ocr_line' id='line_1_29' title="bbox 103 2128 1735 2187; baseline -0.001 -16"><span class='ocrx_word' id='word_1_244' title='bbox 103 2130 374 2172; x_wconf 82' lang='lat' dir='ltr'><strong>scriminatim</strong></span> <span class='ocrx_word' id='word_1_245' title='bbox 400 2129 530 2172; x_wconf 86' lang='lat' dir='ltr'><strong>edixit</strong></span> <span class='ocrx_word' id='word_1_246' title='bbox 553 2143 643 2171; x_wconf 76' lang='lat' dir='ltr'><strong>ean.</strong></span> <span class='ocrx_word' id='word_1_247' title='bbox 678 2131 786 2173; x_wconf 78' lang='lat'><strong>968.</strong></span> <span class='ocrx_word' id='word_1_248' title='bbox 808 2129 836 2187; x_wconf 59' lang='grc' dir='ltr'>ξ</span> <span class='ocrx_word' id='word_1_249' title='bbox 860 2132 893 2174; x_wconf 85' lang='grc'><strong>1.</strong></span> <span class='ocrx_word' id='word_1_250' title='bbox 921 2129 1093 2171; x_wconf 74' lang='lat' dir='ltr'><strong>Sacram</strong></span> <span class='ocrx_word' id='word_1_251' title='bbox 1129 2128 1452 2179; x_wconf 66' lang='lat' dir='ltr'><strong>ordinationem,</strong></span> <span class='ocrx_word' id='word_1_252' title='bbox 1490 2133 1609 2183; x_wconf 88' lang='lat' dir='ltr'><strong>prout</strong></span> <span class='ocrx_word' id='word_1_253' title='bbox 1634 2128 1735 2171; x_wconf 84' lang='lat' dir='ltr'><strong>haec</strong></span> 
     </span>
     <span class='ocr_line' id='line_1_30' title="bbox 108 2199 1735 2257; baseline 0.001 -17"><span class='ocrx_word' id='word_1_254' title='bbox 108 2199 282 2243; x_wconf 88' lang='lat' dir='ltr'><strong>«verba</strong></span> <span class='ocrx_word' id='word_1_255' title='bbox 315 2199 719 2257; x_wconf 83' lang='lat' dir='ltr'><strong>comprehendunt»</strong></span> <span class='ocrx_word' id='word_1_256' title='bbox 756 2200 1018 2244; x_wconf 86' lang='lat' dir='ltr'><strong>collationem</strong></span> <span class='ocrx_word' id='word_1_257' title='bbox 1059 2202 1242 2243; x_wconf 91' lang='lat' dir='ltr'><strong>omnium</strong></span> <span class='ocrx_word' id='word_1_258' title='bbox 1278 2204 1316 2242; x_wconf 87' lang='lat' dir='ltr'><strong>et</strong></span> <span class='ocrx_word' id='word_1_259' title='bbox 1348 2199 1605 2255; x_wconf 82' lang='lat' dir='ltr'><strong>singulorum</strong></span> <span class='ocrx_word' id='word_1_260' title='bbox 1642 2212 1735 2255; x_wconf 80' lang='lat' dir='ltr'><strong>gra-</strong></span> 
     </span>
     <span class='ocr_line' id='line_1_31' title="bbox 103 2270 1735 2329; baseline -0.001 -15"><span class='ocrx_word' id='word_1_261' title='bbox 103 2271 231 2314; x_wconf 88' lang='lat' dir='ltr'><strong>duum</strong></span> <span class='ocrx_word' id='word_1_262' title='bbox 269 2273 509 2328; x_wconf 86' lang='lat' dir='ltr'><strong>primaeque</strong></span> <span class='ocrx_word' id='word_1_263' title='bbox 542 2276 750 2325; x_wconf 81' lang='lat' dir='ltr'><strong>tonsurae,</strong></span> <span class='ocrx_word' id='word_1_264' title='bbox 787 2271 925 2314; x_wconf 66' lang='lat' dir='ltr'><strong>aalide</strong></span> <span class='ocrx_word' id='word_1_265' title='bbox 946 2272 1099 2329; x_wconf 67' lang='lat' dir='ltr'><strong>recipit</strong></span> <span class='ocrx_word' id='word_1_266' title='bbox 1123 2270 1163 2327; x_wconf 86' lang='lat' dir='ltr'><strong>a)</strong></span> <span class='ocrx_word' id='word_1_267' title='bbox 1187 2270 1300 2313; x_wconf 69' lang='lat' dir='ltr'><strong>solus</strong></span> <span class='ocrx_word' id='word_1_268' title='bbox 1326 2270 1400 2326; x_wconf 70' lang='lat' dir='ltr'><strong>cir,</strong></span> <span class='ocrx_word' id='word_1_269' title='bbox 1424 2271 1605 2313; x_wconf 85' lang='lat' dir='ltr'><strong>exclusis</strong></span> <span class='ocrx_word' id='word_1_270' title='bbox 1630 2273 1735 2314; x_wconf 89' lang='lat' dir='ltr'><strong>inter</strong></span> 
     </span>
     <span class='ocr_line' id='line_1_32' title="bbox 104 2341 1732 2399; baseline 0 -15"><span class='ocrx_word' id='word_1_271' title='bbox 104 2341 403 2385; x_wconf 83' lang='lat' dir='ltr'><strong>intellectuales</strong></span> <span class='ocrx_word' id='word_1_272' title='bbox 426 2347 638 2385; x_wconf 89' lang='lat' dir='ltr'><strong>creaturas</strong></span> <span class='ocrx_word' id='word_1_273' title='bbox 660 2342 820 2398; x_wconf 85' lang='lat' dir='ltr'><strong>angelis</strong></span> <span class='ocrx_word' id='word_1_274' title='bbox 841 2345 1073 2399; x_wconf 87' lang='lat' dir='ltr'><strong>animisque</strong></span> <span class='ocrx_word' id='word_1_275' title='bbox 1117 2343 1330 2397; x_wconf 80' lang='lat' dir='ltr'><strong>separatis,</strong></span> <span class='ocrx_word' id='word_1_276' title='bbox 1364 2346 1488 2398; x_wconf 87' lang='lat' dir='ltr'><strong>atque</strong></span> <span class='ocrx_word' id='word_1_277' title='bbox 1523 2343 1629 2384; x_wconf 91' lang='lat' dir='ltr'><strong>inter</strong></span> <span class='ocrx_word' id='word_1_278' title='bbox 1662 2341 1732 2384; x_wconf 92' lang='lat' dir='ltr'><strong>ho-</strong></span> 
     </span>
     <span class='ocr_line' id='line_1_33' title="bbox 105 2411 1736 2470; baseline -0.001 -15"><span class='ocrx_word' id='word_1_279' title='bbox 105 2415 236 2456; x_wconf 88' lang='lat' dir='ltr'><strong>mines</strong></span> <span class='ocrx_word' id='word_1_280' title='bbox 269 2412 532 2456; x_wconf 89' lang='lat' dir='ltr'><strong>mulieribus:</strong></span> <span class='ocrx_word' id='word_1_281' title='bbox 566 2413 618 2456; x_wconf 91' lang='lat' dir='ltr'><strong>de</strong></span> <span class='ocrx_word' id='word_1_282' title='bbox 651 2413 730 2456; x_wconf 92' lang='lat' dir='ltr'><strong>illis</strong></span> <span class='ocrx_word' id='word_1_283' title='bbox 764 2426 942 2470; x_wconf 85' lang='lat' dir='ltr'><strong>namque</strong></span> <span class='ocrx_word' id='word_1_284' title='bbox 977 2413 1197 2469; x_wconf 81' lang='lat' dir='ltr'><strong>Apostolus</strong></span> <span class='ocrx_word' id='word_1_285' title='bbox 1230 2412 1279 2455; x_wconf 88' lang='lat' dir='ltr'><strong>ad</strong></span> <span class='ocrx_word' id='word_1_286' title='bbox 1316 2411 1561 2455; x_wconf 83' lang='lat' dir='ltr'><strong>Haebreos¹</strong></span> <span class='ocrx_word' id='word_1_287' title='bbox 1595 2414 1736 2455; x_wconf 92' lang='lat' dir='ltr'><strong>testiti-</strong></span> 
     </span>
     <span class='ocr_line' id='line_1_34' title="bbox 103 2480 1735 2539; baseline -0.001 -12"><span class='ocrx_word' id='word_1_288' title='bbox 103 2487 242 2527; x_wconf 83' lang='lat' dir='ltr'><strong>catur:</strong></span> <span class='ocrx_word' id='word_1_289' title='bbox 284 2480 475 2528; x_wconf 87' lang='lat' dir='ltr'><strong>«Omnis</strong></span> <span class='ocrx_word' id='word_1_290' title='bbox 509 2484 694 2527; x_wconf 82' lang='lat' dir='ltr'><strong>Pontifex</strong></span> <span class='ocrx_word' id='word_1_291' title='bbox 729 2497 779 2527; x_wconf 89' lang='lat' dir='ltr'><strong>ex</strong></span> <span class='ocrx_word' id='word_1_292' title='bbox 816 2484 1053 2527; x_wconf 83' lang='lat' dir='ltr'><strong>hominibus</strong></span> <span class='ocrx_word' id='word_1_293' title='bbox 1096 2488 1344 2538; x_wconf 79' lang='lat' dir='ltr'><strong>assumptus,</strong></span> <span class='ocrx_word' id='word_1_294' title='bbox 1390 2496 1462 2539; x_wconf 90' lang='lat' dir='ltr'><strong>pro</strong></span> <span class='ocrx_word' id='word_1_295' title='bbox 1496 2482 1735 2527; x_wconf 90' lang='lat' dir='ltr'><strong>hominibus</strong></span> 
     </span>
     <span class='ocr_line' id='line_1_35' title="bbox 102 2553 1733 2611; baseline -0.001 -13"><span class='ocrx_word' id='word_1_296' title='bbox 102 2556 364 2598; x_wconf 82' lang='lat' dir='ltr'><strong>constituitur</strong></span> <span class='ocrx_word' id='word_1_297' title='bbox 398 2556 436 2596; x_wconf 93' lang='lat' dir='ltr'><strong>in</strong></span> <span class='ocrx_word' id='word_1_298' title='bbox 473 2554 547 2609; x_wconf 77' lang='lat' dir='ltr'><strong>his,</strong></span> <span class='ocrx_word' id='word_1_299' title='bbox 581 2568 687 2611; x_wconf 88' lang='lat' dir='ltr'><strong>quae</strong></span> <span class='ocrx_word' id='word_1_300' title='bbox 719 2560 814 2598; x_wconf 89' lang='lat' dir='ltr'><strong>sunt</strong></span> <span class='ocrx_word' id='word_1_301' title='bbox 847 2556 896 2598; x_wconf 87' lang='lat' dir='ltr'><strong>ad</strong></span> <span class='ocrx_word' id='word_1_302' title='bbox 935 2555 1077 2597; x_wconf 86' lang='lat' dir='ltr'><strong>Deum.</strong></span> <span class='ocrx_word' id='word_1_303' title='bbox 1104 2559 1143 2596; x_wconf 89' lang='lat' dir='ltr'><strong>nt</strong></span> <span class='ocrx_word' id='word_1_304' title='bbox 1169 2554 1314 2596; x_wconf 82' lang='lat' dir='ltr'><strong>otl&#39;erat</strong></span> <span class='ocrx_word' id='word_1_305' title='bbox 1336 2553 1443 2596; x_wconf 67' lang='lat' dir='ltr'><strong>(lona</strong></span> <span class='ocrx_word' id='word_1_306' title='bbox 1468 2558 1507 2597; x_wconf 91' lang='lat' dir='ltr'><strong>et</strong></span> <span class='ocrx_word' id='word_1_307' title='bbox 1530 2555 1733 2597; x_wconf 85' lang='lat' dir='ltr'><strong>sacriticia</strong></span> 
     </span>
     <span class='ocr_line' id='line_1_36' title="bbox 103 2625 1735 2682; baseline -0.001 -15"><span class='ocrx_word' id='word_1_308' title='bbox 103 2638 176 2681; x_wconf 92' lang='lat' dir='ltr'><strong>pro</strong></span> <span class='ocrx_word' id='word_1_309' title='bbox 210 2628 411 2681; x_wconf 84' lang='lat' dir='ltr'><strong>peccatis:</strong></span> <span class='ocrx_word' id='word_1_310' title='bbox 446 2628 515 2682; x_wconf 85' lang='lat' dir='ltr'><strong>qui</strong></span> <span class='ocrx_word' id='word_1_311' title='bbox 549 2625 771 2669; x_wconf 82' lang='lat' dir='ltr'><strong>condolere</strong></span> <span class='ocrx_word' id='word_1_312' title='bbox 807 2628 932 2682; x_wconf 86' lang='lat' dir='ltr'><strong>possit</strong></span> <span class='ocrx_word' id='word_1_313' title='bbox 958 2625 1034 2677; x_wconf 80' lang='lat' dir='ltr'><strong>his,</strong></span> <span class='ocrx_word' id='word_1_314' title='bbox 1058 2627 1127 2681; x_wconf 91' lang='lat' dir='ltr'><strong>qni</strong></span> <span class='ocrx_word' id='word_1_315' title='bbox 1155 2627 1343 2680; x_wconf 79' lang='lat' dir='ltr'><strong>ignorant</strong></span> <span class='ocrx_word' id='word_1_316' title='bbox 1379 2629 1417 2667; x_wconf 89' lang='lat' dir='ltr'><strong>et</strong></span> <span class='ocrx_word' id='word_1_317' title='bbox 1451 2630 1613 2678; x_wconf 77' lang='lat' dir='ltr'><strong>errant3</strong></span> <span class='ocrx_word' id='word_1_318' title='bbox 1638 2638 1735 2681; x_wconf 85' lang='lat' dir='ltr'><strong>quo-</strong></span> 
     </span>
     <span class='ocr_line' id='line_1_37' title="bbox 103 2695 1736 2752; baseline 0.001 -16"><span class='ocrx_word' id='word_1_319' title='bbox 103 2696 212 2737; x_wconf 90' lang='lat' dir='ltr'><strong>niam</strong></span> <span class='ocrx_word' id='word_1_320' title='bbox 247 2699 287 2737; x_wconf 91' lang='lat' dir='ltr'><strong>et</strong></span> <span class='ocrx_word' id='word_1_321' title='bbox 320 2697 405 2751; x_wconf 88' lang='lat' dir='ltr'><strong>ipse</strong></span> <span class='ocrx_word' id='word_1_322' title='bbox 439 2696 722 2739; x_wconf 85' lang='lat' dir='ltr'><strong>circumdatus</strong></span> <span class='ocrx_word' id='word_1_323' title='bbox 755 2702 816 2740; x_wconf 93' lang='lat' dir='ltr'><strong>est</strong></span> <span class='ocrx_word' id='word_1_324' title='bbox 854 2698 1108 2745; x_wconf 88' lang='lat' dir='ltr'><strong>intirmitate,</strong></span> <span class='ocrx_word' id='word_1_325' title='bbox 1133 2700 1169 2738; x_wconf 83' lang='lat' dir='ltr'><strong>et</strong></span> <span class='ocrx_word' id='word_1_326' title='bbox 1196 2700 1412 2751; x_wconf 88' lang='lat' dir='ltr'><strong>propterea</strong></span> <span class='ocrx_word' id='word_1_327' title='bbox 1436 2695 1572 2746; x_wconf 67' lang='lat' dir='ltr'><strong>debet,</strong></span> <span class='ocrx_word' id='word_1_328' title='bbox 1596 2709 1736 2752; x_wconf 86' lang='lat' dir='ltr'><strong>quem-</strong></span> 
     </span>
     <span class='ocr_line' id='line_1_38' title="bbox 100 2764 1735 2822; baseline 0 -15"><span class='ocrx_word' id='word_1_329' title='bbox 100 2764 326 2808; x_wconf 87' lang='lat' dir='ltr'><strong>admodum</strong></span> <span class='ocrx_word' id='word_1_330' title='bbox 361 2779 433 2822; x_wconf 90' lang='lat' dir='ltr'><strong>pro</strong></span> <span class='ocrx_word' id='word_1_331' title='bbox 468 2766 630 2822; x_wconf 80' lang='lat' dir='ltr'><strong>populo,</strong></span> <span class='ocrx_word' id='word_1_332' title='bbox 667 2769 720 2810; x_wconf 88' lang='lat' dir='ltr'><strong>ita</strong></span> <span class='ocrx_word' id='word_1_333' title='bbox 754 2769 877 2810; x_wconf 91' lang='lat' dir='ltr'><strong>etiam</strong></span> <span class='ocrx_word' id='word_1_334' title='bbox 913 2771 951 2809; x_wconf 92' lang='lat' dir='ltr'><strong>et</strong></span> <span class='ocrx_word' id='word_1_335' title='bbox 988 2780 1059 2822; x_wconf 92' lang='lat' dir='ltr'><strong>pro</strong></span> <span class='ocrx_word' id='word_1_336' title='bbox 1092 2768 1314 2821; x_wconf 88' lang='lat' dir='ltr'><strong>semetipso</strong></span> <span class='ocrx_word' id='word_1_337' title='bbox 1356 2767 1504 2809; x_wconf 85' lang='lat' dir='ltr'><strong>otl&#39;erre</strong></span> <span class='ocrx_word' id='word_1_338' title='bbox 1540 2780 1611 2822; x_wconf 91' lang='lat' dir='ltr'><strong>pro</strong></span> <span class='ocrx_word' id='word_1_339' title='bbox 1647 2780 1735 2821; x_wconf 84' lang='lat' dir='ltr'><strong>pec·</strong></span> 
     </span>
    </p>
   </div>
   <div class='ocr_carea' id='block_1_4' title="bbox 222 2917 776 2964">
    <p class='ocr_par' dir='ltr' id='par_1_5' title="bbox 222 2917 776 2964">
     <span class='ocr_line' id='line_1_39' title="bbox 222 2917 776 2964; baseline 0 -12"><span class='ocrx_word' id='word_1_340' title='bbox 222 2918 233 2939; x_wconf 79' lang='lat'><strong>¹</strong></span> <span class='ocrx_word' id='word_1_341' title='bbox 262 2917 352 2963; x_wconf 81' lang='lat' dir='ltr'><strong>Cap.</strong></span> <span class='ocrx_word' id='word_1_342' title='bbox 383 2918 429 2962; x_wconf 88' lang='lat' dir='ltr'><strong>V,</strong></span> <span class='ocrx_word' id='word_1_343' title='bbox 459 2931 559 2953; x_wconf 83' lang='lat' dir='ltr'><strong>vers.</strong></span> <span class='ocrx_word' id='word_1_344' title='bbox 591 2922 607 2953; x_wconf 90' lang='lat'>1</span> <span class='ocrx_word' id='word_1_345' title='bbox 636 2924 670 2954; x_wconf 84' lang='lat' dir='ltr'><strong>et</strong></span> <span class='ocrx_word' id='word_1_346' title='bbox 698 2931 776 2964; x_wconf 84' lang='lat' dir='ltr'><strong>seq.</strong></span> 
     </span>
    </p>
   </div>
  </div>
 </body>
</html>
