1971 3261
171 116 265 153 Gan.
293 115 384 151 1082
672 116 757 150 Trr.
785 115 872 150 VII.
906 137 918 142 -
948 117 1005 152 De
1032 118 1290 151 Matrimonio
1726 116 1796 150 603

175 234 375 279 ditionem
400 239 440 278 et
463 237 792 291 acceptationem
819 237 906 279 lieri
931 237 982 280 de
1006 237 1158 294 quibus
1190 249 1330 293 supra,
1355 250 1461 294 quae
1483 251 1532 280 ex
1558 237 1706 282 Christi
1735 251 1802 279 vo-

174 304 328 348 luntate
363 306 470 348 inter
504 304 728 362 baptizatos
760 310 855 348 sunt
887 319 1052 363 semper
1083 313 1405 350 sacramentnm.

290 373 479 431 Cognitio
513 375 580 418 illa
614 377 737 419 etiam
771 379 859 420 siue
894 379 1164 421 instructione
1211 378 1379 434 speciali
1430 379 1674 423 naturaliter
1705 379 1803 423 obti-

173 450 294 490 netur
325 445 377 489 ob
411 450 584 489 naturae
619 447 814 503 physicae
849 450 1087 491 instinctum
1122 461 1169 491 ac
1202 462 1250 491 ex
1288 448 1350 491 his
1382 462 1489 506 quae
1523 449 1691 493 honesta
1728 452 1804 494 t're-

172 520 426 575 quentantur
459 518 498 559 in
532 519 744 561 societate.
790 517 881 561 lure
931 521 1057 575 igitur
1103 521 1245 562 statuit
1277 521 1304 571 ξ
1335 521 1378 561 2.
1413 518 1525 562 Ilaec
1558 520 1803 576 tyrini-antia

171 599 296 643 supra
331 589 369 629 in
404 587 446 640 §⁰
482 587 525 629 1⁰
558 587 768 631 declarata
797 595 894 646 post
915 588 1176 647 pubertatem
1202 590 1447 644 naturalem,
1473 593 1666 647 ‹piamvis
1701 594 1802 634 intra

171 661 349 701 aetatem
383 670 463 715 qua
503 660 613 700 «vir
646 663 685 702 et
720 659 869 702 mulier
904 662 1213 703 matrimonium
1253 660 1435 703 validum
1463 663 1575 704 inere
1606 675 1683 704 non
1720 675 1807 718 pos-

171 732 266 771 sunt
288 743 310 768 »
348 735 456 782 (cau.
493 728 640 786 1067),
674 743 755 773 non
786 730 1091 788 praesumatur,
1126 731 1325 787 implicite
1372 732 1551 775 admissa
1594 745 1805 788 praesum—

173 800 326 855 ptione,
358 811 481 856 quam
516 803 658 844 statuit
683 801 695 823 ¹
731 800 833 845 Alex
868 801 941 844 lll:
981 818 1001 841 «
1025 806 1118 844 ante
1157 800 1319 845 nubiles
1366 814 1495 845 annos
1542 803 1803 859 coniugalem

171 882 418 914 consensum
456 884 533 914 nou
568 871 719 915 habent
743 887 783 925 »,
817 885 911 915 cum
949 874 986 914 in
1033 873 1112 915 tine
1160 874 1307 928 capitis
1354 873 1543 916 admittat
1596 874 1804 917 Pontifex:

176 955 197 981 ((
218 943 293 984 nisi
312 941 492 985 carnalis
514 945 756 986 commixtio
779 948 873 986 ante
899 945 1185 997 intervenerit,
1209 956 1303 987 cum
1325 944 1532 986 interdum
1555 944 1621 987 illa
1643 949 1806 1001 tempus

172 1015 401 1070 anticipare
433 1012 563 1056 soleat
598 1013 839 1069 pubertatis.

291 1118 371 1154 482.
399 1122 532 1156 Error
558 1123 672 1154 circa
698 1130 928 1162 personam
957 1122 1106 1155 eiusve
1125 1121 1376 1163 qualitates.
1406 1141 1447 1145 —
1479 1134 1493 1152 (ι
1517 1120 1708 1155 Dicendum
1727 1132 1806 1156 cum

176 1178 213 1213 D.
239 1178 303 1213 Th.
325 1179 338 1201 ²
369 1193 383 1210 <r
403 1179 508 1224 quod,
540 1179 737 1224 ignorantia
763 1179 889 1220 differt,
915 1179 1123 1225 simpliciter
1158 1179 1344 1225 loquendo,
1373 1179 1417 1215 ab
1455 1190 1580 1221 errore,
1606 1181 1688 1226 quia
1715 1180 1807 1226 igno·

174 1237 290 1273 rantia
314 1237 356 1273 de
382 1237 434 1272 sui
463 1237 598 1273 ratione
626 1248 694 1273 non
722 1238 888 1284 importat
913 1238 1066 1283 aliquem
1093 1238 1306 1283 cognitionis
1331 1243 1470 1279 actum;
1504 1239 1562 1274 sed
1589 1249 1684 1274 error
1711 1239 1806 1285 ponit

173 1295 341 1331 iudicium
370 1296 516 1332 rationis
543 1307 743 1342 perversum
769 1297 892 1341 (idest:
924 1296 1064 1341 falsum)
1091 1297 1134 1332 de
1159 1297 1289 1342 aliquo.
1319 1297 1450 1333 Tamen
1478 1297 1521 1332 ad
1549 1298 1613 1333 hoc
1638 1299 1728 1343 quod
1757 1304 1807 1333 est

174 1355 342 1401 impedire
368 1355 619 1399 voluntarium,
648 1366 719 1390 nou
748 1355 863 1391 differt
889 1360 1006 1390 utrum
1033 1355 1170 1391 dicatur
1193 1356 1392 1401 ignorantia
1413 1356 1463 1392 vel
1481 1367 1589 1398 error,
1610 1358 1689 1402 quia
1710 1357 1808 1392 nulla

174 1414 374 1459 ignorantia
401 1418 512 1460 potest
539 1414 709 1460 impedire
735 1414 985 1455 voluntarium,
1014 1415 1079 1449 nisi
1113 1426 1201 1460 quae
1228 1415 1331 1450 babet
1356 1426 1507 1451 errorem
1533 1416 1752 1458 adiunctum,
1770 1427 1809 1451 eo

173 1473 264 1519 quod
289 1477 388 1508 actus
414 1474 605 1508 voluntatis
633 1474 882 1520 praesupponit
915 1474 1195 1509 aestimationem
1233 1474 1305 1510 sive
1340 1474 1509 1509 iudicium
1545 1475 1587 1510 de
1612 1475 1743 1521 aliquo,
1773 1476 1807 1510 in

174 1532 264 1579 quod
289 1532 414 1568 fertur:
442 1532 535 1568 unde
561 1533 587 1567 si
616 1537 667 1568 est
695 1532 740 1567 ibi
769 1532 980 1578 ignorantia,
1006 1537 1140 1580 oportet
1166 1533 1211 1568 ibi
1246 1544 1323 1569 esse
1342 1544 1507 1569 errorem.
1538 1533 1576 1569 Et
1602 1534 1678 1570 ideo
1703 1535 1805 1570 etiam

176 1591 318 1638 ponitur
343 1603 441 1628 error
467 1591 517 1636 (in
544 1592 773 1638 sequentibus
791 1592 1002 1637 canonibus)
1021 1592 1121 1638 quasi
1140 1603 1246 1628 causa
1266 1592 1422 1639 proxima
1442 1607 1472 1628 ».
1501 1593 1696 1639 Propterea,
1717 1594 1806 1639 quod

173 1662 287 1687 canon
315 1662 428 1698 praec.
453 1651 603 1687 asseruit
628 1651 670 1687 de
696 1652 896 1697 ignorantia
922 1651 1141 1697 intelligatur
1159 1652 1263 1688 etiam
1283 1652 1325 1688 de
1343 1663 1458 1688 errore
1483 1653 1575 1688 circa
1594 1653 1808 1688 matrimonii

174 1715 350 1755 naturam,
380 1710 530 1747 scilicet:
564 1722 670 1747 «esse
696 1712 895 1747 societatem
926 1716 1190 1757 permanentem
1217 1711 1318 1758 (quin
1346 1711 1472 1756 cogitet
1497 1712 1539 1747 de
1566 1712 1811 1758 perpetuitate)

174 1770 265 1806 inter
290 1770 403 1805 virum
430 1774 463 1806 et
490 1770 672 1806 mulierem
693 1771 794 1816 (quin
812 1770 917 1805 simul
935 1775 1014 1806 actu
1035 1770 1195 1806 intendat
1215 1771 1448 1817 pluralitatem
1470 1772 1633 1816 uxorum)
1657 1771 1701 1806 ad
1721 1771 1810 1806 filios

177 1829 458 1875 procreandos».
492 1848 523 1852 -
561 1829 698 1865 Praeter
725 1830 816 1865 banc
841 1830 1029 1865 essentiam
1057 1829 1180 1865 obiecti
1210 1830 1243 1864 in
1272 1830 1362 1875 quod
1405 1841 1463 1876 per
1489 1830 1703 1866 intellectum
1731 1830 1810 1866 diri-

175 1888 270 1934 gitur
294 1899 486 1924 consensus
525 1889 809 1931 matrimonialis,
840 1888 1072 1924 «essentiales
1108 1889 1322 1924 matrimonii
1362 1890 1425 1933 (uti
1453 1889 1576 1925 obiecti
1604 1893 1809 1933 consensus)

177 1948 404 1994 proprietates
444 1952 526 1982 sunt
566 1947 683 1983 unitas
720 1958 760 1983 ac
800 1948 1092 1983 indissolubilitas
1113 1962 1127 1980 »
1162 1951 1253 1991 (ran.
1282 1946 1386 1989 1013,
1412 1952 1431 1990 ξ
1457 1948 1506 1991 2),
1536 1959 1624 1994 quae
1650 1949 1810 1995 quamvis

174 2006 361 2042 distinctae
386 2007 430 2042 ab
458 2006 530 2050 illo,
555 2012 638 2042 sunt
665 2007 917 2053 inseparabiles
945 2012 1083 2053 propter
1110 2007 1163 2041 ius
1188 2007 1348 2042 divinum
1376 2007 1448 2043 sive
1474 2008 1634 2044 naturale
1659 2008 1731 2043 sive
1758 2019 1810 2052 po-

173 2065 331 2107 sitivum,
359 2071 392 2101 et
416 2077 455 2102 ex
484 2066 547 2103 hoc
572 2066 801 2102 confirmatae
828 2077 887 2113 per
919 2066 1129 2102 sacramenti
1168 2066 1375 2111 dignitatem
1415 2067 1527 2112 quoad
1559 2081 1574 2099 «
1593 2072 1808 2103 contractum

175 2125 472 2161 matrimonialem
500 2125 591 2161 inter
617 2125 810 2172 baptizatos
829 2140 844 2158 ι)
875 2127 970 2170 (can.
1003 2124 1104 2168 1012,
1131 2129 1150 2167 ἓ
1181 2126 1225 2169 l).
1253 2124 1342 2161 Hinc
1376 2125 1532 2162 accidere
1567 2130 1676 2172 potest
1702 2126 1811 2173 quoad

175 2184 256 2220 illas
281 2184 434 2231 sinqutas
456 2185 677 2232 proprietates
702 2184 753 2220 vel
778 2184 974 2231 diqnitatem
1000 2196 1103 2225 error,
1131 2184 1188 2230 qui
1212 2184 1307 2236 *sicut
1325 2189 1358 2220 et
1378 2185 1587 2231 praecedens
1613 2185 1723 2232 quoad
1740 2197 1809 2220 ma-

176 2243 328 2279 trimonii
352 2243 532 2279 essentiam
558 2244 724 2279 dicuntur
749 2255 877 2279 errores
904 2243 1001 2284 iuris,
1027 2254 1067 2278 ac
1095 2242 1233 2289 proprie
1259 2243 1341 2289 quia
1367 2248 1450 2278 sunt
1475 2243 1517 2279 de
1540 2243 1594 2278 bis
1620 2255 1709 2290 quae
1736 2244 1808 2279 iura

176 2307 349 2343 statuunt,
377 2302 506 2348 quibus
531 2302 664 2338 accedit
690 2302 811 2338 tertius
838 2314 932 2337 error
956 2306 1130 2348 quatenus
1156 2312 1351 2337 consensus
1379 2302 1593 2338 matrimonii
1621 2302 1810 2348 singutar²s

177 2361 250 2396 dari
266 2361 367 2397 debet
386 2376 400 2394 (ι
417 2362 508 2397 inter
524 2373 690 2408 personas
704 2362 778 2398 iure
793 2361 926 2397 habiles
940 2362 995 2406 (ac
1009 2362 1097 2405 esse)
1117 2360 1270 2405 legitime
1286 2361 1530 2396 manifestatus
1546 2375 1560 2393 »
1580 2364 1672 2405 (can.
1696 2360 1810 2406 1081),

176 2424 211 2455 et
237 2420 316 2466 quis
341 2421 553 2457 contrahens
581 2426 701 2467 putare
729 2421 814 2456 falso
843 2425 951 2466 potest
978 2431 1145 2466 personas
1165 2419 1216 2455 vel
1237 2419 1556 2456 manifestationem
1581 2420 1732 2456 fraudari
1753 2432 1810 2456 ne-

176 2481 326 2515 cessaria
353 2479 572 2525 legitimitate
597 2480 641 2515 ad
668 2484 868 2515 contractus
896 2479 1125 2515 validitatem.
1148 2499 1186 2504 —
1211 2478 1366 2526 Denique
1386 2479 1438 2514 ius
1457 2479 1548 2525 quod
1575 2479 1715 2526 respicit
1734 2491 1810 2514 con-

177 2550 302 2575 sensus
317 2539 587 2575 matrimonialis
605 2545 656 2575 est
679 2554 694 2572 «
717 2539 752 2574 in
772 2551 897 2586 corpus
916 2554 930 2572 »
952 2539 1155 2576 alterutrius
1173 2539 1429 2581 contrahentis,
1445 2550 1526 2585 ergo
1545 2540 1581 2574 in
1601 2551 1810 2586 unoquoque

178 2598 401 2634 matrimonio
429 2609 594 2645 personas
619 2599 867 2635 contrahentes
886 2599 1011 2645 inspici
1030 2603 1164 2645 oportet
1182 2609 1320 2645 quoque
1345 2598 1393 2634 uti
1414 2598 1588 2635 obiectum
1608 2603 1807 2634 contractus

178 2657 457 2701 matrimonialis,
485 2658 567 2704 quia
593 2669 685 2693 error
710 2657 796 2704 facti
828 2657 916 2693 circa
943 2657 1023 2693 illas
1063 2662 1176 2704 posset
1212 2657 1333 2693 vitiare
1370 2668 1579 2693 consensum
1610 2658 1644 2692 in
1675 2658 1811 2704 proprio

177 2717 253 2752 cius
278 2716 424 2752 obiecto.

244 2827 308 2905 LI¹
337 2823 426 2904 Cap
453 2822 548 2904 {de
574 2823 877 2869 desponsatione
905 2823 1165 2869 impuberum,
1191 2823 1257 2857 tit.
1285 2824 1307 2856 2
1335 2823 1421 2858 Lib.
1437 2823 1504 2865 IV,
1521 2823 1571 2857 X.
1589 2844 1631 2848 -
1648 2824 1661 2845 2
1677 2822 1811 2867 Suppl.

179 2884 214 2917 q.
323 2883 357 2905 a.
434 2882 456 2905 a
532 2876 570 2904 ¹³¹.
