1971 3261
158 102 225 136 158
550 101 636 134 LJB.
663 100 736 134 III.
765 121 777 126 -
804 101 915 135 PARS
940 101 971 135 Ι.
1001 121 1013 126 -
1039 101 1096 135 De
1121 100 1386 135 Sacramentz's
1592 99 1685 136 Gan.
1711 101 1783 136 826

157 225 289 264 rent...
317 222 579 272 monasterio,
605 219 1013 264 confraternitatibus
1035 225 1104 264 aut
1128 219 1228 263 locis
1251 221 1328 276 piis
1348 219 1681 277 quibuscumque
1705 236 1727 262 »
1751 221 1781 275 ²,

152 305 259 349 quae
295 290 507 348 applicari
541 304 620 333 non
664 296 843 348 possunt
877 290 1063 348 qualibet
1095 304 1144 334 ex
1178 303 1302 334 causa
1334 290 1375 346 a)
1409 290 1451 332 in
1482 291 1658 348 proprio
1691 290 1779 335 loco

153 361 220 404 ubi
256 361 450 404 fundatae
483 365 593 415 sunt,
645 374 679 403 v.
716 375 751 415 g.
789 362 827 403 in
860 360 1052 415 ecclesia,
1086 363 1152 418 pio
1201 360 1302 415 loco,
1338 360 1377 414 b)
1409 366 1482 403 aut
1524 359 1573 403 ab
1620 361 1675 404 iis
1707 362 1779 420 qui

151 445 220 474 eas
254 431 471 488 applicare
502 430 695 473 deberent
734 444 770 472 v.
805 444 866 487 gr.
901 444 922 475 a
948 432 1227 486 beneficiario,
1250 443 1272 475 a
1296 433 1533 474 monasterii
1559 431 1775 488 religiosis,

149 500 373 544 sectantum
408 500 572 543 tabulas
604 500 889 558 fundationi-s,
914 502 965 545 de
989 502 1139 559 quibus
1177 502 1358 558 loquitur
1395 501 1553 546 Titulus
1576 501 1691 545 XXX
1719 505 1777 545 in-

149 574 326 628 scriptus
363 588 384 611 «
408 571 465 614 De
500 573 576 628 piis
610 571 985 629 fundationibus»,
1034 579 1072 615 el
1106 572 1198 616 ideo
1232 586 1311 615 non
1362 585 1434 629 pro
1469 572 1585 616 libitu
1634 577 1776 616 contra

150 643 238 686 illas
272 642 443 686 tabulas.
478 648 538 685 ast
572 641 623 685 cle
656 643 761 695 iure,
794 646 826 686 si
871 643 986 687 locus
1017 643 1254 687 sacerdotes
1286 642 1543 694 celebrantes
1590 657 1669 687 non
1705 644 1775 687 ha-

149 714 254 768 beat,
293 713 355 757 vel
389 713 553 757 tabulae
600 714 852 757 fundationis
886 714 1022 758 taliter
1055 715 1287 771 disponant,
1322 720 1397 757 ant
1439 714 1624 757 Sanctae
1656 714 1776 758 Sedis

149 783 325 839 indulto,
360 785 526 842 quando
560 787 598 827 in
623 787 877 828 contrarium
920 786 1172 829 fundationis
1195 798 1319 841 agere
1352 790 1552 841 oporteat,
1576 784 1676 828 aliis
1707 800 1772 828 sa-

147 854 381 898 cerdotibus
417 854 648 898 tradendae
683 861 793 906 sunt,
829 869 879 899 ne
912 858 951 898 in
987 858 1148 899 irritum
1174 856 1293 899 cedat
1316 855 1514 909 fundatio,
1550 861 1594 897 ut
1626 855 1774 898 iisdem

145 925 356 981 satisfiat:
391 931 558 983 propter
590 939 712 983 quam
740 926 1002 970 traditionem
1042 926 1154 969 velut
1195 926 1245 969 ad
1281 938 1463 976 manum,
1498 928 1691 982 quamvis
1723 939 1772 969 ex

145 997 382 1040 fundatione
417 1000 676 1054 proveniant,
713 998 810 1041 «ad
845 1000 973 1041 instar
1009 997 1307 1040 manualium»
1336 996 1609 1052 appellantur.

178 1058 184 1063 ⁶
260 1067 359 1126 §3
393 1067 490 1111 Atta
540 1067 754 1126 stipendia
801 1082 908 1125 qeccte
942 1082 993 1111 ez:
1041 1067 1343 1125 ,translationum
1386 1065 1591 1110 reditibus
1636 1068 1772 1124 perci-

140 1137 320 1195 piuntur
351 1150 373 1181 a
406 1138 692 1182 sacerdotibus
726 1141 871 1182 missas
919 1137 1235 1195 applicantibus,
1270 1151 1363 1181 cum
1413 1137 1651 1181 exclusione
1694 1140 1770 1181 cir-

143 1212 501 1253 cumstantiarium
521 1209 548 1267 ἓ
572 1210 622 1264 2³,
649 1210 743 1253 hinc.
772 1225 791 1249 «
812 1209 890 1252 alia
914 1225 935 1250 J)
964 1208 1016 1253 ab
1039 1212 1097 1252 eis
1120 1207 1608 1266 appella-nturfundata,
1633 1213 1773 1265 utpote

143 1292 191 1322 ex
228 1280 468 1323 fundatione
503 1283 802 1336 provenientia,
852 1294 922 1322 seu
958 1279 1117 1323 Missae
1149 1279 1357 1337 fundatae
1402 1278 1526 1322 veluti
1562 1278 1771 1322 obiectum

142 1350 347 1394 directum
383 1353 473 1407 piae
507 1352 769 1395 fundationis.

263 1466 339 1503 141.
367 1470 511 1503 Vetita
539 1472 854 1511 negociationis
880 1471 1045 1510 species
1073 1471 1124 1502 de
1152 1459 1380 1503 miss'arum
1409 1470 1650 1510 stipendiis.
1670 1467 1769 1502 —ln

145 1526 237 1561 ner-0.
273 1541 286 1557 (ι
319 1526 359 1562 [t
384 1527 499 1562 debita
529 1542 543 1559 »
574 1532 742 1562 statutum
771 1527 852 1562 fuit:
884 1541 897 1558 a
927 1525 964 1561 80
994 1527 1143 1561 Vetitnm
1164 1527 1289 1572 cuique
1314 1526 1459 1561 omnino
1485 1536 1558 1561 esse
1585 1526 1770 1561 missarum

140 1586 371 1630 obligationes
397 1591 429 1621 et
455 1586 610 1632 ipsarum
640 1586 881 1633 eleemosynas
907 1597 927 1622 a
954 1586 1115 1621 fidelibus
1144 1586 1194 1621 vel
1216 1586 1298 1621 locis
1327 1586 1391 1630 piis
1409 1590 1568 1631 acceptas
1587 1587 1682 1630 (ergo
1699 1596 1769 1621 non

141 1645 202 1688 sic,
231 1646 372 1690 quando
399 1646 511 1691 primo
530 1646 792 1680 constituuntur
818 1645 1063 1690 obligationes)
1082 1645 1216 1680 tradere
1235 1645 1433 1690 bibliopolis
1450 1649 1483 1680 et
1510 1644 1769 1685 mercatoribus

140 1703 331 1738 diariorum
359 1708 392 1739 et
417 1704 681 1750 ephemeridum
708 1703 1064 1744 administratoribus,
1093 1703 1228 1739 etiamsi
1258 1703 1406 1748 religiosi
1436 1703 1498 1737 viri
1520 1703 1603 1744 sint,
1633 1713 1768 1738 necnon

141 1763 377 1797 venditoribus
402 1774 578 1798 sacrorum
606 1763 808 1799 utensilium
843 1768 875 1799 et
902 1763 1200 1803 indumentorum,
1244 1762 1403 1808 quamvis
1444 1762 1500 1808 pia
1539 1766 1572 1797 et
1610 1751 1772 1806 religiosal

141 1822 309 1862 instituta,
336 1827 369 1857 et
393 1822 587 1867 generatim
616 1822 882 1868 quibuslibet,...
912 1823 969 1868 qui
999 1822 1123 1857 missas
1149 1822 1342 1867 requirant.
1376 1832 1445 1856 non
1473 1821 1625 1856 taxative
1650 1825 1688 1855 ut
1712 1831 1770 1856 eas

138 1880 357 1918 celebrent...
385 1881 506 1916 saltem
537 1892 595 1927 per
621 1882 816 1916 sacerdotes
841 1881 907 1916 sibi
927 1881 1096 1922 subditos,
1117 1881 1176 1916 sed
1203 1881 1246 1915 ob
1265 1881 1373 1915 alium
1394 1880 1594 1926 quemlibet,
1610 1879 1770 1925 quamvis

141 1940 311 1986 optimum
340 1940 445 1976 finem
467 1956 499 1974 ».
532 1940 630 1976 Ratio
657 1941 829 1986 sequitur:
862 1956 875 1971 <t
894 1939 1057 1976 Constitit
1084 1940 1178 1975 enim
1207 1939 1240 1974 id
1266 1940 1351 1974 ellici
1380 1950 1450 1974 non
1479 1949 1579 1984 posse
1606 1939 1656 1983 (in
1673 1938 1768 1984 praxi

140 1999 182 2034 ob
196 2000 464 2045 experientiam)
485 1999 551 2034 nisi
573 1999 713 2045 aliquod
732 1999 931 2035 commercii
951 2010 1061 2044 genus
1078 2010 1156 2034 cum
1175 1998 1406 2045 eleemosynis
1421 1998 1607 2033 missarum
1625 1997 1769 2042 agendo,

139 2063 199 2093 aut
225 2058 468 2105 eleemosynas
495 2059 588 2104 ipsas
614 2059 878 2094 imminuendo:
917 2058 1006 2104 quod
1034 2063 1221 2103 utrumque
1247 2057 1440 2103 praecaveri
1469 2057 1593 2092 debere
1619 2055 1654 2092 S.
1684 2055 1771 2092 Con-

139 2117 291 2162 gregatio
317 2118 468 2152 censuit.
500 2118 719 2163 Quapropter
746 2118 781 2152 in
810 2122 987 2163 posterum
1008 2116 1153 2162 quilibet
1180 2117 1272 2151 hanc
1295 2116 1404 2161 legem
1433 2116 1559 2151 violare
1590 2126 1768 2161 praesum-

140 2176 258 2221 pserit,
285 2181 345 2211 aut
363 2175 520 2211 'scienter
559 2176 727 2211 tradendo
767 2176 889 2211 missas
927 2181 965 2211 ut
1000 2186 1118 2222 supra,
1147 2180 1207 2210 aut
1244 2186 1302 2210 eas
1326 2175 1540 2221 acceptando
1564 2185 1668 2220 grave
1693 2185 1768 2220 pec-

138 2239 252 2268 catum
293 2234 469 2279 patrabit..
493 2261 515 2268 ..
546 2255 588 2259 -—
616 2233 653 2267 90
727 2234 940 2275 decernitur,
983 2245 1041 2279 pro
1068 2233 1184 2268 missis
1213 2233 1452 2274 manualibus,
1478 2233 1601 2279 stipem
1640 2243 1660 2268 a
1687 2232 1768 2268 fide—

139 2292 229 2328 libus
254 2292 480 2337 assignatam.
511 2298 544 2328 et
572 2304 632 2339 pro
659 2293 815 2330 missis...
838 2296 942 2339 (quae
967 2293 1010 2328 ad
1037 2293 1150 2328 instar
1180 2292 1399 2327 manualium
1420 2292 1654 2336 celebrantur)
1685 2291 1769 2327 elee-

139 2362 321 2398 mosynam
361 2363 455 2387 nunc
494 2352 589 2387 iuxta
627 2358 811 2398 sequentes
849 2363 1002 2388 canones
1042 2352 1443 2398 p1·0priam‚nunquam
1477 2351 1629 2397 separari
1670 2360 1768 2396 posse

137 2422 157 2445 a
183 2411 309 2446 missae
334 2411 580 2453 celebratione,
608 2422 723 2457 neque
758 2412 793 2446 in
823 2411 911 2447 alias
944 2422 998 2446 res
1028 2411 1232 2446 commutari
1268 2415 1328 2446 aut
1358 2409 1580 2453 imminui,...
1621 2409 1768 2444 sublatis

136 2469 432 2505 declarationibus
473 2476 505 2505 et
541 2470 773 2516 (amplissime
807 2470 1088 2516 quibuscumque
1127 2469 1423 2512 concessionibus)
1468 2469 1549 2504 huic
1587 2468 1651 2512 legi
1689 2478 1769 2503 con-

137 2529 252 2563 trariis
279 2551 320 2553 —
353 2526 412 2563 [00
437 2529 628 2575 ideoque...
660 2530 874 2575 quaslibet...
904 2541 958 2565 res
979 2530 1130 2565 vendere
1155 2535 1215 2564 aut
1241 2540 1365 2571 emere,
1393 2533 1424 2564 et
1443 2527 1690 2564 associationes
1715 2529 1768 2572 (ut

137 2589 270 2633 vocant)
305 2599 384 2623 cum
411 2589 531 2624 diariis
580 2594 613 2624 et
654 2589 936 2635 ephemeridibus
963 2589 1051 2624 inire
1089 2599 1152 2635 ope
1193 2589 1396 2629 missarum,
1430 2588 1528 2624 nefas
1565 2598 1640 2623 esse
1665 2591 1768 2632 atque

136 2648 282 2683 omnino
309 2647 495 2693 prohiberi.
536 2646 608 2683 Hoc
633 2653 750 2684 autem
790 2648 962 2689 valere‚...
991 2647 1094 2683 etiam
1136 2645 1312 2692 si'agatur
1342 2647 1383 2682 de
1421 2646 1537 2681 missis
1574 2645 1766 2688 celebratis,

137 2706 271 2752 quoties
299 2706 331 2741 id
361 2706 394 2740 in
432 2717 533 2741 usum
561 2711 593 2742 et
619 2707 862 2742 habitudinem
903 2707 1015 2751 cedat,
1043 2711 1077 2741 et
1104 2706 1139 2740 in
1169 2706 1365 2741 subsidium
1396 2705 1543 2740 alicuius
1569 2703 1766 2740 commercii

257 2849 266 2869 1
294 2847 401 2881 Decl.
434 2847 471 2881 S.
501 2846 541 2881 C.
571 2849 611 2881 C.
645 2848 686 2881 19
719 2849 810 2882 Dec.
832 2848 933 2881 1904.
