1971 3261
174 174 215 203 111
758 166 840 199 Lus.
868 165 937 198 III.
965 184 976 189 -
1003 164 1059 198 De
1087 164 1196 197 rebus·
1509 163 1602 199 Can.
1636 163 1791 199 729-730

170 289 388 330 dimine».
417 286 500 328 Hoc
533 287 757 340 supposito,
793 283 858 325 ille
892 296 970 324 non
1005 281 1110 339 facil
1143 280 1310 338 fruetus
1343 295 1455 335 suos,
1476 284 1572 339 quia
1599 282 1789 326 beneficii

173 359 352 412 provisio
387 360 523 411 utpote
558 355 665 397 nulla
701 366 779 396 non
813 354 1037 396 secuml'ert
1070 351 1268 394 iuridicos
1301 352 1485 406 effectus,
1508 354 1612 396 sicut
1638 352 1705 396 ille
1728 358 1789 396 est

174 426 345 469 «libere
380 426 518 468 utendi
556 424 714 467 fruendi
750 422 949 466 tractibus
985 420 1296 465 beneficialibus
1329 423 1398 478 qui
1442 422 1492 465 ad
1537 424 1626 466 eius
1664 423 1789 466 bone-

170 502 272 539 stam
306 497 640 538 sustentationem
686 495 763 536 sint
810 494 1074 536 necessarii»
1112 491 1161 534 ad
1198 503 1387 534 normam
1421 504 1512 535 can.
1547 492 1684 546 14733
1718 493 1789 536 sed

169 566 425 609 considerata
460 565 690 607 ditl'erentia
726 565 830 605 inter
864 564 997 618 ipsum
1031 563 1304 605 simoniacum
1330 561 1578 606 beneficium
1603 562 1790 606 obtinen-

170 642 264 681 tem.
289 640 410 692 atspie
437 637 646 691 provisum
672 648 719 677 ex
745 635 919 676 simonia
953 645 974 676 a
1008 634 1127 675 tertia
1162 644 1336 689 persona
1369 635 1605 684 commissa,
1625 633 1792 690 quando

168 709 290 748 etiam
322 722 340 745 «
366 707 545 761 provisio
583 707 618 746 vi
653 709 764 747 caret
790 719 808 744 >³
849 706 961 746 iuxta
998 705 1172 759 primam
1198 706 1367 747 canonis
1394 708 1566 760 partem,
1587 704 1791 747 huiusfa-

173 779 258 817 rori
293 778 515 831 respiciens
547 787 677 818 canon
710 774 940 830 sublungit:
975 772 1084 831 quod
1116 773 1153 816 si
1187 787 1255 817 eos
1279 774 1444 832 (supple
1477 775 1652 831 fructus)
1677 787 1792 831 prae·

167 847 298 889 dictos
329 845 432 887 bonu
475 844 555 901 sicle
589 845 823 902 perceperil
866 858 915 887 ex
960 844 1099 888 delicti
1146 846 1346 888 simoniae
1390 847 1665 900 immunitate,
1694 859 1795 904 pru·

166 917 335 959 dentiae
368 915 520 958 iudicis
552 919 796 958 sententiam
833 915 1000 958 ferentis
1034 915 1085 958 de
1121 914 1307 958 nullitate
1343 917 1591 972 provisionis
1623 915 1686 959 vel
1713 915 1792 959 Or-

166 986 329 1028 ‹lz'narii
363 986 539 1042 idipsum
574 986 824 1030 declarantis
849 985 909 1029 vel
934 986 1218 1030 dimissionem
1243 989 1511 1043 acceptantis,
1525 987 1794 1045 permittitur

168 1059 207 1098 vi
234 1056 353 1100 liuius
376 1059 545 1100 canonis
566 1057 731 1114 linceius
752 1061 986 1114 perceptos,
1012 1069 1090 1099 non
1119 1070 1218 1100 vero
1240 1070 1310 1100 eos
1333 1059 1402 1114 qui
1428 1057 1608 1101 nondum
1641 1059 1792 1101 fuerint

170 1129 364 1183 percepti,
398 1129 592 1184 quamvis
625 1132 811 1184 tempore
845 1127 894 1170 ad
930 1127 1096 1170 eosdem
1134 1127 1423 1183 percipiendos
1456 1130 1537 1170 iam
1571 1133 1793 1182 transacto,

166 1210 217 1239 θα·
251 1203 334 1240 toto
371 1197 431 1240 vel
463 1211 514 1240 ezr
543 1203 668 1254 parte
700 1198 833 1240 eidem
866 1197 1118 1242 condomare.
1152 1196 1269 1250 Quae
1302 1198 1550 1242 condonatio
1583 1199 1792 1242 fructuum

165 1268 217 1311 ob
253 1268 350 1311 illud
385 1270 542 1312 crimen
572 1271 772 1312 simoniae
797 1271 945 1312 iniuste
979 1281 1026 1312 ac
1058 1268 1321 1325 culpabiliter
1346 1274 1637 1326 perceptorum
1664 1274 1793 1326 potest

166 1352 215 1381 ex
241 1352 378 1393 causa,
406 1339 573 1396 quando
607 1341 764 1383 crimen
798 1342 849 1382 sit
881 1340 1105 1393 occultum,
1129 1339 1305 1383 obtineri
1339 1352 1360 1383 a
1394 1340 1432 1384 S.
1460 1340 1791 1384 Poenitentiaria.

284 1409 323 1450 7.
360 1410 518 1455 Casus
551 1411 841 1466 apparentis
880 1423 977 1455 non
1020 1423 1170 1456 verae
1208 1411 1462 1456 simoniae.
1495 1408 1543 1452 D.
1578 1409 1757 1454 Thomas
1780 1411 1792 1432 ¹

165 1481 350 1534 scripsit:
392 1479 561 1536 «quod,
595 1481 701 1523 sicut
733 1485 991 1523 sacramenta
1026 1480 1222 1523 dicuntur
1265 1482 1511 1536 spirituatia,
1545 1484 1642 1538 quia
1675 1483 1793 1537 spiri-

167 1550 317 1592 tualem
354 1551 571 1593 conferunt
607 1552 809 1606 gratiam;
844 1552 897 1593 ita
931 1552 1054 1593 etiam
1090 1550 1294 1608 quaedam
1330 1550 1407 1594 alia
1443 1551 1642 1594 dicuutur
1673 1553 1792 1608 spiri-

167 1619 304 1674 tualia
339 1622 435 1676 quia
470 1634 519 1663 ex
553 1620 756 1676 spirituali
791 1622 923 1676 gratia
959 1621 1201 1676 procedunt,
1235 1626 1273 1664 et
1313 1622 1362 1665 ad
1411 1634 1501 1665 eam
1546 1621 1792 1678 disponunt:

165 1702 270 1745 quae
304 1695 439 1734 tamen
476 1704 547 1747 per
581 1691 793 1733 hominum
820 1693 1093 1734 ministerium
1119 1691 1384 1742 exhibentur,
1408 1695 1462 1745 (v.
1484 1706 1544 1748 gr.
1572 1693 1794 1749 applicatio

165 1764 415 1804 sacrosancti
450 1763 657 1814 sacriticii,
692 1764 914 1818 exsequiae
948 1762 1253 1816 defunctorum,
1287 1762 1400 1820 etc),
1434 1776 1537 1820 quos
1576 1768 1738 1819 oportet
1771 1777 1791 1807 a

168 1832 316 1887 populo
350 1835 584 1885 sustentari,
617 1835 681 1875 eui
716 1832 945 1887 spiritualia
970 1833 1272 1887 administrant,
1306 1835 1536 1878 secundum
1563 1834 1661 1878 illud
1687 1834 1791 1892 (lad

164 1900 255 1945 Cor.
293 1901 359 1953 tx,
394 1902 459 1958 7):
498 1907 520 1922 ‘⁸
546 1901 647 1955 Quis
683 1902 827 1945 militat
862 1906 946 1946 suis
979 1904 1196 1959 stipendiis
1231 1905 1488 1961 unquam·?...
1524 1905 1627 1959 Quis
1663 1907 1789 1961 pascit

165 1986 350 2028 gregem,
384 1977 421 2015 et
457 1973 506 2016 (le
542 1973 643 2016 lacte
668 1976 806 2030 gregis
831 1987 908 2016 non
937 1974 1190 2018 manducat?
1210 2010 1247 2030 ,,.
1284 1974 1330 2017 Et
1357 1975 1448 2018 ideo
1475 1975 1657 2019 vendere
1680 1976 1787 2033 quod

164 2043 377 2097 spirituale
412 2049 470 2086 est
507 2046 543 2085 in
581 2044 814 2087 huiusmodi
841 2045 1001 2087 actibus
1025 2049 1094 2087 aut
1119 2058 1272 2098 emere,
1293 2048 1565 2089 simoniacum
1601 2051 1674 2089 est.
1708 2046 1787 2090 Sed

166 2115 355 2169 accipere
399 2119 469 2156 aut
513 2115 611 2157 (lare
651 2115 806 2172 aliquid
854 2129 925 2171 pro
969 2118 1266 2158 sustentatione
1312 2118 1631 2160 ministrantium
1671 2119 1793 2173 spiri-

167 2183 303 2234 tualim
339 2184 568 2227 secundum
603 2185 905 2228 ordinationem
941 2185 1151 2229 Ecclesiae
1174 2191 1243 2229 aut
1267 2187 1608 2232 consuetudinem
1644 2200 1795 2244 appro—

170 2254 318 2303 batam,
354 2254 508 2297 licitum
543 2260 624 2299 est:
674 2258 724 2298 ita
768 2261 902 2299 tamen
948 2257 1055 2313 quod
1098 2257 1201 2300 desit
1246 2259 1416 2300 intentio
1460 2260 1681 2314 emptionis
1727 2257 1791 2302 vel

171 2326 428 2370 venditionis.
465 2331 501 2368 et
536 2327 644 2382 quod
682 2326 732 2369 ab
769 2329 907 2370 invitis
941 2340 1019 2370 non
1055 2330 1247 2383 exigatur
1282 2341 1352 2384 per
1385 2328 1661 2384 spiritualium
1696 2327 1792 2372 sub-

168 2398 425 2450 tractionem,
459 2409 564 2453 quae
598 2402 689 2440 sunt
725 2397 981 2444 exhibenda:
1016 2398 1092 2441 hoc
1115 2401 1224 2441 enim
1252 2398 1420 2442 liaberet
1444 2399 1666 2455 quamdam
1695 2412 1791 2442 ven-

168 2466 332 2507 ditionis
364 2469 561 2522 speciem.
597 2465 733 2511 Gratis
778 2473 911 2511 tamen
956 2468 1243 2529 spiritualibus
1288 2471 1400 2525 prius
1438 2469 1648 2523 exhibitis,
1685 2469 1792 2512 licite

169 2541 333 2590 possunt
367 2542 541 2580 statutae
585 2542 623 2580 et
666 2543 886 2581 consuetae
930 2538 1171 2593 oblationes,
1206 2544 1245 2582 et
1287 2542 1541 2596 quicumque
1584 2539 1651 2582 alii
1699 2554 1793 2596 pro-

170 2611 316 2647 xentus
349 2609 457 2662 exigi
498 2620 516 2649 a
567 2607 797 2651 valentibus
831 2613 870 2651 et
905 2609 1137 2652 nolentibus
1179 2609 1356 2663 solvere,
1391 2612 1635 2653 auctoritate
1668 2612 1794 2667 Supe-

168 2677 290 2716 rioris
329 2678 632 2720 interveniente
655 2693 693 2719 ».
1244 2689 1247 2691 ’

284 2746 422 2802 Atque
449 2747 624 2802 idipsum
650 2750 772 2791 etiam
797 2748 935 2791 (lodex
961 2750 1177 2792 contirmat
1204 2751 1240 2791 in
1266 2761 1355 2792 can.
1382 2749 1509 2792 2:349.
1537 2749 1641 2792 luste
1666 2751 1792 2805 igitur

287 2900 292 2919 ¹
325 2900 360 2932 2.
390 2900 423 2931 2.
455 2911 487 2943 q.
516 2900 556 2942 (s),
588 2904 660 2933 art..
688 2901 709 2931 3
737 2912 837 2944 corp.
