1971 3261
101 151 195 186 Gan.
221 149 381 184 aaa-994
675 148 761 182 Tm
794 149 857 182 Vt.
888 169 897 174 -
927 150 982 183 De
1013 150 1157 184 Ordine
1672 149 1745 184 457

102 271 373 326 expositione,
417 273 487 311 aut
519 266 760 310 saeculares
794 274 866 309 aut
914 268 1109 324 Ἰνθίιζᾳίοεί
1158 274 1314 311 tantum
1360 269 1444 326 qui,
1490 268 1599 325 quod
1645 282 1739 325 per-

103 340 208 383 tinet
240 338 296 382 ad
328 337 655 391 ordinationem,
688 337 974 381 saecularium
1010 339 1102 381 iure
1134 345 1353 395 reflantur,
1377 341 1529 395 cogniti
1556 353 1605 382 ex
1631 352 1743 382 com-

103 412 306 453 mentario
339 409 389 452 ad
424 421 514 453 can.
550 408 648 463 964,
686 407 752 462 4⁰3
789 409 987 464 praedicti
1024 410 1233 466 asserant:

280 479 324 524 1⁰
364 477 660 522 Testimoniemi
694 477 871 521 ultimae
903 478 1190 521 ordinationis
1225 492 1245 523 a
1280 480 1453 535 singulis
1490 494 1737 536 promoven-

101 553 165 595 dis
202 554 451 607 «receptae,
487 549 596 607 quod
632 549 807 605 singulis
840 549 1082 592 ordinandis
1116 551 1238 593 datur
1272 551 1599 594 authenticum»
1631 555 1739 608 (can.

106 622 231 676 1010,
265 623 290 675 ἓ
324 620 381 678 2),
414 626 539 678 atque
587 620 664 664 hoc
699 625 739 663 ut
774 620 1048 663 ordinationis
1099 621 1264 664 liceitati
1303 623 1573 677 provideatur
1617 627 1741 679 atquc

106 693 306 737 validitati
340 692 570 736 secuudum
608 691 706 734 illud
737 691 847 748 quod
882 690 1097 735 subditur:
1133 697 1221 739 aut,
1247 692 1285 734 si
1307 692 1357 734 ‹li›
1387 693 1529 750 prima
1564 699 1739 736 tonsura

105 762 341 819 recipienda
375 767 544 819 agatur,
581 761 690 805 illius
724 761 812 805 loco
850 777 872 802 «
896 764 1177 804 testimonium
1205 778 1223 802 )>
1275 763 1429 820 recepti
1473 762 1742 820 tmptismatis

105 835 326 877 necessarii
361 833 410 877 ad
450 832 779 883 validitatem,et
803 831 1138 888 confirmationis
1177 849 1197 873 «
1225 839 1414 889 receptae
1442 851 1460 874 »
1506 837 1615 877 iuxta
1652 846 1740 877 can.

105 904 204 958 974,
237 904 265 961 ξ
299 905 335 952 1,
376 903 429 948 1⁰·

283 975 327 1018 20
369 974 666 1018 Testimonium
700 974 750 1017 de
778 975 965 1032 peractis
988 973 1157 1029 studiis,
1182 987 1288 1031 quae
1322 976 1488 1018 diversa
1526 978 1740 1032 requirun-

105 1052 170 1089 tur
200 1060 279 1103 pro
312 1045 495 1103 siuyulis
527 1044 759 1099 ordinibus,
785 1044 841 1088 ad
873 1058 1065 1088 normam
1098 1059 1188 1088 can.
1225 1047 1332 1095 970⁴,
1366 1045 1547 1089 scilicet:
1590 1048 1626 1089 in
1661 1060 1742 1103 quo

103 1129 210 1161 anno
243 1130 391 1160 cursus
425 1116 657 1173 theologiae
692 1121 881 1160 versetur
915 1116 1239 1172 promovendus,
1264 1121 1303 1159 et
1338 1118 1375 1158 in
1410 1116 1562 1173 quibus
1592 1116 1744 1159 scholis

103 1200 176 1231 sua
210 1188 346 1231 studia
398 1188 617 1244 pertecerit
651 1186 767 1245 (quin
803 1188 982 1244 amplius
1025 1188 1285 1230 necessariae
1318 1189 1397 1230 sint
1433 1192 1573 1243 utpote
1623 1203 1642 1227 ι(
1669 1201 1742 1230 uec

106 1257 305 1315 implicite
338 1263 558 1303 contentae
578 1274 598 1300 )>
639 1254 748 1314 (can.
774 1259 814 1312 6,
839 1257 902 1315 6⁰)
941 1260 1124 1301 minutae
1148 1257 1517 1301 determinationes
1552 1272 1624 1315 pro
1650 1258 1741 1301 reli-

103 1331 315 1386 giosorum
350 1329 698 1373 testimonialibus
732 1331 1014 1385 praescriptae
1049 1331 1086 1371 in
1127 1327 1486 1373 Declarationibus
1519 1330 1557 1372 S.
1592 1328 1742 1385 Congr.

103 1399 155 1444 de
190 1399 423 1457 Religiosis)
447 1400 484 1443 ¹:
519 1400 571 1444 de
619 1399 840 1458 requisitis
873 1413 973 1456 ergo
1010 1400 1266 1452 «studiis»,
1299 1405 1419 1455 prout
1462 1399 1512 1442 ad
1547 1400 1740 1443 eumdem

103 1483 194 1516 can.
228 1471 483 1528 explicatum
517 1476 590 1515 est.

223 1539 342 1595 Quod
377 1541 502 1587 Cone.
536 1541 648 1586 Trid.
683 1547 884 1586 statuerat
908 1541 945 1585 2;
997 1557 1017 1582 ((
1042 1542 1102 1585 Α(Ι
1154 1544 1334 1585 minores
1367 1541 1535 1584 ordines
1581 1554 1741 1598 promo·

108 1613 244 1668 vendi,
281 1612 432 1657 bonum
468 1626 489 1657 a
526 1612 706 1670 parocho
736 1618 775 1657 et
806 1626 829 1658 a
864 1615 1062 1670 magistro
1096 1612 1275 1661 scholae,
1311 1615 1349 1656 in
1383 1625 1463 1670 qua
1499 1612 1746 1665 educantur,

108 1686 388 1728 testimonium
424 1683 604 1729 habeant
621 1700 664 1740 n,
688 1685 952 1729 concorditer
986 1684 1048 1728 llis
1071 1697 1178 1742 quae
1202 1686 1240 1727 in
1265 1696 1355 1728 can.
1381 1684 1464 1726 97¹2
1491 1685 1743 1740 praescripta

108 1755 290 1799 vidimus
322 1757 434 1799 circa
478 1754 569 1799 illos
606 1757 720 1814 «qui
755 1755 805 1799 ad
841 1756 1009 1799 ordines
1041 1755 1320 1812 adspirant»,
1353 1757 1412 1797 sic
1458 1758 1660 1797 mutatum
1706 1757 1745 1796 et

104 1831 323 1871 extensum
358 1828 603 1884 proponitur
636 1825 713 1871 sub
745 1841 784 1869 u.
816 1828 859 1870 3.
898 1825 1194 1869 Testimonium
1228 1825 1269 1881 a)
1301 1824 1479 1868 rectoris
1516 1824 1746 1868 Seminarii

104 1897 248 1942 saltem
293 1896 575 1955 subscriptum
609 1897 661 1942 ab
705 1911 753 1941 eo
787 1903 848 1941 est
895 1897 1171 1949 atterendum,
1208 1895 1250 1953 b)
1284 1901 1358 1938 aul
1401 1894 1635 1939 sacerdotis
1678 1895 1746 1938 eui

104 1967 360 2012 candidatus
390 1973 515 2012 extra
545 1967 837 2013 Seminarium
874 1968 1105 2025 «legitime
1156 1979 1364 2010 morans»
1404 1966 1497 2024 (can
1533 1968 1601 2010 cit.
1637 1966 1666 2024 ἓ
1700 1965 1745 2022 ⁶2)

108 2039 172 2083 vel
206 2039 422 2096 illegitime
456 2039 770 2083 commendatus
802 2038 950 2097 fuerit,
973 2043 1014 2082 et
1046 2038 1123 2082 hoc
1157 2039 1437 2082 testimonium
1472 2039 1522 2080 sit
1546 2036 1597 2080 de
1628 2036 1744 2080 bouis

104 2109 290 2154 eiusdem
323 2109 546 2153 candidati
577 2109 747 2167 obligati
782 2110 833 2153 ad
869 2111 1102 2153 testimonia
1136 2108 1349 2152 uteribus:
1382 2120 1488 2165 qnae
1538 2112 1743 2164 postrema

32 2236 34 2239 Ι
104 2180 289 2225 clausula
324 2181 546 2224 confirmat
578 2181 717 2225 datam
751 2186 856 2224 can⁸.
893 2181 976 2224 97⁶2
1012 2181 1394 2236 interpretationem
1430 2179 1481 2221 de
1528 2179 1648 2222 liuius
1680 2190 1743 2221 sa-

104 2251 286 2296 cerdotis
320 2265 508 2296 munere.

224 2321 264 2365 ln
288 2321 412 2366 Conc.
437 2321 548 2366 Trid.
571 2321 585 2343 ³
609 2324 834 2378 exiguntur
870 2320 1167 2364 testimoniales
1202 2320 1362 2364 litterae
1386 2320 1437 2363 de
1462 2333 1625 2363 morum
1652 2333 1742 2376 pro-

106 2391 231 2436 bitate
263 2392 384 2436 datae
407 2392 459 2437 ab
482 2390 708 2438 Ordinarto
741 2392 1017 2449 promovendi
1041 2391 1091 2435 ad
1117 2391 1286 2435 ordines
1311 2395 1529 2448 praetextu
1556 2393 1742 2447 rescripti

108 2462 171 2507 vel
202 2463 424 2520 privilegii,
444 2463 494 2507 ad
516 2463 616 2507 illud
643 2463 751 2520 quod
778 2476 887 2506 nunc
906 2464 1019 2505 iuxta
1039 2463 1268 2518 explicatos
1291 2474 1471 2506 canones
1494 2461 1585 2505 «de
1603 2474 1745 2505 sacrae

103 2534 376 2579 ordinationis
411 2536 598 2578 ministro
622 2550 643 2576 »
674 2534 788 2592 (Cap.
812 2533 840 2589 l,
862 2536 921 2577 tit.
945 2532 1013 2590 Vl)
1037 2535 1135 2577 satis
1168 2537 1229 2576 est
1253 2535 1481 2590 provisum,
1510 2532 1572 2576 vel
1601 2534 1745 2588 practi-

104 2618 200 2649 cum
223 2618 302 2649 non
328 2610 400 2649 est.
436 2605 479 2649 ln
503 2610 631 2650 const.
669 2620 689 2647 (c
712 2604 1002 2662 Speculatores
1024 2619 1047 2644 n
1078 2604 1214 2648 lnnoc.
1241 2603 1312 2647 Xll
1336 2603 1413 2647 sub
1436 2603 1584 2647 codem
1611 2604 1744 2659 capite

103 2677 242 2730 citata,
277 2675 416 2732 plures
447 2677 613 2720 fuerunt
658 2675 945 2733 promulgatae
979 2675 1271 2732 dispositiones
1302 2675 1353 2719 de
1396 2673 1745 2718 testimmiialibus

106 2745 252 2790 litteris
296 2760 369 2803 per
400 2747 592 2791 diversos
638 2746 865 2804 Episcopos
898 2745 1192 2800 concedendis,
1228 2750 1445 2803 propterea
1491 2745 1599 2802 quod
1649 2749 1743 2787 tunc

227 2853 238 2875 1
265 2851 411 2897 7Sept.
442 2853 544 2887 1909.
572 2852 649 2888 CO.
681 2853 712 2895 I,
741 2853 823 2889 701.
854 2873 895 2878 —
923 2853 938 2874 2
964 2852 1056 2897 Cap.
1087 2853 1122 2895 5,
1163 2851 1265 2887 Sess.
1304 2851 1455 2892 XXIII,
1495 2850 1540 2885 de
1582 2851 1667 2884 Ret.
1704 2868 1745 2875 —

104 2899 119 2921 ³
146 2899 238 2944 Cap.
266 2900 300 2941 8,
327 2899 430 2934 Sess.
460 2899 610 2940 XXIII,
639 2899 686 2934 de
712 2900 797 2936 Rei.
