1971 3261
102 151 197 188 Onu.
225 152 318 188 1094
630 153 714 188 T1T.
743 154 810 189 VI.
840 176 851 181 -
879 156 934 191 De
961 157 1220 193 Matrimonia
1668 160 1739 194 629

226 271 476 318 Exceptionum
505 272 651 307 canonis
676 273 856 309 occasione
881 280 1077 320 opportune
1107 276 1309 312 referendae
1346 281 1429 312 sunt
1466 277 1554 313 duae
1587 276 1740 313 Declara-

106 331 219 367 tiones
245 330 282 366 S.
310 330 436 375 Congr.
464 330 572 366 Conc.
595 333 619 371 ¹,
649 331 776 377 quibus
805 337 895 378 patet
921 333 1026 368 etiam
1055 345 1147 369 nunc
1176 334 1253 370 illas
1280 340 1415 370 tantum
1437 337 1654 382 exceptiones
1682 346 1741 382 per

106 402 152 425 ss.
183 400 334 426 canones
362 390 487 435 vigere.

228 462 243 481 α
266 448 334 484 Vll.
362 449 416 484 An
443 454 475 484 et
502 451 675 495 quomodo
708 452 939 486 annuendum
979 452 1023 487 sit
1064 453 1289 499 petitionibus
1316 454 1585 490 Ordinariorum
1614 453 1740 490 Sinen—

105 508 196 543 sium
225 507 283 554 qui
309 507 354 543 ob
383 508 576 554 peculiares
603 508 696 544 illius
722 510 874 554 regionis
913 512 1131 547 conditiones
1167 513 1420 558 postularunt...
1449 514 1486 547 20
1511 514 1741 559 dispensatio-

106 577 185 602 nem
214 577 235 602 a
261 567 457 612 praesentia
486 568 624 613 parochi
651 573 684 604 et
711 569 921 615 quandoque
947 570 1051 605 etiam
1080 571 1229 612 testium,
1258 571 1329 607 sive
1364 572 1398 606 iu
1436 572 1670 607 matrimoniis
1700 584 1739 608 cx

103 625 364 671 dispensatione
390 627 640 662 contrahendis
665 639 685 662 a
711 627 894 674 baptizatis
912 640 990 664 cnm
1013 641 1080 664 non
1102 630 1286 676 baptizatis
1308 633 1353 674 (et
1379 642 1421 666 en
1449 631 1598 677 primum
1619 642 1737 667 casum

106 685 350 731 propositum),
379 685 451 721 sive
478 686 512 720 in
542 687 779 722 matrimoniis
806 687 897 723 inter
922 689 1122 730 catholicos,
1151 689 1208 735 qui
1238 689 1303 724 sub
1332 701 1545 735 paganorum
1572 695 1740 736 potestate

104 748 186 779 sunt
212 744 391 779 constituti
416 759 430 776 υ
461 747 507 789 (et
532 756 609 781 ecce
635 747 827 782 secundum
856 758 974 782 casum
1006 748 1246 794 propositum).
1275 748 1310 783 S.
1343 759 1421 784 vero
1440 747 1671 794 Congregatio
1690 761 1738 785 rc·

103 803 244 849 spondit
261 814 329 838 non
350 808 485 839 tantum
505 804 548 840 ad
568 816 679 844 casus,
694 806 751 841 sed
771 806 991 851 generaliter.
1011 807 1100 842 sicut
1118 812 1262 853 apparet
1280 818 1319 842 ex
1339 812 1514 843 contextu.
1537 822 1550 839 «
1570 809 1619 843 Ad
1639 808 1734 843 Vll...

104 860 225 906 Quoad
254 862 301 897 2¹¹³
329 863 587 899 concedendam
615 875 689 900 esse
717 865 837 900 iisdem
867 864 1066 901 Ordinariis
1095 866 1292 902 facultatem
1329 867 1554 913 dispensandi
1582 878 1601 902 a
1629 868 1739 903 forma

103 921 325 957 substantiali
356 923 568 958 matrimonii
599 935 658 969 pro
683 924 822 959 casibus
848 929 986 960 tantum
1009 936 1109 961 verae
1128 926 1344 961 necessitatis
1363 937 1440 961 cum
1465 931 1628 972 potestate
1648 927 1739 962 hanc

104 981 302 1017 facultatem
343 983 447 1017 etiam
487 982 712 1018 habitualiter
751 983 1001 1029 subdelegandi
1041 984 1246 1019 missionum
1278 984 1492 1025 nemoribus,
1524 986 1610 1020 [acto
1637 985 1739 1021 verbo

103 1051 180 1076 cum
211 1039 490 1077 Sanctissimo».
521 1042 620 1086 Quod
651 1043 742 1078 circa
768 1045 1029 1089 responsionem
1058 1044 1238 1084 admonui,
1264 1048 1399 1079 constat
1428 1056 1495 1080 non
1534 1045 1638 1080 fuisse
1663 1045 1741 1080 ani·

104 1100 327 1136 madversum
356 1100 400 1136 ab
428 1101 688 1137 sciscitantibus
717 1102 751 1136 in
780 1102 937 1148 sequenti
969 1102 1063 1138 l)ec.0
1089 1101 1123 1137 S.
1152 1101 1295 1148 Congr.S
1322 1104 1363 1139 de
1390 1102 1626 1139 Sacramentis
1644 1105 1668 1139 ².

227 1172 241 1189 α
263 1158 353 1194 lx...
375 1160 412 1191 30
430 1159 571 1205 quidam
594 1157 772 1195 Ordinarii
794 1158 962 1195 Sinenses
989 1166 1183 1206 quaerunt:
1216 1160 1335 1196 Utrum
1364 1172 1568 1207 responsum
1588 1160 1623 1195 S.
1641 1161 1679 1197 C.
1697 1160 1735 1197 C.

103 1216 171 1253 diei
202 1216 245 1252 27
272 1216 334 1253 lul.
367 1216 464 1257 1908.
491 1218 532 1253 ad
566 1218 632 1258 Vll,
662 1219 893 1264 restringatur
919 1219 962 1254 ad
990 1219 1080 1254 solos
1107 1220 1193 1255 ‹luos
1212 1230 1312 1255 casus
1331 1224 1413 1255 tunc
1434 1220 1467 1254 in
1489 1221 1644 1266 quaesito
1665 1232 1737 1267 pro-

104 1275 249 1321 positos;
276 1280 309 1311 et
328 1281 500 1322 quatenus
518 1277 737 1319 affirmative,
757 1278 930 1323 postulant
952 1282 988 1313 ut
1010 1289 1213 1324 responsum
1242 1279 1448 1314 extendatur
1465 1280 1506 1314 ad
1526 1279 1613 1314 alios
1638 1290 1738 1315 casus

104 1344 204 1370 verae
226 1335 511 1379 necessitatis;...
544 1335 653 1370 Emmi
686 1336 802 1372 Patres
823 1337 867 1371 ita
887 1338 1169 1383 respondendum
1191 1343 1469 1373 censuerunt:...
1500 1338 1620 1381 Quoad
1648 1337 1736 1373 lX...

103 1393 155 1429 Ad
184 1393 245 1428 31¹².
276 1392 398 1438 Quoad
430 1395 485 1429 lm.
514 1394 700 1440 Negative;
729 1397 842 1442 quoad
863 1398 923 1430 2¹1¹.
954 1396 1131 1432 Provisum
1162 1397 1196 1431 in
1225 1397 1370 1442 primo»
1394 1398 1505 1432 idest:
1527 1398 1737 1443 responden-

101 1453 184 1488 dum
213 1453 298 1488 illud
330 1453 598 1499 intelligendum
626 1443 742 1500 quoad
769 1465 892 1491 omnes
917 1467 1017 1490 casus
1044 1466 1144 1491 verae
1172 1456 1399 1491 necessitatis.

222 1513 305 1549 ltem
333 1524 373 1549 ex
400 1513 474 1549 cit.0
500 1513 528 1548 Ι0
556 1513 659 1550 Dec.⁰
690 1529 703 1546 «
724 1513 779 1549 ΙΧ.
807 1515 859 1549 An
887 1520 920 1550 et
946 1516 1119 1560 quomodo
1146 1515 1325 1561 providere
1351 1516 1508 1562 expediat
1534 1516 1642 1556 casui,
1671 1527 1738 1562 quo

103 1572 241 1619 parochi
269 1584 289 1608 a
316 1572 389 1618 lege
415 1572 507 1608 civili
536 1574 689 1619 graviter
715 1573 966 1620 prohibeantur
991 1574 1181 1620 quominus
1209 1575 1443 1610 matrimoniis
1467 1575 1620 1610 fidetium
1646 1575 1736 1610 adsi-

102 1636 210 1673 stant,
236 1631 303 1666 nisi
346 1632 538 1678 praemissa
579 1632 798 1668 caeremonia
832 1632 939 1675 civili,
965 1644 1054 1679 quae
1081 1634 1255 1679 praemitti
1285 1639 1446 1680 nequeat,
1474 1639 1505 1669 et
1534 1639 1648 1669 tamen
1679 1645 1738 1680 pro

101 1690 301 1726 animarum
331 1691 442 1726 salute
469 1692 614 1726 omnino
642 1696 762 1736 urgeat
797 1692 1012 1728 matrimonii
1046 1692 1245 1728 celebratio.
1283 1694 1332 1728 Ad
1363 1693 1402 1728 tx
1433 1704 1502 1728 non
1531 1705 1605 1728 esse
1632 1694 1735 1728 inter-

102 1749 314 1795 loquendum
339 1764 367 1784 ».
399 1750 590 1796 Responsio
616 1750 715 1786 valde
742 1751 895 1796 prudens
921 1751 963 1786 ad
992 1751 1161 1786 invidiam
1189 1752 1302 1787 civilis
1338 1752 1514 1798 potestatis
1542 1752 1734 1793 vitandam,

103 1813 136 1844 et
161 1809 245 1854 quia
272 1809 445 1855 proposito
471 1809 565 1844 casui
592 1809 693 1845 aliter
719 1810 912 1845 secundum
941 1822 985 1844 ss.
1013 1821 1063 1845 cc.
1094 1811 1160 1845 iam
1191 1811 1360 1857 provideri
1392 1816 1513 1857 potest.

223 1904 389 1948 Praeter
423 1907 655 1949 ministrum
682 1911 800 1949 autea
825 1906 981 1949 dictum
1016 1911 1291 1962 praesentem,
1318 1909 1588 1964 requiruntur
1612 1911 1735 1950 testes

101 1975 246 2019 saltem
282 1976 377 2029 (luo,
412 1989 588 2034 quorum
625 1976 826 2033 speciales
859 1977 1079 2035 qualitates
1128 1991 1206 2020 non
1257 1982 1540 2021 memorantur
1574 1980 1611 2020 in
1652 1977 1734 2020 ullo

103 2046 265 2091 Decreti
301 2047 490 2103 articulo,
526 2061 600 2091 nec
634 2047 797 2093 Codicis
835 2061 1005 2104 canone,
1057 2052 1096 2091 et
1143 2047 1239 2092 hinc
1272 2049 1321 2092 ad
1356 2047 1462 2093 Dub.
1497 2050 1535 2093 S.
1569 2047 1734 2105 Congr.¹

102 2118 153 2162 de
186 2118 299 2163 Sacr.
337 2121 591 2175 propositum
619 2120 657 2163 3:
697 2135 719 2160 «
743 2118 807 2162 tv.
843 2119 902 2162 An
950 2121 1103 2176 possint
1153 2119 1341 2163 adhiberi
1391 2124 1434 2163 ut
1482 2124 1605 2163 testes
1637 2119 1732 2163 mali

101 2189 314 2233 christiani
349 2194 472 2247 atque
507 2191 611 2233 adeo
637 2192 784 2246 pagani
820 2192 857 2233 in
893 2191 1038 2233 ordine
1061 2190 1110 2234 ad
1135 2189 1420 2234 observandas
1446 2193 1733 2247 praescriptio—

102 2274 175 2304 nes
207 2265 281 2304 art.
310 2260 355 2313 ΙΙ,
381 2261 444 2310 ΙΙΙ,
473 2260 553 2312 Vtt,
582 2260 712 2306 Vlll...
746 2261 880 2305 Emmi
910 2261 1025 2306 PR...
1052 2261 1386 2318 respondendum
1415 2267 1733 2305 censueruntz...

101 2329 247 2385 Quoad
281 2332 503 2390 qualitates
536 2335 701 2376 testium
726 2345 746 2376 a
774 2332 947 2376 Decreto
977 2348 996 2373 «
1020 2332 1078 2375 Ne
1113 2337 1268 2376 temere
1295 2348 1313 2373 ))
1343 2332 1441 2375 nihil
1467 2346 1556 2376 esse
1591 2335 1735 2376 immu-

103 2407 230 2446 tatum
258 2419 295 2447 )>.
330 2401 594 2460 Quapropter
626 2404 837 2447 sufficiunt
867 2406 975 2447 sicut
1009 2408 1127 2447 antea
1161 2403 1382 2461 qualitates
1415 2417 1464 2447 ex
1495 2409 1639 2448 natura
1676 2405 1732 2447 rei

104 2475 339 2531 requisitae,
365 2479 409 2518 ut
431 2475 482 2518 (le
504 2480 719 2518 contractu
756 2475 1047 2518 matrimoniali
1084 2476 1293 2518 testiticari
1321 2477 1489 2530 possint.
1522 2474 1638 2519 [nde
1666 2487 1732 2518 va·

102 2543 183 2588 lide
217 2546 410 2589 assistere
443 2551 668 2603 nequeunt,
706 2559 742 2588 v.
777 2560 814 2602 g.
851 2547 1041 2599 infantes,
1065 2551 1265 2600 amentes,
1289 2545 1416 2599 ebrii3
1451 2546 1521 2589 sed
1547 2559 1568 2589 e
1592 2550 1733 2588 contra

103 2614 343 2672 impuberes
388 2629 425 2658 v.
468 2631 522 2673 g.,
568 2616 776 2671 mulieres,
813 2618 1178 2669 excommunicati,
1224 2616 1436 2669 haeretici,
1480 2616 1733 2661 schismatici

102 2691 226 2743 atque
259 2688 382 2729 etiam
424 2689 570 2743 pagani
617 2686 775 2730 habiles
817 2692 911 2731 sunt
951 2687 1000 2730 ad
1045 2687 1320 2730 sufficientem
1364 2689 1654 2730 assistentiam.
1692 2686 1731 2729 lii

103 2758 378 2800 matrimoniis
414 2770 511 2801 vero
545 2757 844 2802 catholicorum
895 2757 1005 2802 licite
1048 2757 1235 2803 adhiberi
1273 2763 1482 2816 nequeunt
1513 2757 1730 2801 acatholici

220 2864 229 2884 ¹
257 2862 302 2897 27
329 2862 422 2897 Iulii
451 2863 554 2897 1908.
583 2864 684 2898 Acta.
710 2863 747 2898 S.
777 2863 902 2900 Sedis.
933 2863 1009 2898 vol.
1039 2863 1143 2898 XLI.
1174 2885 1216 2889 —
1243 2864 1257 2886 '2
1286 2866 1328 2898 12
1355 2864 1489 2898 Martii
1519 2865 1623 2904 1910,
1652 2863 1728 2898 CO.

102 2910 153 2953 II,
185 2910 264 2944 193.
294 2931 335 2935 —
364 2910 377 2932 3
404 2912 447 2944 12
473 2910 609 2945 Martii
641 2911 745 2952 1910,
775 2910 851 2946 CO.
881 2911 1020 2946 11-193.
