1971 3261
214 139 282 172 496
621 137 704 171 LJB.
731 137 801 171 III.
828 157 841 162 -
868 137 978 171 PARS
1004 137 1035 171 Ι.
1063 157 1076 163 -
1102 137 1159 172 De
1184 138 1451 174 Sacramentis
1632 139 1725 176 Can.
1754 141 1844 176 1017

214 268 386 311 nempe:
439 258 627 311 respectu
677 254 975 298 iurisdictionis
1021 254 1240 298 distinctae
1274 257 1312 298 in
1346 269 1436 300 can.
1472 257 1571 312 196,
1612 258 1735 302 «alia
1772 259 1846 302 tori

215 328 388 373 externi,
424 325 503 369 alia
538 326 612 368 t‘ori
642 326 810 379 interni,
840 338 912 368 seu
946 326 1238 382 conscientiae,
1273 328 1362 370 sive
1404 328 1718 372 sacramentalis
1759 330 1849 372 sive

214 395 733 450 extra-sacramentalis›),
768 397 822 439 ita
866 400 909 438 ut
953 408 1028 439 nec
1070 395 1276 452 sponsalia
1315 399 1581 442 «canonicos
1622 401 1848 443 sortiantur

216 468 387 516 effectus
412 483 450 522 )),
486 471 529 510 ut
561 465 772 510 asserebat
806 465 948 522 Dec.¹¹¹,
980 480 1057 510 nec
1090 466 1159 511 illa
1191 467 1425 524 simplexve
1468 471 1721 513 matrimonii
1758 483 1849 526 pro-

218 540 355 581 missio
389 538 639 581 secumserat
668 536 963 593 obligationem
989 537 1040 581 ad
1066 537 1165 581 illud
1191 551 1331 582 coram
1350 538 1451 595 Deo,
1469 539 1556 583 nisi
1576 539 1695 599 facta
1716 540 1850 599 suerit

215 609 414 652 alterutra
463 607 674 652 declarata
727 609 945 664 promissio
980 607 1020 665 a)
1052 621 1130 666 per
1160 609 1419 667 scripturam
1452 613 1509 654 uti
1544 611 1718 654 sormam
1753 624 1850 655 con·

217 684 372 723 tractus
405 678 738 731 substantialem,
762 683 886 735 atque
911 677 953 735 b)
977 678 1267 736 subsiywatam
1290 685 1375 723 tum
1403 694 1429 723 a
1459 681 1654 738 partibus
1678 695 1850 739 nempe:

218 750 280 794 his
313 750 363 794 de
396 763 574 807 quorum
612 751 749 793 futuro
784 751 923 805 agitur
957 751 1234 805 matrimonio,
1253 750 1374 810 simul
1400 756 1439 794 et
1462 751 1700 808 singulatim
1725 752 1767 810 a)
1790 752 1854 796 vel

217 836 243 864 (ι
273 820 458 879 parocho
491 820 704 864 declarato
739 821 780 862 in
815 832 907 863 can.
941 820 1039 875 451,
1071 820 1266 879 §§1‚2‚
1302 821 1345 878 b)
1378 827 1453 865 aut
1486 822 1568 866 loci
1605 822 1852 881 Ordinario,

219 896 338 948 prout
371 890 610 934 declaratur
644 892 682 932 in
717 902 808 933 can.
845 890 942 945 198,
965 890 993 948 ἓ
1017 890 1055 942 ⁶2,
1080 897 1118 961 c)
1140 890 1203 934 vel
1235 905 1260 934 a
1292 891 1452 935 duobus
1482 892 1631 935 saltem
1668 892 1852 951 testibus,

218 964 287 1019 qui
311 961 523 1005 sufficiunt
546 960 648 1004 tales
673 965 810 1003 mente
834 973 881 1004 ac
904 960 1108 1017 sensibus,
1133 966 1175 1004 ut
1198 961 1306 1019 quod
1333 963 1607 1006 testificantur
1639 965 1853 1021 percipere

217 1037 384 1090 queant

335 1102 435 1148 Cum
473 1105 548 1147 iste
581 1116 711 1147 canon
748 1116 826 1161 qua
853 1107 968 1160 parte
997 1118 1018 1144 «
1041 1116 1136 1147 cum
1173 1106 1302 1147 veteri
1338 1106 1428 1148 iure
1461 1107 1668 1162 congruit,
1689 1119 1738 1149 ex
1765 1108 1854 1149 iure

218 1177 387 1231 antiquo
421 1175 707 1218 aestimandus
739 1176 790 1217 sit
814 1190 834 1215 »
864 1173 972 1230 (can.
999 1175 1038 1229 6,
1063 1173 1140 1231 3⁰),
1169 1176 1310 1231 vigent
1343 1188 1507 1233 quoque
1541 1189 1651 1220 nunc
1684 1189 1856 1234 sequen-

219 1250 279 1288 tes
312 1244 426 1288 Dec.¹
467 1260 486 1286 ((
510 1244 569 1288 Ne
606 1249 808 1288 temere»
848 1244 1180 1288 Declarationes:
1224 1245 1408 1289 Romana
1444 1251 1483 1290 et
1515 1245 1689 1290 aliarum
1716 1247 1729 1269 ¹
1769 1247 1854 1291 «ln

221 1315 416 1373 plenariis
449 1317 652 1360 comitiis:
693 1314 756 1360 Vl.
791 1315 936 1360 Utrum
971 1316 1192 1372 sponsalia,
1228 1322 1519 1374 praeterquam
1558 1330 1699 1361 coram
1732 1315 1855 1363 Ordi-

220 1388 335 1429 nario
368 1390 438 1429 aut
473 1385 670 1442 parocho,
694 1384 900 1429 celebrari
939 1385 1103 1429 valeant
1136 1388 1260 1429 etiam
1295 1399 1435 1430 coram
1469 1386 1522 1430 ab
1555 1386 1754 1431 alterutro
1786 1387 1856 1432 de-

219 1456 369 1512 legato.

343 1526 423 1570 Vll.
457 1527 601 1572 Utrum
635 1528 841 1584 sponsalia
875 1527 1078 1572 celebrari
1115 1531 1271 1586 possint
1303 1529 1521 1574 dumtaxat
1554 1542 1694 1573 coram
1728 1527 1855 1574 Ordi-

220 1600 336 1641 nario
374 1598 434 1641 vel
475 1599 655 1654 parocho
689 1599 888 1644 domicilii
915 1605 983 1643 aut
1009 1605 1246 1643 menstruae
1280 1602 1632 1656 commorationis,
1656 1613 1706 1644 an
1731 1602 1853 1644 etiam

220 1681 359 1712 coram
395 1667 581 1725 quolibet
614 1667 841 1713 Ordinario
874 1674 945 1714 aut
984 1670 1177 1727 parocho.
1220 1705 1222 1707 ,

341 1739 403 1782 Ad
443 1737 504 1782 Vl.
538 1738 754 1796 Negative.

341 1810 401 1853 Ad
443 1808 509 1852 Vll
559 1809 680 1854 Posse
713 1811 915 1855 celebrari
961 1824 1100 1855 coram
1147 1811 1333 1870 quolibet
1364 1809 1604 1868 Ordinario,
1638 1816 1708 1856 aut
1740 1824 1858 1869 paro·

222 1880 312 1935 cho,
338 1881 566 1924 dummodo
586 1883 690 1924 intra
711 1881 863 1925 limites
881 1884 1078 1925 territorii
1098 1882 1282 1926 eiusdem
1304 1880 1517 1927 Ordinarii
1542 1882 1604 1925 vel
1626 1882 1792 1939 parochi
1817 1898 1858 1928 )).
1916 1911 1919 1913 -

343 1951 525 1995 Romana
551 1956 590 1995 et
614 1952 788 1995 aliarum
810 1952 838 1997 ².
868 1952 971 1996 «Ex
1007 1952 1194 2010 pluribus
1228 1953 1387 1997 dubiis:
1422 1953 1450 1998 I.
1474 1953 1620 1998 Utrum
1645 1953 1695 1997 ad
1723 1953 1859 1997 valida

224 2022 400 2065 ineunda
446 2023 651 2079 sponsalia
698 2029 835 2079 partes
878 2029 1098 2067 teneantur
1145 2024 1392 2081 subsignare
1442 2026 1690 2081 scripturam
1739 2027 1858 2068 unico

223 2097 418 2136 contextu
453 2107 547 2136 cum
583 2094 763 2150 parocho
797 2108 869 2138 seu
889 2092 1115 2139 Ordinario
1151 2100 1221 2139 aut
1253 2109 1347 2139 cum
1383 2094 1547 2139 duobus
1581 2094 1775 2149 testibus3
1807 2107 1858 2138 an

224 2165 358 2219 potius
391 2164 569 2208 sufficiat
603 2169 646 2208 ut
677 2167 898 2221 scriptura,
933 2165 985 2209 ab
1023 2179 1103 2210 una
1152 2172 1267 2223 parte
1310 2179 1404 2210 cum
1450 2165 1630 2223 parocho
1666 2166 1729 2210 vel
1763 2179 1858 2210 cum

224 2232 385 2277 duobus
419 2234 592 2278 testibus
624 2235 1137 2292 subsignata,remittatur
1170 2236 1219 2279 ad
1255 2236 1429 2280 alteram
1464 2241 1639 2293 partem,
1664 2249 1770 2294 quae
1806 2238 1860 2279 vi-

224 2306 361 2347 cissim
397 2318 491 2348 cum
524 2306 704 2362 parocho
742 2306 803 2350 vel
839 2320 933 2350 cum
969 2306 1132 2351 duobus
1167 2307 1340 2351 testibus
1373 2307 1620 2351 subscribat.

345 2374 387 2417 ll.
425 2375 486 2418 An
526 2376 575 2419 ad
615 2377 869 2433 sponsalium
912 2377 1167 2421 validitatem
1210 2380 1248 2420 in
1287 2380 1492 2435 scriptura
1526 2379 1578 2421 sit
1614 2377 1857 2435 apponenda

224 2444 333 2497 data,
368 2458 440 2488 seu
476 2446 700 2503 adscriptio
735 2448 832 2500 diei,
869 2450 1021 2491 mensis
1054 2453 1093 2491 et
1127 2451 1236 2493 anni.

343 2515 404 2559 Ad
442 2516 469 2558 1.
504 2517 766 2561 Attii-{native
801 2519 851 2562 ad
890 2520 963 2561 1ΞιΠΕι
998 2524 1171 2575 partem,
1207 2521 1400 2576 negative
1433 2520 1483 2563 ad
1518 2519 1758 2563 secundam.

345 2586 406 2629 Ad
444 2586 490 2631 ll.
525 2588 788 2632 Affirmative
812 2604 851 2633 )).

345 2655 461 2709 Quae
495 2658 798 2702 declarationes
832 2673 941 2704 nunc
977 2659 1116 2703 valent
1139 2673 1304 2717 quoque
1328 2660 1380 2704 ob
1403 2660 1618 2717 aequalem
1656 2662 1856 2703 rationem

227 2727 278 2770 de
315 2727 547 2771 unilaterali
585 2732 836 2772 matrimonii
872 2732 1159 2787 promissione.

348 2880 357 2900 ¹
384 2880 430 2912 2&
456 2879 590 2913 Martii
619 2881 720 2914 1908.
748 2902 792 2906 ——
818 2882 831 2903 2
857 2882 901 2916 27
930 2881 1024 2915 Iulii
1054 2882 1157 2916 19o8.
