1971 3261
762 128 976 154 BENEVOLO
1002 128 1173 154 LECTORI
1732 129 1786 154 Vll

155 259 372 300 morem,
402 244 457 289 in
484 257 589 305 quo
622 245 705 289 est
741 242 947 304 positus
990 257 1270 304 supremus
1309 226 1641 288 humilitatis⁸
1675 257 1789 303 gra-

156 337 269 396 dus,
299 340 360 384 ut
399 352 464 384 ex
504 336 568 383 D.
600 336 809 384 Thoma
841 334 1111 392 discimus,
1141 338 1304 398 atque
1344 337 1420 382 sic
1447 351 1540 399 per
1579 351 1790 383 accura-

158 436 271 479 tam
300 448 365 478 ss.
396 447 663 478 canonum
702 430 1115 487 observantiam,
1145 431 1335 493 optimi
1363 430 1570 477 fructus
1604 431 1656 476 in
1688 429 1790 477 Dei

159 525 416 590 populum
456 525 782 573 deriventur.

301 620 453 667 Nova
490 619 699 667 utilitas
738 619 866 666 huic
904 623 1222 666 conservata
1258 619 1363 666 fuit
1396 619 1657 666 volumini
1697 635 1791 683 pro

159 714 242 761 his
281 716 372 778 qui
413 713 756 761 missionibus
796 715 936 760 inter
974 713 1218 760 infideles
1257 713 1448 760 devote
1478 719 1689 771 vacant7
1732 729 1792 761 eo

159 808 300 872 quod
339 810 555 856 favente
595 809 745 856 Emo.
787 824 931 855 nunc
969 807 1020 856 S.
1057 808 1120 855 R.
1151 808 1210 855 E.
1253 807 1525 856 Cardinali
1566 807 1792 856 Camillo

159 904 435 961 Laurenti,
477 903 606 950 dum
646 906 786 950 esset
825 902 875 950 S.
918 902 1112 964 Congr.
1155 902 1219 950 de
1259 903 1416 966 Prop.
1459 903 1589 950 Fide
1640 903 1793 950 bene-

159 1000 383 1045 meritus
412 997 759 1055 Secretarius,
788 1000 1004 1061 propter
1031 1013 1266 1045 amorem
1295 1013 1398 1060 quo
1426 1001 1640 1044 aestuat
1667 1013 1794 1060 erga

160 1094 440 1140 missiones
469 1092 601 1138 mihi
629 1091 861 1155 benigne
895 1093 1318 1139 communicavit
1343 1107 1510 1139 novas
1538 1091 1794 1139 formulas

161 1186 483 1233 facultatum
512 1185 578 1233 ab
606 1187 762 1233 initio
789 1188 917 1233 anni
950 1187 1085 1232 1920
1124 1188 1443 1248 vigentium.
1481 1186 1635 1233 Nam.
1665 1186 1793 1233 data

163 1282 582 1343 opportunitate,
612 1282 667 1326 in
708 1279 933 1327 diversis
972 1279 1158 1343 Operis
1185 1279 1315 1327 locis
1355 1296 1442 1327 eas
1483 1280 1794 1327 inserendas

163 1389 287 1420 cum
316 1374 566 1421 brevibus
604 1374 1058 1421 declarationibus
1091 1376 1387 1422 interiectis
1428 1377 1627 1432 curavi,
1658 1374 1796 1422 aliae

163 1484 288 1516 vero
315 1470 516 1532 pariter
536 1468 836 1533 explicatae
859 1471 914 1516 in
938 1468 1252 1532 Appendice
1274 1473 1400 1516 sunt
1419 1469 1793 1533 requirendae.

303 1562 448 1610 Huic
498 1565 702 1627 primae
753 1563 1005 1611 editionis
1049 1564 1281 1626 Prologo
1334 1564 1527 1611 addere
1580 1569 1795 1612 tantum

160 1660 306 1720 puto,
347 1674 432 1705 me
471 1659 526 1705 in
566 1658 669 1706 hac
708 1658 942 1706 editione
982 1658 1234 1717 curanda,
1265 1662 1319 1706 et
1351 1659 1585 1706 claritati
1624 1662 1797 1721 magis

162 1752 509 1823 consuluisse,
539 1756 607 1810 et,
636 1755 822 1817 paucis
861 1753 1074 1811 additis,
1104 1756 1423 1817 posteriores
1451 1754 1796 1802 authenticas

164 1844 552 1894 declarationes
609 1849 935 1905 innexuisse,
995 1851 1056 1895 ut
1112 1847 1469 1911 undequaque
1533 1848 1797 1912 perpolita

162 1941 400 2006 prodiret
437 1959 689 2006 praesens
729 1943 909 1991 editio.

305 2070 481 2119 Romae,
514 2071 583 2110 die
613 2071 815 2110 omnibus
846 2072 1079 2111 Coclitibus
1108 2083 1234 2112 sacro
1264 2073 1368 2112 anni
1402 2073 1514 2111 1923.

1072 2223 1133 2270 fr.
1175 2223 1241 2271 A.
1284 2223 1446 2282 an,
1490 2222 1548 2270 O.
1594 2223 1653 2269 P.
