1971 3261
156 158 248 195 Gan.
277 157 369 192 1013
573 197 578 205 ι
671 157 756 190 Tm
787 156 869 191 VII.
890 177 901 182 -
922 157 978 192 De
1006 158 1265 191 Matrimonz'o
1717 156 1784 189 491

154 281 284 333 petest
308 291 348 320 )).
369 274 488 328 Quod
526 279 697 317 naturae
723 277 784 317 ius
807 277 864 318 sic
889 277 1112 330 exponitur
1150 287 1197 318 ac
1237 274 1435 331 probatur
1458 287 1478 317 a
1505 273 1545 316 1).
1575 273 1729 316 Tlioma
1752 274 1788 317 ¹:

157 348 510 390 «matrimonium
557 359 606 388 ex
656 348 882 388 intentione
928 350 1099 389 naturae
1143 346 1360 389 ordinatur
1403 345 1452 388 ad
1499 345 1786 388 educationem

154 417 293 474 prolis,
328 430 405 459 11011
440 416 571 459 solum
606 416 655 458 ad
691 415 856 472 aliquod
893 421 1070 472 tempus,
1104 417 1174 459 sed
1212 429 1284 472 per
1318 421 1442 459 totam
1483 418 1607 458 vitam
1651 415 1789 471 prolis.

152 489 267 533 [nde
300 488 351 531 de
386 487 475 542 lege
510 492 680 529 naturae
714 492 771 529 est
812 487 921 543 quod
959 492 1149 542 parentes
1183 487 1278 529 tiliis
1313 486 1603 532 thesaurizent,
1643 492 1680 528 et
1717 486 1788 529 tilii

154 565 369 615 parentum
407 557 606 600 haeredes
637 559 716 598 sint
742 555 768 598 ².
807 556 850 599 Ei
889 557 979 599 ideo
1014 570 1106 599 cum
1145 557 1280 612 proles
1302 560 1353 599 sit
1377 570 1600 599 commune
1637 556 1789 599 bonum

154 631 230 671 viri
266 634 302 672 et
339 630 491 681 uxoris,
517 632 678 683 oportet
713 641 866 678 eorum,
892 630 1131 670 societatem
1169 635 1368 683 perpetuo
1404 640 1649 684 permanere
1686 628 1788 671 indi-

153 702 284 742 visam
318 699 547 742 secundum
586 698 686 755 legis
719 702 890 741 naturae
923 698 1147 741 dictamen.
1183 698 1229 741 Et
1254 700 1312 741 sic
1339 697 1670 754 inseparabilitas
1705 710 1789 741 ma-

150 771 333 813 trimonii
368 774 427 812 est
462 769 513 811 de
547 768 638 824 lege
674 773 889 811 naturae»
914 767 940 811 ³.
978 768 1169 811 Attamen
1206 770 1289 810 «in
1324 768 1430 812 bono
1467 768 1608 824 prolis,
1643 782 1788 812 seeun-

148 840 246 884 dum
282 840 391 898 quod
427 845 487 882 est
511 840 561 882 de
587 842 719 895 prima
746 842 972 882 intentione
998 844 1182 894 naturae,
1210 839 1453 895 intelligitur
1478 841 1725 894 procreatio,
1750 844 1788 882 et

150 913 318 954 nutritio
352 916 389 954 et
427 913 656 956 instructio,
689 923 907 968 quousque
943 909 1077 966 proles
1110 910 1159 953 ad
1197 910 1418 966 perfectam
1455 914 1631 952 aetatem
1667 909 1789 952 duca-

149 985 238 1035 tur;
272 994 378 1039 quae
414 983 631 1038 requirunt
666 981 906 1024 diuturnam
941 982 1295 1023 commansionem
1322 980 1682 1036 pai·entum,‹pio‹l
1709 992 1787 1022 11011

149 1057 208 1096 est
234 1055 271 1094 in
296 1051 541 1095 concubina.
567 1064 674 1109 quae
701 1051 750 1094 ad
788 1056 950 1107 tempus
985 1053 1211 1094 assumitur
1235 1051 1262 1093 ⁴.
1298 1051 1377 1094 Sed
1413 1050 1521 1107 quod
1560 1050 1661 1106 proli
1698 1064 1788 1106 pro-

150 1123 342 1166 videatur
377 1124 414 1164 in
451 1127 659 1178 posterum
687 1134 758 1177 per
783 1121 1051 1164 haereditatis
1075 1126 1111 1164 et
1137 1121 1312 1164 aliorum
1340 1121 1542 1164 bonorum
1579 1121 1785 1163 dimissio-

150 1206 258 1247 nem,
297 1193 460 1236 videtur
495 1195 701 1249 pertinere
735 1192 785 1235 ad
820 1192 1046 1235 secundam
1083 1192 1185 1248 legis
1218 1197 1389 1235 naturae
1425 1194 1757 1234 intentionem».

270 1263 535 1320 Prosequitur
568 1276 659 1306 can.
696 1262 808 1305 1013
845 1265 882 1305 in
917 1265 941 1316 ξ
976 1263 1024 1305 ⁶2:
1060 1276 1167 1319 quae
1199 1263 1306 1305 duae
1342 1265 1618 1318 proprietates
1652 1262 1788 1305 decla-

150 1338 262 1378 ratae
296 1333 512 1390 hucusque
546 1333 587 1376 in
625 1333 896 1376 nialrimonio
929 1332 1182 1386 christiano,
1206 1346 1377 1389 nempe:
1415 1336 1528 1376 iuxta
1553 1332 1703 1375 Christi
1740 1333 1791 1376 le-

106 1440 109 1443 <
148 1418 242 1462 gem
276 1409 489 1448 contracto
525 1407 632 1448 inter
667 1404 906 1460 baptizatos,
934 1403 1198 1462 peculiarem
1231 1403 1418 1447 obtinent
1452 1405 1710 1460 firmitatem,
1749 1409 1789 1447 ut

149 1480 311 1520 constat
344 1476 395 1519 de
430 1478 586 1519 unitate
621 1478 659 1518 in
684 1474 808 1520 Cone.
833 1475 945 1519 Trid.
970 1475 1086 1532 (sess.
1115 1474 1265 1531 XXIV)
1290 1481 1329 1518 et
1362 1476 1598 1531 dogmatico
1632 1489 1722 1519 can.
1750 1476 1787 1518 Ξ.

153 1547 238 1591 «Si
272 1549 365 1604 quis
397 1547 563 1597 dixerit,
600 1546 726 1589 licere
770 1545 1007 1589 christianis
1048 1545 1187 1602 plures
1219 1546 1340 1589 simul
1373 1546 1529 1590 habere
1564 1560 1717 1589 uxores
1751 1552 1788 1590 et

149 1616 227 1660 hec
252 1616 363 1660 nulla
390 1616 478 1673 lege
502 1617 644 1660 divina
669 1630 759 1660 esse
784 1616 1064 1673 prohibitum:
1089 1616 1309 1660 anatliema
1335 1619 1384 1660 sit
1409 1632 1449 1658 ».
1471 1616 1555 1659 lmo
1579 1630 1627 1660 ex
1656 1619 1786 1673 prima

149 1688 290 1732 divina
327 1690 583 1731 institutione
620 1689 890 1741 matrimonii,
923 1687 1001 1730 hoc
1034 1686 1159 1730 habet
1204 1688 1459 1743 praedictam
1506 1690 1703 1730 unitatem
1739 1701 1789 1730 ex

149 1761 278 1815 ipsius
311 1758 384 1802 Dei
423 1759 634 1803 voluntate
667 1763 858 1802 naturam
894 1760 1169 1802 confirmante
1203 1760 1315 1801 iuxta
1360 1758 1485 1802 vei-ba
1520 1758 1643 1802 Cone.
1678 1758 1789 1801 Trid.

148 1831 187 1872 in
214 1829 388 1873 Decreto
407 1829 625 1874 doctrinali
651 1830 702 1873 de
726 1834 989 1873 sacramento
1010 1831 1285 1872 matrimonii:
1311 1845 1332 1870 «
1355 1828 1443 1872 Hoc
1463 1834 1600 1872 autem
1625 1829 1790 1872 vinculo

149 1901 253 1944 duos
296 1901 583 1944 tantummode
617 1900 803 1957 copulari
839 1905 877 1944 et
913 1902 1110 1956 coniungi
1143 1899 1332 1944 Christus
1366 1900 1564 1943 Dominus
1607 1903 1790 1956 apertius

149 1972 305 2020 docuit,
339 1985 433 2016 cum
479 1977 686 2028 postrema
729 1971 795 2014 illa
833 1971 961 2015 verba
998 1971 1189 2028 (nempe:
1225 1970 1469 2015 adhaerebit
1513 1974 1630 2014 uxori
1675 1984 1788 2025 suae,

148 2047 187 2086 et
219 2048 339 2086 erunt
373 2043 455 2086 due
491 2045 529 2085 iu
566 2055 691 2086 carne
726 2043 826 2098 una)
861 2047 1056 2099 tanquam
1082 2054 1103 2085 a
1132 2041 1213 2085 Deo
1248 2042 1418 2098 prolata,
1444 2043 1625 2085 referens
1658 2042 1786 2085 dixit:

148 2113 290 2170 ltaque
324 2116 403 2157 iam
441 2127 518 2156 non
554 2118 648 2156 sunt
682 2114 764 2157 (luo
803 2113 873 2156 sed
920 2125 999 2156 una
1045 2125 1141 2156 caro
1166 2129 1203 2167 »,
1238 2125 1284 2156 ac
1329 2113 1378 2155 de
1425 2112 1787 2156 indissolubilitate

149 2187 416 2241 prosequitur
448 2184 525 2228 hec
563 2185 708 2228 mede:
749 2187 1016 2241 «statimque
1059 2184 1246 2227 eiusdem
1293 2197 1423 2227 nexus
1462 2184 1699 2227 tirmitatem
1735 2183 1786 2227 ab

148 2255 309 2299 Adame
335 2260 445 2299 tanto
469 2260 564 2299 ante
588 2258 912 2312 pronuntiatam,
931 2255 994 2298 his
1021 2254 1160 2298 verbis
1183 2256 1447 2299 confirmavit
1468 2253 1640 2310 (lesus):
1665 2254 1784 2309 Quod

149 2325 259 2370 Deus
277 2328 505 2378 coniunxit,
528 2326 651 2369 1101110
670 2339 750 2369 11011
770 2330 934 2382 separet
957 2342 998 2368 ³).
1018 2323 1180 2378 Quibus
1201 2325 1339 2369 vei-bis
1362 2324 1581 2382 abrogavit
1601 2324 1787 2369 Christus

149 2410 222 2453 pre
256 2397 346 2454 lege
380 2409 487 2440 nova
523 2400 836 2454 permissionem
875 2397 975 2453 legis
1010 2399 1176 2451 veteris,
1212 2396 1264 2441 ob
1296 2408 1420 2454 quam
1466 2396 1600 2439 eidem
1639 2410 1785 2452 prepo-

147 2470 224 2511 sita
258 2469 391 2511 fuerat
433 2470 621 2525 quaestio
655 2467 706 2511 de
740 2469 992 2510 matrimonii
1037 2466 1304 2512 solubilitate.
1339 2492 1392 2498 —
1429 2466 1476 2509 Et
1510 2466 1586 2510 hac
1630 2466 1785 2522 duplici

149 2538 238 2595 lege
271 2538 414 2582 divina
448 2539 499 2582 de
534 2541 786 2582 matrimonii
823 2537 1145 2595 proprietatibus
1178 2540 1284 2581 sicut
1317 2542 1355 2581 et
1390 2537 1481 2594 lege
1515 2537 1691 2581 naturali
1729 2542 1787 2580 te—

149 2613 299 2652 nentur
342 2622 451 2652 nunc
494 2622 652 2662 omnes,
686 2611 809 2652 etiam
855 2622 932 2651 non
981 2608 1187 2665 baptizati,
1221 2622 1269 2651 eo
1301 2608 1701 2666 quod'dispensatio
1735 2608 1787 2650 de

150 2693 326 2723 uxorum
359 2679 592 2736 pluralitate
616 2693 810 2723 concessa
839 2679 1024 2736 patribus
1049 2692 1121 2735 per
1145 2682 1348 2723 internam
1376 2682 1688 2735 inspirationem
1714 2692 1784 2722 seu

148 2751 292 2794 divina
326 2750 583 2794 revelatione
618 2751 693 2793 fuit
727 2750 860 2793 solum
896 2752 954 2793 eis
987 2763 1198 2802 concessa,
1233 2755 1277 2793 ut
1310 2752 1456 2794 asserit
1491 2750 1629 2793 innoc.
1661 2749 1709 2792 lll
1747 2752 1782 2792 in

172 2902 195 2936 d
226 2856 277 2936 [¹1¹1
306 2855 512 2936 Supaplibq.
534 2855 690 2936 ({„{VH
716 2867 738 2890 a
767 2857 784 2889 1
812 2867 843 2890 c.
875 2875 918 2880 -—
944 2856 957 2877 '2
987 2855 1022 2889 II
1048 2854 1095 2889 ad
1122 2854 1208 2889 Cor.
1247 2855 1338 2889 XII.
1369 2875 1411 2881 —-
1439 2856 1452 2878 3
1480 2856 1568 2889 Loc.
1606 2855 1673 2889 cit.
1703 2867 1734 2888 a.
1763 2856 1784 2887 ‘2

147 2914 169 2937 a
279 2930 284 2936 .
314 2923 355 2927 ——
473 2930 480 2936 .
509 2915 530 2936 a
584 2908 646 2936 2¹¹¹.
