1971 3261
185 175 252 207 122
587 173 671 207 L1ss.
700 173 773 207 ΙΠ.
803 193 814 198 -
843 173 953 208 PARS
977 174 1010 208 Ι.
1039 194 1051 199 -
1078 174 1135 209 De
1159 175 1424 210 Sam-amentis
1624 175 1717 211 Can.
1743 175 1813 210 812

306 292 400 336 117.
438 293 510 338 De
543 293 840 348 presbytero
893 294 1175 339 assistente.
1210 318 1262 323 —
1296 293 1410 336 Sicut
1462 292 1591 336 honos
1643 293 1812 350 quidam

183 365 318 406 statim
356 367 610 405 memoratur
644 364 681 404 in
717 375 807 403 can.
843 363 950 404 812.
986 361 1108 407 Nulli
1131 362 1358 418 sacerdoti,
1383 362 1611 406 celebranti
1634 363 1813 418 Missam,

183 434 253 477 sed
289 433 557 477 recolendum
593 432 859 489 privilegium
895 433 934 477 S.
969 431 1016 476 R.
1048 432 1094 477 E.
1113 432 1395 477 Cardinalinm
1423 436 1460 477 in
1486 446 1575 478 can.
1603 434 1699 490 239,
1725 434 1811 478 16⁰.

189 520 211 545 (t
233 503 470 547 Honoribus
505 503 688 546 locorum
723 500 958 546 Ordinariis
990 502 1116 547 tribui
1139 504 1270 547 solitis
1294 505 1456 548 fruendi
1480 517 1746 563 quocumque
1769 519 1812 548 se

183 575 395 617 conterant
421 590 458 627 »,
483 579 658 630 praeter
680 572 911 631 Episcopos
934 577 1057 616 etiam
1078 574 1267 618 titulares
1290 575 1361 618 sed
1386 580 1663 631 consecratos,
1689 575 1814 619 alios-

184 658 261 702 que
290 644 510 701 praelatos
550 646 762 700 «proprio
797 646 1007 687 nomine»
1047 645 1155 694 (can.
1201 644 1317 702 110),
1361 645 1541 689 scilicet:
1596 663 1614 686 (ι
1639 645 1815 690 clericos

182 718 269 758 sive
301 714 537 758 saeculares
569 717 659 757 sive
684 714 912 770 religiosos.
936 717 1005 772 qui
1031 715 1360 758 iurisdictionem
1385 716 1638 759 ordinariam
1665 719 1703 759 in
1727 718 1814 760 soro

183 790 355 833 externo
390 784 638 839 obtinent»,
673 789 712 828 et
745 798 839 828 cum
876 784 952 828 lioc
986 799 1063 828 usa
1085 785 1394 843 pontificalium
1418 786 1600 829 scilicet:
1632 802 1652 827 ((
1677 786 1813 830 baculi

183 860 220 898 et
257 858 445 899 mitrae»
484 856 534 898 ad
569 868 757 899 normam
792 868 882 899 can.
919 855 1000 898 377
1035 856 1062 913 ξ
1096 856 1134 905 ⁶2,
1158 855 1363 913 fruentes,
1394 855 1504 908 licet,
1527 856 1617 900 sola
1644 855 1815 900 lionoris

185 939 384 982 personae
418 931 491 968 (zat
525 925 824 969 sollemnitatis
857 926 993 983 quoad
1031 928 1284 970 functionem
1306 940 1450 981 causa,
1474 925 1625 970 habere
1644 926 1814 987 presby-

186 1002 316 1040 terum
352 997 633 1045 assistentem,
669 999 739 1054 qui
774 1010 924 1053 nempe
957 1001 1052 1053 agat
1085 997 1292 1054 quaedam
1327 999 1367 1040 in
1402 997 1520 1041 altari
1547 1003 1711 1054 praeter
1734 999 1817 1042 dia-

183 1081 333 1111 conum
368 1073 407 1111 et
439 1067 740 1112 subdiaconum
777 1070 815 1110 in
853 1070 975 1111 missa
1008 1067 1195 1111 solemni.
1230 1067 1348 1112 Unde
1392 1068 1486 1112 licet
1537 1068 1714 1125 idipsum
1765 1083 1814 1113 ex

184 1141 441 1182 necessitatis
474 1151 521 1182 ac
557 1138 800 1195 prudentiae
835 1140 1006 1194 motivo,
1045 1152 1081 1181 v.
1115 1152 1176 1195 gr.
1215 1139 1335 1182 valde
1369 1139 1725 1194 senivcelebrantn
1753 1139 1814 1183 vel

186 1211 224 1252 in
259 1209 466 1266 prioribus
490 1209 929 1266 neo-presbyterorum
957 1211 1104 1253 missis.

306 1280 400 1323 118.
438 1282 509 1325 De
542 1282 765 1326 ministro
798 1282 1098 1326 inserviente
1146 1283 1348 1327 Missae.
1383 1307 1436 1311 —
1474 1280 1581 1324 lnter
1629 1281 1817 1324 detectus

186 1353 223 1393 in
258 1350 507 1395 celebranda
541 1350 660 1394 Missa
695 1356 962 1394 occurrentes
996 1350 1157 1394 Missale
1190 1352 1423 1396 Romanum
1476 1357 1663 1395 recenset
1713 1365 1818 1408 quos

184 1421 365 1478 explicat
398 1436 487 1464 can.
522 1423 623 1465 813.
657 1422 684 1479 g
719 1421 754 1464 1.
792 1420 997 1464 Sacerdos
1030 1420 1207 1464 Missam
1240 1437 1291 1465 ne
1338 1422 1527 1479 celebret,
1578 1425 1703 1479 igitur
1757 1427 1817 1466 est

186 1492 407 1549 prohibitio
430 1506 595 1549 semper
617 1492 823 1535 servanda
848 1495 969 1535 etiam
994 1495 1030 1536 in
1052 1492 1197 1536 Missae
1219 1495 1438 1550 principio,
1461 1494 1551 1536 sine
1585 1493 1783 1537 ministro
1804 1494 1816 1515 ²

184 1563 384 1620 singulari
435 1563 506 1620 qni
540 1576 729 1619 persona,
762 1562 803 1619 a)
838 1562 970 1606 eidem
1003 1563 1209 1607 inserviat
1245 1566 1325 1606 vini
1362 1569 1400 1607 et
1433 1576 1565 1621 aquae
1599 1563 1817 1620 ampullas,

186 1635 437 1678 transferens
471 1634 649 1689 missale,
683 1639 759 1679 etc.
797 1633 838 1691 b)
872 1639 911 1677 et
943 1634 1198 1692 respondeat
1232 1639 1352 1691 prout
1387 1637 1425 1678 in
1462 1635 1635 1689 Missalig
1670 1635 1740 1678 sed
1767 1648 1815 1678 ex

186 1704 419 1748 rationabili
454 1717 576 1748 causa
613 1707 748 1748 minus
781 1709 900 1760 aptus
933 1705 982 1748 ad
1020 1705 1096 1749 boc
1131 1707 1318 1748 minister
1351 1706 1597 1749 admittitur.

304 1775 409 1819 Huic
445 1775 706 1832 paragrapho
739 1780 833 1831 apte
865 1779 1126 1819 connectitur
1173 1789 1351 1833 sequens
1398 1775 1571 1820 dubium
1621 1776 1688 1822 SS.
1737 1776 1815 1822 Rit.

185 1845 335 1903 Congr.
372 1849 656 1902 propositum:
692 1846 734 1903 (4
771 1846 876 1902 Aug.
917 1846 1027 1889 1922
1062 1843 1144 1893 CO.
1180 1845 1285 1900 xlv,
1323 1847 1442 1902 505).
1482 1862 1501 1887 «
1527 1846 1554 1889 l.
1590 1846 1652 1890 An
1699 1847 1819 1890 liceat

185 1920 319 1961 coetui
356 1917 539 1960 fidelium
574 1917 751 1960 adstanti
785 1919 991 1960 sacrificio
1024 1916 1184 1971 Missae,
1217 1917 1339 1960 simul
1375 1923 1415 1960 et
1457 1919 1711 1961 coniunctim
1761 1930 1819 1960 re-

185 1988 403 2045 spondere,
438 1988 527 2031 loco
560 1990 749 2036 ministri,
784 1988 989 2031 sacerdoti
1024 1987 1290 2031 celebranti?
1322 1988 1372 2031 Et
1404 1989 1443 2032 S.
1498 1987 1577 2032 Rit.
1616 1987 1816 2044 Congr....

186 2059 520 2115 respondendum
541 2062 713 2101 censuit.
734 2058 795 2101 Ad
818 2058 844 2100 l.
865 2058 925 2101 Ad
947 2058 1141 2102 Rdmum.
1167 2055 1454 2113 Ordinarium‚
1481 2061 1593 2101 iuxta
1620 2064 1815 2102 mentem.

186 2129 297 2173 Mens
351 2135 487 2173 autem
522 2134 600 2172 est:
636 2128 752 2182 Quae
787 2143 859 2186 per
892 2142 935 2172 se
969 2129 1107 2186 licent,
1154 2143 1232 2172 non
1276 2143 1442 2186 semper
1490 2130 1718 2186 expediunt
1766 2128 1818 2172 ob

188 2194 522 2243 inconvenientia
556 2212 662 2257 quae
697 2199 816 2243 facile
850 2201 1053 2252 oriuntur,
1098 2202 1204 2243 sicut
1239 2202 1276 2242 in
1320 2212 1432 2255 casu,
1483 2201 1726 2256 praesertim
1766 2198 1818 2243 ob

188 2271 519 2327 perturbationes
552 2283 654 2327 quas
682 2270 920 2314 sacerdotes
953 2270 1213 2314 celebrantes
1246 2274 1292 2313 et.
1317 2270 1462 2313 tideles
1495 2272 1704 2313 adstantes
1751 2284 1820 2314 ex-

189 2344 312 2398 periri
357 2346 525 2397 possunt
581 2355 674 2384 cum
725 2341 976 2383 detrimento
1029 2353 1173 2383 sacrae
1221 2342 1396 2384 actionis
1449 2345 1488 2384 et
1540 2340 1815 2384 rubricarum.

188 2412 454 2468 Quapropter
473 2413 654 2468 expedit,
680 2416 723 2454 ut
753 2416 946 2454 servetur
981 2412 1119 2467 prattis
1153 2413 1400 2465 communis,
1427 2414 1482 2454 uti
1509 2413 1546 2453 in
1571 2411 1695 2454 simili
1720 2423 1817 2454 casu

189 2482 343 2539 pluries
368 2496 609 2538 responsum
635 2488 693 2525 est
715 2499 752 2523 )).

306 2555 329 2606 ἓ
365 2552 401 2595 Q.
437 2551 636 2595 Minister
668 2552 826 2596 Missae
858 2554 1106 2608 inserviens,
1140 2555 1258 2596 cuius
1291 2552 1444 2608 duplex
1498 2566 1648 2596 munus
1690 2566 1816 2596 enun-

189 2626 333 2666 tiatum
370 2629 429 2666 est
464 2626 501 2666 in
535 2624 562 2681 ξ
597 2624 651 2679 10,
686 2638 737 2666 ne
769 2625 825 2667 sit
857 2624 1023 2676 mulier,
1067 2624 1164 2679 nisi,
1213 2623 1255 2680 a)
1299 2623 1516 2680 deficiente
1562 2624 1652 2667 viro
1694 2626 1816 2667 etiam

285 2777 295 2797 1
323 2775 469 2809 Vicarii
497 2780 537 2808 et
566 2775 757 2809 Praefecti
785 2776 1001 2820 Apostoliei
1029 2787 1077 2810 ex
1104 2775 1288 2809 Formula
1326 2780 1492 2820 utraque
1531 2776 1651 2809 tertia
1688 2786 1817 2809 conse-

189 2826 369 2866 quuntur
393 2822 625 2856 facultatem
655 2823 947 2867 «permittendi
974 2823 1056 2857 suis
1094 2823 1155 2865 (ob
1196 2822 1523 2866 iurisdictionem)
1563 2822 1821 2856 missionariis

189 2873 235 2902 ut
262 2869 421 2903 Missam
448 2869 643 2903 celebrare
669 2871 823 2914 possint
851 2870 1045 2915 (quamvis
1072 2870 1235 2914 pluries)
1264 2870 1305 2903 in
1333 2881 1424 2904 casu
1452 2872 1616 2914 (tamen)
1654 2869 1821 2903 necessi-

190 2916 300 2959 tatis,
333 2917 453 2950 etiam
480 2917 565 2950 sine
590 2917 774 2950 ministro
793 2929 857 2950 >>...
