<?xml version="1.0" encoding="UTF-8"?>
<!DOCTYPE html PUBLIC "-//W3C//DTD XHTML 1.0 Transitional//EN"
    "http://www.w3.org/TR/xhtml1/DTD/xhtml1-transitional.dtd">
<html xmlns="http://www.w3.org/1999/xhtml" xml:lang="en" lang="en">
 <head>
  <title>
</title>
<meta http-equiv="Content-Type" content="text/html;charset=utf-8" />
  <meta name='ocr-system' content='tesseract 3.04.00' />
  <meta name='ocr-capabilities' content='ocr_page ocr_carea ocr_par ocr_line ocrx_word'/>
</head>
<body>
  <div class='ocr_page' id='page_1' title='image "./p1commentariumte03blatuoft_0674.png"; bbox 0 0 1971 3261; ppageno 0'>
   <div class='ocr_carea' id='block_1_1' title="bbox 198 132 1825 173">
    <p class='ocr_par' dir='ltr' id='par_1_1' title="bbox 198 132 1825 173">
     <span class='ocr_line' id='line_1_1' title="bbox 198 132 1825 173; baseline 0.003 -5"><span class='ocrx_word' id='word_1_1' title='bbox 198 134 267 168; x_wconf 88' lang='grc'>660</span> <span class='ocrx_word' id='word_1_2' title='bbox 594 133 677 166; x_wconf 79' lang='lat' dir='ltr'>L1ss.</span> <span class='ocrx_word' id='word_1_3' title='bbox 707 133 779 166; x_wconf 88' lang='grc' dir='ltr'>ΠΙ.</span> <span class='ocrx_word' id='word_1_4' title='bbox 810 153 822 157; x_wconf 99' lang='grc'>-</span> <span class='ocrx_word' id='word_1_5' title='bbox 849 132 961 167; x_wconf 78' lang='lat' dir='ltr'><strong>PARS</strong></span> <span class='ocrx_word' id='word_1_6' title='bbox 986 132 1018 167; x_wconf 90' lang='grc' dir='ltr'>Ι.</span> <span class='ocrx_word' id='word_1_7' title='bbox 1045 152 1061 159; x_wconf 96' lang='grc'>-</span> <span class='ocrx_word' id='word_1_8' title='bbox 1087 132 1143 168; x_wconf 87' lang='lat' dir='ltr'>De</span> <span class='ocrx_word' id='word_1_9' title='bbox 1168 133 1434 170; x_wconf 78' lang='lat' dir='ltr'>Saeramentis</span> <span class='ocrx_word' id='word_1_10' title='bbox 1507 135 1600 172; x_wconf 84' lang='lat' dir='ltr'>Can.</span> <span class='ocrx_word' id='word_1_11' title='bbox 1628 137 1825 173; x_wconf 78' lang='lat'>1105·1107</span> 
     </span>
    </p>
   </div>
   <div class='ocr_carea' id='block_1_2' title="bbox 201 188 1769 204">
    <p class='ocr_par' dir='ltr' id='par_1_2' title="bbox 201 188 1769 204">
     <span class='ocr_line' id='line_1_2' title="bbox 201 188 1769 204; baseline 0 0"><span class='ocrx_word' id='word_1_12' title='bbox 201 188 1769 204; x_wconf 95' lang='lat' dir='ltr'> </span> 
     </span>
    </p>
   </div>
   <div class='ocr_carea' id='block_1_3' title="bbox 176 251 1827 2718">
    <p class='ocr_par' dir='ltr' id='par_1_3' title="bbox 194 251 1827 450">
     <span class='ocr_line' id='line_1_3' title="bbox 194 251 1827 311; baseline 0.003 -16"><span class='ocrx_word' id='word_1_13' title='bbox 194 256 360 310; x_wconf 83' lang='lat' dir='ltr'>gitimos</span> <span class='ocrx_word' id='word_1_14' title='bbox 391 254 651 309; x_wconf 76' lang='lat' dir='ltr'>agnoverint,</span> <span class='ocrx_word' id='word_1_15' title='bbox 687 265 840 309; x_wconf 85' lang='lat' dir='ltr'>eosque</span> <span class='ocrx_word' id='word_1_16' title='bbox 875 254 1024 308; x_wconf 88' lang='lat' dir='ltr'>pietate</span> <span class='ocrx_word' id='word_1_17' title='bbox 1060 251 1259 311; x_wconf 82' lang='lat' dir='ltr'>bonisque</span> <span class='ocrx_word' id='word_1_18' title='bbox 1299 253 1484 298; x_wconf 89' lang='lat' dir='ltr'>moribus</span> <span class='ocrx_word' id='word_1_19' title='bbox 1516 254 1753 309; x_wconf 78' lang='lat' dir='ltr'>imbuerint,</span> <span class='ocrx_word' id='word_1_20' title='bbox 1787 261 1827 301; x_wconf 91' lang='lat' dir='ltr'>et</span> 
     </span>
     <span class='ocr_line' id='line_1_4' title="bbox 194 321 1826 382; baseline 0.003 -16"><span class='ocrx_word' id='word_1_21' title='bbox 194 325 270 366; x_wconf 81' lang='lat' dir='ltr'>frui</span> <span class='ocrx_word' id='word_1_22' title='bbox 307 325 514 379; x_wconf 87' lang='lat' dir='ltr'>patiantur</span> <span class='ocrx_word' id='word_1_23' title='bbox 548 321 664 365; x_wconf 89' lang='lat' dir='ltr'>bonis</span> <span class='ocrx_word' id='word_1_24' title='bbox 701 321 1014 379; x_wconf 76' lang='lat' dir='ltr'><strong>temporalibus,</strong></span> <span class='ocrx_word' id='word_1_25' title='bbox 1047 335 1069 366; x_wconf 90' lang='lat' dir='ltr'>a</span> <span class='ocrx_word' id='word_1_26' title='bbox 1105 323 1331 367; x_wconf 87' lang='lat' dir='ltr'>maioribus</span> <span class='ocrx_word' id='word_1_27' title='bbox 1363 327 1401 367; x_wconf 94' lang='lat' dir='ltr'>in</span> <span class='ocrx_word' id='word_1_28' title='bbox 1435 329 1642 382; x_wconf 77' lang='lat' dir='ltr'>supremis</span> <span class='ocrx_word' id='word_1_29' title='bbox 1675 326 1826 371; x_wconf 91' lang='lat' dir='ltr'>tabulis</span> 
     </span>
     <span class='ocr_line' id='line_1_5' title="bbox 195 393 1371 450; baseline 0.003 -14"><span class='ocrx_word' id='word_1_30' title='bbox 195 394 359 448; x_wconf 82' lang='lat' dir='ltr'>relictis,</span> <span class='ocrx_word' id='word_1_31' title='bbox 399 393 459 436; x_wconf 78' lang='lat' dir='ltr'>vel</span> <span class='ocrx_word' id='word_1_32' title='bbox 497 393 672 448; x_wconf 87' lang='lat' dir='ltr'>provida</span> <span class='ocrx_word' id='word_1_33' title='bbox 708 393 847 450; x_wconf 83' lang='lat' dir='ltr'>legum</span> <span class='ocrx_word' id='word_1_34' title='bbox 880 395 1126 437; x_wconf 88' lang='lat' dir='ltr'>auctoritate</span> <span class='ocrx_word' id='word_1_35' title='bbox 1160 394 1371 439; x_wconf 85' lang='lat' dir='ltr'>delatis».</span> 
     </span>
    </p>

    <p class='ocr_par' dir='ltr' id='par_1_4' title="bbox 176 465 1827 2654">
     <span class='ocr_line' id='line_1_6' title="bbox 315 465 1823 522; baseline 0.003 -14"><span class='ocrx_word' id='word_1_36' title='bbox 315 465 412 508; x_wconf 71' lang='lat'>51⁶2.</span> <span class='ocrx_word' id='word_1_37' title='bbox 450 467 743 512; x_wconf 87' lang='lat' dir='ltr'>Praedictae</span> <span class='ocrx_word' id='word_1_38' title='bbox 776 466 1098 522; x_wconf 82' lang='lat' dir='ltr'>obligationis</span> <span class='ocrx_word' id='word_1_39' title='bbox 1143 469 1383 514; x_wconf 82' lang='lat' dir='ltr'>extensio.</span> <span class='ocrx_word' id='word_1_40' title='bbox 1417 492 1475 499; x_wconf 88' lang='lat'>—</span> <span class='ocrx_word' id='word_1_41' title='bbox 1507 466 1612 521; x_wconf 85' lang='lat' dir='ltr'>Quia</span> <span class='ocrx_word' id='word_1_42' title='bbox 1647 466 1823 513; x_wconf 87' lang='lat' dir='ltr'>Ordina-</span> 
     </span>
     <span class='ocr_line' id='line_1_7' title="bbox 195 536 1823 597; baseline 0.003 -18"><span class='ocrx_word' id='word_1_43' title='bbox 195 539 278 580; x_wconf 86' lang='lat' dir='ltr'>rius</span> <span class='ocrx_word' id='word_1_44' title='bbox 313 539 350 578; x_wconf 78' lang='lat' dir='ltr'>vi</span> <span class='ocrx_word' id='word_1_45' title='bbox 385 536 506 580; x_wconf 84' lang='lat' dir='ltr'>officii</span> <span class='ocrx_word' id='word_1_46' title='bbox 544 537 758 580; x_wconf 76' lang='lat' dir='ltr'>intendere</span> <span class='ocrx_word' id='word_1_47' title='bbox 792 549 918 580; x_wconf 88' lang='lat' dir='ltr'>curae</span> <span class='ocrx_word' id='word_1_48' title='bbox 942 539 1174 580; x_wconf 89' lang='lat' dir='ltr'>animarum</span> <span class='ocrx_word' id='word_1_49' title='bbox 1200 537 1422 594; x_wconf 82' lang='lat' dir='ltr'>obligatur,</span> <span class='ocrx_word' id='word_1_50' title='bbox 1446 544 1569 596; x_wconf 88' lang='lat' dir='ltr'>atque</span> <span class='ocrx_word' id='word_1_51' title='bbox 1593 554 1823 597; x_wconf 85' lang='lat' dir='ltr'>congruen-</span> 
     </span>
     <span class='ocr_line' id='line_1_8' title="bbox 192 606 1827 668; baseline 0.003 -18"><span class='ocrx_word' id='word_1_52' title='bbox 192 612 254 650; x_wconf 89' lang='lat' dir='ltr'>ter</span> <span class='ocrx_word' id='word_1_53' title='bbox 287 612 409 663; x_wconf 73' lang='lat' dir='ltr'>reg.ae</span> <span class='ocrx_word' id='word_1_54' title='bbox 444 606 546 649; x_wconf 91' lang='lat' dir='ltr'>luris</span> <span class='ocrx_word' id='word_1_55' title='bbox 581 607 632 649; x_wconf 84' lang='lat'>69</span> <span class='ocrx_word' id='word_1_56' title='bbox 669 609 706 649; x_wconf 91' lang='lat' dir='ltr'>in</span> <span class='ocrx_word' id='word_1_57' title='bbox 743 606 786 649; x_wconf 86' lang='grc' dir='ltr'>6Ο</span> <span class='ocrx_word' id='word_1_58' title='bbox 827 609 908 649; x_wconf 84' lang='lat' dir='ltr'>«in</span> <span class='ocrx_word' id='word_1_59' title='bbox 947 607 1064 651; x_wconf 89' lang='lat' dir='ltr'>malis</span> <span class='ocrx_word' id='word_1_60' title='bbox 1109 610 1321 664; x_wconf 74' lang='lat' dir='ltr'>promissis</span> <span class='ocrx_word' id='word_1_61' title='bbox 1368 609 1493 652; x_wconf 83' lang='lat' dir='ltr'>fidem</span> <span class='ocrx_word' id='word_1_62' title='bbox 1543 623 1621 653; x_wconf 90' lang='lat' dir='ltr'>non</span> <span class='ocrx_word' id='word_1_63' title='bbox 1656 612 1827 668; x_wconf 87' lang='lat' dir='ltr'>expedit</span> 
     </span>
     <span class='ocr_line' id='line_1_9' title="bbox 192 677 1823 738; baseline 0.002 -17"><span class='ocrx_word' id='word_1_64' title='bbox 192 677 408 722; x_wconf 85' lang='lat' dir='ltr'>observari</span> <span class='ocrx_word' id='word_1_65' title='bbox 433 694 472 731; x_wconf 83' lang='lat'>)›,</span> <span class='ocrx_word' id='word_1_66' title='bbox 507 677 725 721; x_wconf 85' lang='lat' dir='ltr'>declarans</span> <span class='ocrx_word' id='word_1_67' title='bbox 767 680 909 720; x_wconf 77' lang='lat' dir='ltr'>statuit</span> <span class='ocrx_word' id='word_1_68' title='bbox 941 692 1032 720; x_wconf 81' lang='lat' dir='ltr'>ean.</span> <span class='ocrx_word' id='word_1_69' title='bbox 1068 681 1194 723; x_wconf 75' lang='lat'><em>1106.</em></span> <span class='ocrx_word' id='word_1_70' title='bbox 1229 678 1366 722; x_wconf 76' lang='lat' dir='ltr'>Huius</span> <span class='ocrx_word' id='word_1_71' title='bbox 1395 681 1692 738; x_wconf 75' lang='lat' dir='ltr'>promissionis</span> <span class='ocrx_word' id='word_1_72' title='bbox 1724 681 1823 726; x_wconf 83' lang='lat' dir='ltr'>obli—</span> 
     </span>
     <span class='ocr_line' id='line_1_10' title="bbox 189 747 1825 810; baseline 0.003 -18"><span class='ocrx_word' id='word_1_73' title='bbox 189 750 307 807; x_wconf 72' lang='lat' dir='ltr'>qatio</span> <span class='ocrx_word' id='word_1_74' title='bbox 340 749 601 792; x_wconf 79' lang='lat' dir='ltr'>solummodo</span> <span class='ocrx_word' id='word_1_75' title='bbox 635 762 686 791; x_wconf 68' lang='lat' dir='ltr'>ece</span> <span class='ocrx_word' id='word_1_76' title='bbox 716 754 842 806; x_wconf 76' lang='lat' dir='ltr'>parte</span> <span class='ocrx_word' id='word_1_77' title='bbox 892 747 1120 793; x_wconf 76' lang='lat' dir='ltr'>Orclinarii</span> <span class='ocrx_word' id='word_1_78' title='bbox 1165 764 1248 794; x_wconf 86' lang='lat' dir='ltr'>non</span> <span class='ocrx_word' id='word_1_79' title='bbox 1297 750 1554 806; x_wconf 76' lang='lat' dir='ltr'>eoetenditar,</span> <span class='ocrx_word' id='word_1_80' title='bbox 1588 753 1825 810; x_wconf 90' lang='lat' dir='ltr'>ampliando</span> 
     </span>
     <span class='ocr_line' id='line_1_11' title="bbox 191 819 1824 880; baseline 0.004 -19"><span class='ocrx_word' id='word_1_81' title='bbox 191 820 300 877; x_wconf 82' lang='lat' dir='ltr'>quod</span> <span class='ocrx_word' id='word_1_82' title='bbox 337 820 549 863; x_wconf 87' lang='lat' dir='ltr'>mandavit</span> <span class='ocrx_word' id='word_1_83' title='bbox 583 819 732 863; x_wconf 88' lang='lat' dir='ltr'>Bened.</span> <span class='ocrx_word' id='word_1_84' title='bbox 770 819 873 872; x_wconf 73' lang='lat' dir='ltr'>XIV,</span> <span class='ocrx_word' id='word_1_85' title='bbox 914 836 934 862; x_wconf 67' lang='grc' dir='ltr'>(ι</span> <span class='ocrx_word' id='word_1_86' title='bbox 959 834 1053 864; x_wconf 91' lang='lat' dir='ltr'>cum</span> <span class='ocrx_word' id='word_1_87' title='bbox 1079 823 1115 864; x_wconf 92' lang='lat' dir='ltr'>ei</span> <span class='ocrx_word' id='word_1_88' title='bbox 1139 823 1397 878; x_wconf 83' lang='lat' dir='ltr'>experientia</span> <span class='ocrx_word' id='word_1_89' title='bbox 1421 827 1681 879; x_wconf 89' lang='lat' dir='ltr'>compertum</span> <span class='ocrx_word' id='word_1_90' title='bbox 1704 829 1824 880; x_wconf 89' lang='lat' dir='ltr'>esset,</span> 
     </span>
     <span class='ocr_line' id='line_1_12' title="bbox 191 890 1825 949; baseline 0.003 -16"><span class='ocrx_word' id='word_1_91' title='bbox 191 894 228 933; x_wconf 91' lang='lat' dir='ltr'>in</span> <span class='ocrx_word' id='word_1_92' title='bbox 264 891 500 934; x_wconf 86' lang='lat' dir='ltr'>huiusmodi</span> <span class='ocrx_word' id='word_1_93' title='bbox 535 893 710 947; x_wconf 84' lang='lat' dir='ltr'>negotiis</span> <span class='ocrx_word' id='word_1_94' title='bbox 750 890 950 945; x_wconf 88' lang='lat' dir='ltr'>homines,</span> <span class='ocrx_word' id='word_1_95' title='bbox 986 894 1024 934; x_wconf 87' lang='lat' dir='ltr'>in</span> <span class='ocrx_word' id='word_1_96' title='bbox 1075 897 1227 935; x_wconf 90' lang='lat' dir='ltr'>terram</span> <span class='ocrx_word' id='word_1_97' title='bbox 1277 892 1419 936; x_wconf 90' lang='lat' dir='ltr'>oculos</span> <span class='ocrx_word' id='word_1_98' title='bbox 1466 893 1738 949; x_wconf 79' lang='lat' dir='ltr'>declinantes,</span> <span class='ocrx_word' id='word_1_99' title='bbox 1772 893 1825 938; x_wconf 89' lang='lat' dir='ltr'>ob</span> 
     </span>
     <span class='ocr_line' id='line_1_13' title="bbox 190 961 1824 1020; baseline 0.002 -16"><span class='ocrx_word' id='word_1_100' title='bbox 190 961 393 1005; x_wconf 87' lang='lat' dir='ltr'>humanos</span> <span class='ocrx_word' id='word_1_101' title='bbox 426 966 640 1018; x_wconf 86' lang='lat' dir='ltr'>respectus</span> <span class='ocrx_word' id='word_1_102' title='bbox 672 962 876 1006; x_wconf 86' lang='lat' dir='ltr'>tardiores</span> <span class='ocrx_word' id='word_1_103' title='bbox 909 963 1030 1017; x_wconf 84' lang='lat' dir='ltr'>effici,</span> <span class='ocrx_word' id='word_1_104' title='bbox 1066 967 1105 1006; x_wconf 91' lang='lat' dir='ltr'>et</span> <span class='ocrx_word' id='word_1_105' title='bbox 1137 975 1159 1006; x_wconf 86' lang='lat' dir='ltr'>a</span> <span class='ocrx_word' id='word_1_106' title='bbox 1195 968 1305 1007; x_wconf 85' lang='lat' dir='ltr'>recte</span> <span class='ocrx_word' id='word_1_107' title='bbox 1338 964 1487 1020; x_wconf 84' lang='lat' dir='ltr'>agendi</span> <span class='ocrx_word' id='word_1_108' title='bbox 1522 966 1669 1008; x_wconf 89' lang='lat' dir='ltr'>semita</span> <span class='ocrx_word' id='word_1_109' title='bbox 1703 979 1824 1008; x_wconf 89' lang='lat' dir='ltr'>revo-</span> 
     </span>
     <span class='ocr_line' id='line_1_14' title="bbox 190 1032 1825 1094; baseline 0.002 -17"><span class='ocrx_word' id='word_1_110' title='bbox 190 1035 274 1077; x_wconf 89' lang='lat' dir='ltr'>cari</span> <span class='ocrx_word' id='word_1_111' title='bbox 298 1049 320 1074; x_wconf 86' lang='grc'>))</span> <span class='ocrx_word' id='word_1_112' title='bbox 359 1033 403 1091; x_wconf 62' lang='grc' dir='ltr'>(ἓ</span> <span class='ocrx_word' id='word_1_113' title='bbox 440 1032 525 1090; x_wconf 69' lang='lat'>1⁶2),</span> <span class='ocrx_word' id='word_1_114' title='bbox 559 1032 614 1075; x_wconf 74' lang='grc' dir='ltr'>(ια’</span> <span class='ocrx_word' id='word_1_115' title='bbox 641 1047 784 1076; x_wconf 75' lang='lat' dir='ltr'>casnm</span> <span class='ocrx_word' id='word_1_116' title='bbox 810 1033 1096 1091; x_wconf 80' lang='lat' dir='ltr'>multiplicem,</span> <span class='ocrx_word' id='word_1_117' title='bbox 1119 1039 1162 1078; x_wconf 90' lang='lat' dir='ltr'>ut</span> <span class='ocrx_word' id='word_1_118' title='bbox 1186 1034 1352 1091; x_wconf 91' lang='lat' dir='ltr'>patebit,</span> <span class='ocrx_word' id='word_1_119' title='bbox 1378 1049 1456 1093; x_wconf 81' lang='lat' dir='ltr'>qao</span> <span class='ocrx_word' id='word_1_120' title='bbox 1489 1036 1530 1093; x_wconf 90' lang='lat' dir='ltr'>a)</span> <span class='ocrx_word' id='word_1_121' title='bbox 1565 1035 1629 1079; x_wconf 82' lang='lat' dir='ltr'>vel</span> <span class='ocrx_word' id='word_1_122' title='bbox 1651 1036 1825 1094; x_wconf 78' lang='lat' dir='ltr'>aliquod</span> 
     </span>
     <span class='ocr_line' id='line_1_15' title="bbox 188 1104 1823 1163; baseline 0.002 -16"><span class='ocrx_word' id='word_1_123' title='bbox 188 1104 435 1148; x_wconf 68' lang='lat' dir='ltr'>scandalum</span> <span class='ocrx_word' id='word_1_124' title='bbox 469 1105 577 1161; x_wconf 88' lang='lat' dir='ltr'>apud</span> <span class='ocrx_word' id='word_1_125' title='bbox 613 1118 694 1148; x_wconf 88' lang='lat' dir='ltr'>eos.</span> <span class='ocrx_word' id='word_1_126' title='bbox 729 1106 799 1161; x_wconf 83' lang='lat' dir='ltr'>qui</span> <span class='ocrx_word' id='word_1_127' title='bbox 832 1109 1039 1148; x_wconf 86' lang='lat' dir='ltr'>secretum</span> <span class='ocrx_word' id='word_1_128' title='bbox 1084 1108 1395 1149; x_wconf 91' lang='lat' dir='ltr'>matrimonium</span> <span class='ocrx_word' id='word_1_129' title='bbox 1442 1109 1679 1163; x_wconf 82' lang='lat' dir='ltr'>ignorantes</span> <span class='ocrx_word' id='word_1_130' title='bbox 1713 1108 1823 1152; x_wconf 86' lang='lat' dir='ltr'>vide-</span> 
     </span>
     <span class='ocr_line' id='line_1_16' title="bbox 189 1176 1824 1236; baseline 0.002 -17"><span class='ocrx_word' id='word_1_131' title='bbox 189 1180 278 1219; x_wconf 87' lang='lat' dir='ltr'>rent</span> <span class='ocrx_word' id='word_1_132' title='bbox 311 1189 395 1228; x_wconf 79' lang='lat' dir='ltr'>eos,</span> <span class='ocrx_word' id='word_1_133' title='bbox 431 1180 471 1218; x_wconf 91' lang='lat' dir='ltr'>ut</span> <span class='ocrx_word' id='word_1_134' title='bbox 505 1178 704 1232; x_wconf 83' lang='lat' dir='ltr'>coniuges</span> <span class='ocrx_word' id='word_1_135' title='bbox 737 1189 780 1219; x_wconf 89' lang='lat' dir='ltr'>se</span> <span class='ocrx_word' id='word_1_136' title='bbox 815 1181 1051 1232; x_wconf 73' lang='lat' dir='ltr'>tractantes,</span> <span class='ocrx_word' id='word_1_137' title='bbox 1088 1176 1130 1234; x_wconf 88' lang='lat' dir='ltr'>b)</span> <span class='ocrx_word' id='word_1_138' title='bbox 1164 1177 1404 1233; x_wconf 67' lang='lat' dir='ltr'>ancyranis</span> <span class='ocrx_word' id='word_1_139' title='bbox 1427 1191 1529 1236; x_wconf 70' lang='lat' dir='ltr'>erqa</span> <span class='ocrx_word' id='word_1_140' title='bbox 1560 1179 1824 1223; x_wconf 78' lang='lat' dir='ltr'>matrimonii</span> 
     </span>
     <span class='ocr_line' id='line_1_17' title="bbox 187 1246 1821 1305; baseline 0.002 -16"><span class='ocrx_word' id='word_1_141' title='bbox 187 1247 458 1289; x_wconf 74' lang='lat' dir='ltr'>sanctitatem</span> <span class='ocrx_word' id='word_1_142' title='bbox 491 1246 654 1289; x_wconf 80' lang='lat' dir='ltr'>iniuria</span> <span class='ocrx_word' id='word_1_143' title='bbox 695 1260 733 1290; x_wconf 77' lang='lat' dir='ltr'>v.</span> <span class='ocrx_word' id='word_1_144' title='bbox 767 1260 831 1303; x_wconf 83' lang='lat' dir='ltr'>gr.</span> <span class='ocrx_word' id='word_1_145' title='bbox 863 1249 896 1290; x_wconf 90' lang='lat' dir='ltr'>si</span> <span class='ocrx_word' id='word_1_146' title='bbox 932 1247 1131 1291; x_wconf 89' lang='lat' dir='ltr'>alteruter</span> <span class='ocrx_word' id='word_1_147' title='bbox 1178 1247 1280 1291; x_wconf 87' lang='lat' dir='ltr'>alias</span> <span class='ocrx_word' id='word_1_148' title='bbox 1329 1251 1492 1305; x_wconf 88' lang='lat' dir='ltr'>nuptias</span> <span class='ocrx_word' id='word_1_149' title='bbox 1541 1251 1644 1292; x_wconf 89' lang='lat' dir='ltr'>inire</span> <span class='ocrx_word' id='word_1_150' title='bbox 1685 1249 1821 1304; x_wconf 84' lang='lat' dir='ltr'>vellet,</span> 
     </span>
     <span class='ocr_line' id='line_1_18' title="bbox 187 1316 1820 1377; baseline 0.002 -18"><span class='ocrx_word' id='word_1_151' title='bbox 187 1317 413 1360; x_wconf 88' lang='lat' dir='ltr'>dummodo</span> <span class='ocrx_word' id='word_1_152' title='bbox 447 1316 693 1360; x_wconf 88' lang='lat' dir='ltr'>alterutrum</span> <span class='ocrx_word' id='word_1_153' title='bbox 728 1331 780 1360; x_wconf 72' lang='lat' dir='ltr'>eoe</span> <span class='ocrx_word' id='word_1_154' title='bbox 811 1317 963 1360; x_wconf 78' lang='lat' dir='ltr'>secreti</span> <span class='ocrx_word' id='word_1_155' title='bbox 994 1316 1259 1361; x_wconf 77' lang='lat' dir='ltr'>observantia</span> <span class='ocrx_word' id='word_1_156' title='bbox 1289 1318 1703 1371; x_wconf 13' lang='lat' dir='ltr'>tantumviimnineat,</span> <span class='ocrx_word' id='word_1_157' title='bbox 1726 1322 1820 1377; x_wconf 89' lang='lat' dir='ltr'>quia</span> 
     </span>
     <span class='ocr_line' id='line_1_19' title="bbox 187 1387 1822 1447; baseline 0.002 -17"><span class='ocrx_word' id='word_1_158' title='bbox 187 1387 422 1431; x_wconf 88' lang='lat' dir='ltr'>huiusmodi</span> <span class='ocrx_word' id='word_1_159' title='bbox 458 1392 627 1443; x_wconf 87' lang='lat' dir='ltr'>peccata</span> <span class='ocrx_word' id='word_1_160' title='bbox 659 1394 751 1431; x_wconf 92' lang='lat' dir='ltr'>sunt</span> <span class='ocrx_word' id='word_1_161' title='bbox 780 1389 946 1432; x_wconf 82' lang='lat' dir='ltr'>vitanda</span> <span class='ocrx_word' id='word_1_162' title='bbox 970 1389 1200 1432; x_wconf 88' lang='lat' dir='ltr'>secundum</span> <span class='ocrx_word' id='word_1_163' title='bbox 1226 1394 1381 1433; x_wconf 87' lang='lat' dir='ltr'>rectam</span> <span class='ocrx_word' id='word_1_164' title='bbox 1409 1391 1619 1447; x_wconf 77' lang='lat' dir='ltr'>praefatae</span> <span class='ocrx_word' id='word_1_165' title='bbox 1652 1390 1822 1447; x_wconf 83' lang='lat' dir='ltr'>regulae</span> 
     </span>
     <span class='ocr_line' id='line_1_20' title="bbox 186 1457 1821 1517; baseline 0.001 -15"><span class='ocrx_word' id='word_1_166' title='bbox 186 1458 520 1515; x_wconf 77' lang='lat' dir='ltr'>applicationem,</span> <span class='ocrx_word' id='word_1_167' title='bbox 555 1457 595 1515; x_wconf 91' lang='lat' dir='ltr'>c)</span> <span class='ocrx_word' id='word_1_168' title='bbox 640 1458 702 1502; x_wconf 51' lang='lat' dir='ltr'>¹vel</span> <span class='ocrx_word' id='word_1_169' title='bbox 748 1465 962 1517; x_wconf 77' lang='lat' dir='ltr'>parentes,</span> <span class='ocrx_word' id='word_1_170' title='bbox 996 1459 1048 1503; x_wconf 87' lang='lat' dir='ltr'>ob</span> <span class='ocrx_word' id='word_1_171' title='bbox 1091 1463 1370 1504; x_wconf 84' lang='lat' dir='ltr'>conscientiae</span> <span class='ocrx_word' id='word_1_172' title='bbox 1419 1463 1728 1504; x_wconf 88' lang='lat' dir='ltr'>matrimonium</span> <span class='ocrx_word' id='word_1_173' title='bbox 1763 1463 1821 1505; x_wconf 90' lang='lat' dir='ltr'>sic</span> 
     </span>
     <span class='ocr_line' id='line_1_21' title="bbox 185 1529 1819 1588; baseline 0.003 -17"><span class='ocrx_word' id='word_1_174' title='bbox 185 1529 394 1585; x_wconf 88' lang='lat' dir='ltr'>appellati,</span> <span class='ocrx_word' id='word_1_175' title='bbox 428 1544 509 1572; x_wconf 87' lang='lat' dir='ltr'>non</span> <span class='ocrx_word' id='word_1_176' title='bbox 544 1535 690 1572; x_wconf 76' lang='lat' dir='ltr'>carent</span> <span class='ocrx_word' id='word_1_177' title='bbox 723 1530 835 1587; x_wconf 79' lang='lat' dir='ltr'>filios</span> <span class='ocrx_word' id='word_1_178' title='bbox 868 1544 920 1574; x_wconf 60' lang='grc' dir='ltr'>θέε</span> <span class='ocrx_word' id='word_1_179' title='bbox 953 1530 1033 1574; x_wconf 81' lang='lat' dir='ltr'>tali</span> <span class='ocrx_word' id='word_1_180' title='bbox 1064 1531 1351 1585; x_wconf 69' lang='lat' dir='ltr'>matrimonio,</span> <span class='ocrx_word' id='word_1_181' title='bbox 1376 1545 1454 1575; x_wconf 94' lang='lat' dir='ltr'>non</span> <span class='ocrx_word' id='word_1_182' title='bbox 1478 1531 1658 1588; x_wconf 84' lang='lat' dir='ltr'>aliquem</span> <span class='ocrx_word' id='word_1_183' title='bbox 1684 1533 1819 1576; x_wconf 84' lang='lat' dir='ltr'>forsan</span> 
     </span>
     <span class='ocr_line' id='line_1_22' title="bbox 184 1599 1820 1661; baseline 0.002 -19"><span class='ocrx_word' id='word_1_184' title='bbox 184 1599 466 1643; x_wconf 88' lang='lat' dir='ltr'>adulterinum</span> <span class='ocrx_word' id='word_1_185' title='bbox 501 1601 551 1643; x_wconf 90' lang='lat' dir='ltr'>de</span> <span class='ocrx_word' id='word_1_186' title='bbox 585 1614 666 1659; x_wconf 84' lang='lat' dir='ltr'>quo</span> <span class='ocrx_word' id='word_1_187' title='bbox 701 1601 899 1645; x_wconf 90' lang='lat' dir='ltr'>servandi</span> <span class='ocrx_word' id='word_1_188' title='bbox 934 1608 1069 1646; x_wconf 88' lang='lat' dir='ltr'>essent</span> <span class='ocrx_word' id='word_1_189' title='bbox 1103 1615 1192 1647; x_wconf 89' lang='lat' dir='ltr'>can.</span> <span class='ocrx_word' id='word_1_190' title='bbox 1228 1603 1327 1658; x_wconf 79' lang='lat'>770,</span> <span class='ocrx_word' id='word_1_191' title='bbox 1351 1604 1451 1658; x_wconf 87' lang='lat'>777,</span> <span class='ocrx_word' id='word_1_192' title='bbox 1475 1606 1500 1657; x_wconf 60' lang='lat' dir='ltr'>g</span> <span class='ocrx_word' id='word_1_193' title='bbox 1534 1603 1572 1657; x_wconf 61' lang='grc' dir='ltr'>ἱ),</span> <span class='ocrx_word' id='word_1_194' title='bbox 1607 1608 1820 1661; x_wconf 69' lang='lat' dir='ltr'>susceptos</span> 
     </span>
     <span class='ocr_line' id='line_1_23' title="bbox 184 1671 1819 1732; baseline 0.003 -19"><span class='ocrx_word' id='word_1_195' title='bbox 184 1671 408 1729; x_wconf 75' lang='lat' dir='ltr'>baptizari,</span> <span class='ocrx_word' id='word_1_196' title='bbox 444 1681 564 1728; x_wconf 88' lang='lat' dir='ltr'>prout</span> <span class='ocrx_word' id='word_1_197' title='bbox 598 1673 781 1716; x_wconf 87' lang='lat' dir='ltr'>tortassis</span> <span class='ocrx_word' id='word_1_198' title='bbox 816 1678 1010 1717; x_wconf 91' lang='lat' dir='ltr'>tenentur</span> <span class='ocrx_word' id='word_1_199' title='bbox 1044 1687 1209 1732; x_wconf 84' lang='lat' dir='ltr'>quoque</span> <span class='ocrx_word' id='word_1_200' title='bbox 1244 1675 1295 1717; x_wconf 91' lang='lat' dir='ltr'>de</span> <span class='ocrx_word' id='word_1_201' title='bbox 1319 1674 1396 1718; x_wconf 89' lang='lat' dir='ltr'>hoc</span> <span class='ocrx_word' id='word_1_202' title='bbox 1422 1677 1508 1731; x_wconf 90' lang='lat' dir='ltr'>ipso</span> <span class='ocrx_word' id='word_1_203' title='bbox 1537 1675 1752 1730; x_wconf 83' lang='lat' dir='ltr'>admoniti,</span> <span class='ocrx_word' id='word_1_204' title='bbox 1777 1679 1819 1718; x_wconf 90' lang='lat' dir='ltr'>ut</span> 
     </span>
     <span class='ocr_line' id='line_1_24' title="bbox 183 1743 1820 1803; baseline 0.002 -18"><span class='ocrx_word' id='word_1_205' title='bbox 183 1743 339 1786; x_wconf 83' lang='lat' dir='ltr'>(lictum</span> <span class='ocrx_word' id='word_1_206' title='bbox 374 1748 433 1786; x_wconf 87' lang='lat' dir='ltr'>est</span> <span class='ocrx_word' id='word_1_207' title='bbox 465 1756 604 1799; x_wconf 83' lang='lat' dir='ltr'>supra,</span> <span class='ocrx_word' id='word_1_208' title='bbox 639 1743 680 1797; x_wconf 90' lang='lat' dir='ltr'>d)</span> <span class='ocrx_word' id='word_1_209' title='bbox 714 1749 789 1786; x_wconf 79' lang='lat' dir='ltr'>ant</span> <span class='ocrx_word' id='word_1_210' title='bbox 823 1758 890 1787; x_wconf 80' lang='lat' dir='ltr'>eos</span> <span class='ocrx_word' id='word_1_211' title='bbox 937 1743 1212 1801; x_wconf 75' lang='lat' dir='ltr'>baptizandos</span> <span class='ocrx_word' id='word_1_212' title='bbox 1255 1751 1402 1788; x_wconf 78' lang='lat' dir='ltr'>carent</span> <span class='ocrx_word' id='word_1_213' title='bbox 1449 1744 1577 1803; x_wconf 80' lang='lat' dir='ltr'>salsis</span> <span class='ocrx_word' id='word_1_214' title='bbox 1610 1746 1820 1803; x_wconf 77' lang='lat' dir='ltr'>eoepressis</span> 
     </span>
     <span class='ocr_line' id='line_1_25' title="bbox 183 1812 1820 1872; baseline 0.004 -17"><span class='ocrx_word' id='word_1_215' title='bbox 183 1812 419 1857; x_wconf 77' lang='lat' dir='ltr'>nominibus</span> <span class='ocrx_word' id='word_1_216' title='bbox 452 1820 686 1871; x_wconf 85' lang='lat' dir='ltr'>parentum,</span> <span class='ocrx_word' id='word_1_217' title='bbox 724 1831 747 1856; x_wconf 76' lang='grc' dir='ltr'>α</span> <span class='ocrx_word' id='word_1_218' title='bbox 770 1817 866 1872; x_wconf 87' lang='lat' dir='ltr'>quia</span> <span class='ocrx_word' id='word_1_219' title='bbox 902 1816 952 1859; x_wconf 89' lang='lat' dir='ltr'>ad</span> <span class='ocrx_word' id='word_1_220' title='bbox 989 1816 1262 1872; x_wconf 88' lang='lat' dir='ltr'>operiendum</span> <span class='ocrx_word' id='word_1_221' title='bbox 1297 1816 1402 1860; x_wconf 88' lang='lat' dir='ltr'>clam</span> <span class='ocrx_word' id='word_1_222' title='bbox 1429 1819 1574 1860; x_wconf 90' lang='lat' dir='ltr'>initum</span> <span class='ocrx_word' id='word_1_223' title='bbox 1612 1819 1820 1861; x_wconf 90' lang='lat' dir='ltr'>matrimo-</span> 
     </span>
     <span class='ocr_line' id='line_1_26' title="bbox 183 1884 1820 1945; baseline 0.002 -18"><span class='ocrx_word' id='word_1_224' title='bbox 183 1887 312 1938; x_wconf 85' lang='lat' dir='ltr'>nium,</span> <span class='ocrx_word' id='word_1_225' title='bbox 347 1884 465 1928; x_wconf 77' lang='lat' dir='ltr'>facile</span> <span class='ocrx_word' id='word_1_226' title='bbox 498 1890 558 1928; x_wconf 88' lang='lat' dir='ltr'>est</span> <span class='ocrx_word' id='word_1_227' title='bbox 593 1888 632 1928; x_wconf 93' lang='lat' dir='ltr'>in</span> <span class='ocrx_word' id='word_1_228' title='bbox 669 1885 773 1930; x_wconf 89' lang='lat' dir='ltr'>libro</span> <span class='ocrx_word' id='word_1_229' title='bbox 808 1885 1110 1944; x_wconf 89' lang='lat' dir='ltr'>baptizatorum</span> <span class='ocrx_word' id='word_1_230' title='bbox 1148 1887 1302 1931; x_wconf 90' lang='lat' dir='ltr'>nullam</span> <span class='ocrx_word' id='word_1_231' title='bbox 1343 1888 1431 1931; x_wconf 81' lang='lat' dir='ltr'>fieri</span> <span class='ocrx_word' id='word_1_232' title='bbox 1468 1890 1717 1931; x_wconf 90' lang='lat' dir='ltr'>mentionem</span> <span class='ocrx_word' id='word_1_233' title='bbox 1755 1901 1820 1945; x_wconf 86' lang='lat' dir='ltr'>pa·</span> 
     </span>
     <span class='ocr_line' id='line_1_27' title="bbox 186 1958 1816 2013; baseline 0.002 -15"><span class='ocrx_word' id='word_1_234' title='bbox 186 1961 364 2011; x_wconf 88' lang='lat' dir='ltr'>rentum,</span> <span class='ocrx_word' id='word_1_235' title='bbox 398 1961 436 1999; x_wconf 88' lang='lat' dir='ltr'>et</span> <span class='ocrx_word' id='word_1_236' title='bbox 470 1970 613 2000; x_wconf 89' lang='lat' dir='ltr'>eorum</span> <span class='ocrx_word' id='word_1_237' title='bbox 649 1960 815 2001; x_wconf 86' lang='lat' dir='ltr'>nomina</span> <span class='ocrx_word' id='word_1_238' title='bbox 845 1958 1034 2002; x_wconf 91' lang='lat' dir='ltr'>consulto</span> <span class='ocrx_word' id='word_1_239' title='bbox 1059 1961 1226 2002; x_wconf 88' lang='lat' dir='ltr'>reticeri</span> <span class='ocrx_word' id='word_1_240' title='bbox 1252 1976 1267 1997; x_wconf 92' lang='lat'>»</span> <span class='ocrx_word' id='word_1_241' title='bbox 1290 1977 1299 2013; x_wconf 89' lang='lat'>;</span> <span class='ocrx_word' id='word_1_242' title='bbox 1333 1961 1366 2002; x_wconf 92' lang='lat' dir='ltr'>si</span> <span class='ocrx_word' id='word_1_243' title='bbox 1389 1964 1527 2002; x_wconf 91' lang='lat' dir='ltr'>tamen</span> <span class='ocrx_word' id='word_1_244' title='bbox 1552 1959 1591 2002; x_wconf 90' lang='lat' dir='ltr'>id</span> <span class='ocrx_word' id='word_1_245' title='bbox 1618 1959 1816 2012; x_wconf 74' lang='lat' dir='ltr'>facerent,</span> 
     </span>
     <span class='ocr_line' id='line_1_28' title="bbox 182 2027 1816 2086; baseline 0.002 -17"><span class='ocrx_word' id='word_1_246' title='bbox 182 2027 283 2084; x_wconf 78' lang='lat' dir='ltr'>quin</span> <span class='ocrx_word' id='word_1_247' title='bbox 317 2027 488 2070; x_wconf 75' lang='lat' dir='ltr'>interim</span> <span class='ocrx_word' id='word_1_248' title='bbox 526 2027 759 2072; x_wconf 79' lang='lat' dir='ltr'>Ordinario</span> <span class='ocrx_word' id='word_1_249' title='bbox 794 2029 1007 2086; x_wconf 89' lang='lat' dir='ltr'>praedicto</span> <span class='ocrx_word' id='word_1_250' title='bbox 1041 2030 1118 2073; x_wconf 91' lang='lat' dir='ltr'>loci</span> <span class='ocrx_word' id='word_1_251' title='bbox 1153 2029 1221 2073; x_wconf 89' lang='lat' dir='ltr'>ubi</span> <span class='ocrx_word' id='word_1_252' title='bbox 1258 2032 1568 2073; x_wconf 89' lang='lat' dir='ltr'>matrimonium</span> <span class='ocrx_word' id='word_1_253' title='bbox 1604 2031 1679 2073; x_wconf 84' lang='lat' dir='ltr'>tuit</span> <span class='ocrx_word' id='word_1_254' title='bbox 1711 2029 1816 2074; x_wconf 88' lang='lat' dir='ltr'>cele-</span> 
     </span>
     <span class='ocr_line' id='line_1_29' title="bbox 184 2097 1817 2157; baseline 0.003 -17"><span class='ocrx_word' id='word_1_255' title='bbox 184 2097 348 2141; x_wconf 87' lang='lat' dir='ltr'>bratum</span> <span class='ocrx_word' id='word_1_256' title='bbox 383 2098 499 2141; x_wconf 81' lang='lat' dir='ltr'>intra</span> <span class='ocrx_word' id='word_1_257' title='bbox 535 2099 715 2157; x_wconf 73' lang='lat' dir='ltr'>triyinta</span> <span class='ocrx_word' id='word_1_258' title='bbox 749 2099 839 2143; x_wconf 77' lang='lat' dir='ltr'>dies</span> <span class='ocrx_word' id='word_1_259' title='bbox 872 2113 921 2143; x_wconf 87' lang='lat' dir='ltr'>ex</span> <span class='ocrx_word' id='word_1_260' title='bbox 958 2106 1086 2145; x_wconf 90' lang='lat' dir='ltr'>const.</span> <span class='ocrx_word' id='word_1_261' title='bbox 1122 2100 1273 2145; x_wconf 92' lang='lat' dir='ltr'>Bened.</span> <span class='ocrx_word' id='word_1_262' title='bbox 1315 2117 1334 2141; x_wconf 88' lang='grc'><em>«</em></span> <span class='ocrx_word' id='word_1_263' title='bbox 1358 2113 1378 2144; x_wconf 88' lang='lat' dir='ltr'>a</span> <span class='ocrx_word' id='word_1_264' title='bbox 1414 2103 1630 2144; x_wconf 91' lang='lat' dir='ltr'>nativitate</span> <span class='ocrx_word' id='word_1_265' title='bbox 1673 2114 1817 2145; x_wconf 89' lang='lat' dir='ltr'>nume-</span> 
     </span>
     <span class='ocr_line' id='line_1_30' title="bbox 183 2169 1814 2230; baseline 0.003 -19"><span class='ocrx_word' id='word_1_266' title='bbox 183 2169 334 2212; x_wconf 87' lang='lat' dir='ltr'>randos</span> <span class='ocrx_word' id='word_1_267' title='bbox 355 2185 396 2223; x_wconf 76' lang='lat'>›&gt;,</span> <span class='ocrx_word' id='word_1_268' title='bbox 430 2174 469 2213; x_wconf 86' lang='lat' dir='ltr'>et</span> <span class='ocrx_word' id='word_1_269' title='bbox 508 2170 602 2214; x_wconf 86' lang='lat' dir='ltr'>«de</span> <span class='ocrx_word' id='word_1_270' title='bbox 640 2175 848 2214; x_wconf 88' lang='lat' dir='ltr'>momento</span> <span class='ocrx_word' id='word_1_271' title='bbox 884 2171 934 2215; x_wconf 86' lang='lat' dir='ltr'>ad</span> <span class='ocrx_word' id='word_1_272' title='bbox 971 2177 1273 2215; x_wconf 81' lang='lat' dir='ltr'>momentum»</span> <span class='ocrx_word' id='word_1_273' title='bbox 1312 2171 1422 2229; x_wconf 87' lang='lat' dir='ltr'>(can.</span> <span class='ocrx_word' id='word_1_274' title='bbox 1450 2172 1520 2225; x_wconf 78' lang='lat'>34,</span> <span class='ocrx_word' id='word_1_275' title='bbox 1551 2172 1579 2230; x_wconf 62' lang='grc' dir='ltr'><strong>ξ</strong></span> <span class='ocrx_word' id='word_1_276' title='bbox 1613 2171 1656 2230; x_wconf 70' lang='lat'>2)</span> <span class='ocrx_word' id='word_1_277' title='bbox 1689 2172 1760 2216; x_wconf 90' lang='lat' dir='ltr'>sed</span> <span class='ocrx_word' id='word_1_278' title='bbox 1795 2185 1814 2216; x_wconf 85' lang='lat' dir='ltr'>a</span> 
     </span>
     <span class='ocr_line' id='line_1_31' title="bbox 182 2239 1818 2300; baseline 0.001 -18"><span class='ocrx_word' id='word_1_279' title='bbox 182 2239 309 2296; x_wconf 88' lang='lat' dir='ltr'>prolis</span> <span class='ocrx_word' id='word_1_280' title='bbox 342 2239 604 2296; x_wconf 84' lang='lat' dir='ltr'>baptismate,</span> <span class='ocrx_word' id='word_1_281' title='bbox 637 2244 670 2284; x_wconf 90' lang='lat' dir='ltr'>si</span> <span class='ocrx_word' id='word_1_282' title='bbox 708 2244 785 2286; x_wconf 85' lang='lat' dir='ltr'>hoc</span> <span class='ocrx_word' id='word_1_283' title='bbox 818 2243 1074 2298; x_wconf 85' lang='lat' dir='ltr'>conferatur,</span> <span class='ocrx_word' id='word_1_284' title='bbox 1107 2243 1334 2300; x_wconf 84' lang='lat' dir='ltr'>prudenter</span> <span class='ocrx_word' id='word_1_285' title='bbox 1366 2243 1565 2287; x_wconf 85' lang='lat' dir='ltr'>notitiam</span> <span class='ocrx_word' id='word_1_286' title='bbox 1594 2242 1731 2300; x_wconf 79' lang='lat' dir='ltr'>prolis</span> <span class='ocrx_word' id='word_1_287' title='bbox 1753 2257 1818 2286; x_wconf 78' lang='lat' dir='ltr'>sn-</span> 
     </span>
     <span class='ocr_line' id='line_1_32' title="bbox 178 2311 1814 2372; baseline 0.002 -19"><span class='ocrx_word' id='word_1_288' title='bbox 178 2316 347 2368; x_wconf 81' lang='lat' dir='ltr'>seeptae</span> <span class='ocrx_word' id='word_1_289' title='bbox 379 2311 500 2354; x_wconf 90' lang='lat' dir='ltr'>simul</span> <span class='ocrx_word' id='word_1_290' title='bbox 535 2317 575 2354; x_wconf 87' lang='lat' dir='ltr'>et</span> <span class='ocrx_word' id='word_1_291' title='bbox 607 2313 797 2356; x_wconf 81' lang='lat' dir='ltr'>eiusdem</span> <span class='ocrx_word' id='word_1_292' title='bbox 832 2313 1072 2370; x_wconf 76' lang='lat' dir='ltr'>baptizatae</span> <span class='ocrx_word' id='word_1_293' title='bbox 1114 2328 1205 2357; x_wconf 82' lang='lat' dir='ltr'>eam</span> <span class='ocrx_word' id='word_1_294' title='bbox 1251 2314 1418 2357; x_wconf 75' lang='lat' dir='ltr'>sincera</span> <span class='ocrx_word' id='word_1_295' title='bbox 1450 2313 1710 2357; x_wconf 83' lang='lat' dir='ltr'>indicatione</span> <span class='ocrx_word' id='word_1_296' title='bbox 1738 2327 1814 2372; x_wconf 85' lang='lat' dir='ltr'>pa-</span> 
     </span>
     <span class='ocr_line' id='line_1_33' title="bbox 182 2382 1817 2442; baseline 0.002 -18"><span class='ocrx_word' id='word_1_297' title='bbox 182 2387 348 2425; x_wconf 75' lang='lat' dir='ltr'>rentum</span> <span class='ocrx_word' id='word_1_298' title='bbox 379 2382 626 2439; x_wconf 74' lang='lat' dir='ltr'>praebeant,</span> <span class='ocrx_word' id='word_1_299' title='bbox 661 2390 782 2440; x_wconf 91' lang='lat' dir='ltr'>prout</span> <span class='ocrx_word' id='word_1_300' title='bbox 819 2387 857 2426; x_wconf 78' lang='lat' dir='ltr'>vi</span> <span class='ocrx_word' id='word_1_301' title='bbox 892 2384 1016 2428; x_wconf 88' lang='lat' dir='ltr'>huius</span> <span class='ocrx_word' id='word_1_302' title='bbox 1049 2387 1220 2428; x_wconf 89' lang='lat' dir='ltr'>canonis</span> <span class='ocrx_word' id='word_1_303' title='bbox 1252 2385 1548 2442; x_wconf 81' lang='lat' dir='ltr'>obligationem</span> <span class='ocrx_word' id='word_1_304' title='bbox 1575 2384 1817 2429; x_wconf 87' lang='lat' dir='ltr'>christiano-</span> 
     </span>
     <span class='ocr_line' id='line_1_34' title="bbox 179 2454 1815 2513; baseline 0.002 -18"><span class='ocrx_word' id='word_1_305' title='bbox 179 2466 274 2496; x_wconf 90' lang='lat' dir='ltr'>rum</span> <span class='ocrx_word' id='word_1_306' title='bbox 310 2458 527 2508; x_wconf 88' lang='lat' dir='ltr'>parentum</span> <span class='ocrx_word' id='word_1_307' title='bbox 563 2454 852 2498; x_wconf 85' lang='lat' dir='ltr'>confirmantis</span> <span class='ocrx_word' id='word_1_308' title='bbox 885 2454 1136 2512; x_wconf 74' lang='lat' dir='ltr'>obligantur,</span> <span class='ocrx_word' id='word_1_309' title='bbox 1170 2455 1210 2512; x_wconf 91' lang='lat' dir='ltr'>e)</span> <span class='ocrx_word' id='word_1_310' title='bbox 1244 2455 1319 2508; x_wconf 83' lang='lat' dir='ltr'>vel,</span> <span class='ocrx_word' id='word_1_311' title='bbox 1347 2457 1540 2513; x_wconf 88' lang='lat' dir='ltr'>quamvis</span> <span class='ocrx_word' id='word_1_312' title='bbox 1573 2457 1710 2499; x_wconf 89' lang='lat' dir='ltr'>omnia</span> <span class='ocrx_word' id='word_1_313' title='bbox 1747 2454 1815 2499; x_wconf 93' lang='lat' dir='ltr'>illa</span> 
     </span>
     <span class='ocr_line' id='line_1_35' title="bbox 177 2522 1813 2583; baseline 0.001 -18"><span class='ocrx_word' id='word_1_314' title='bbox 177 2522 464 2579; x_wconf 75' lang='lat' dir='ltr'>impleverint,</span> <span class='ocrx_word' id='word_1_315' title='bbox 500 2523 783 2568; x_wconf 73' lang='lat' dir='ltr'>christianam</span> <span class='ocrx_word' id='word_1_316' title='bbox 816 2525 1002 2582; x_wconf 77' lang='lat' dir='ltr'>filioram</span> <span class='ocrx_word' id='word_1_317' title='bbox 1034 2525 1323 2569; x_wconf 73' lang='lat' dir='ltr'>educationem</span> <span class='ocrx_word' id='word_1_318' title='bbox 1371 2525 1601 2583; x_wconf 71' lang='lat' dir='ltr'>neqliyant,</span> <span class='ocrx_word' id='word_1_319' title='bbox 1638 2525 1750 2569; x_wconf 85' lang='lat' dir='ltr'>velut</span> <span class='ocrx_word' id='word_1_320' title='bbox 1781 2527 1813 2569; x_wconf 91' lang='lat' dir='ltr'>si</span> 
     </span>
     <span class='ocr_line' id='line_1_36' title="bbox 176 2593 1747 2654; baseline 0.002 -19"><span class='ocrx_word' id='word_1_321' title='bbox 176 2593 328 2636; x_wconf 89' lang='lat' dir='ltr'>eadem</span> <span class='ocrx_word' id='word_1_322' title='bbox 363 2607 441 2636; x_wconf 91' lang='lat' dir='ltr'>non</span> <span class='ocrx_word' id='word_1_323' title='bbox 480 2594 741 2638; x_wconf 88' lang='lat' dir='ltr'>incumberet</span> <span class='ocrx_word' id='word_1_324' title='bbox 775 2598 847 2649; x_wconf 88' lang='lat' dir='ltr'>eis,</span> <span class='ocrx_word' id='word_1_325' title='bbox 881 2598 950 2654; x_wconf 89' lang='lat' dir='ltr'>qui</span> <span class='ocrx_word' id='word_1_326' title='bbox 986 2600 1029 2639; x_wconf 89' lang='lat' dir='ltr'>ut</span> <span class='ocrx_word' id='word_1_327' title='bbox 1062 2601 1254 2653; x_wconf 87' lang='lat' dir='ltr'>parentes</span> <span class='ocrx_word' id='word_1_328' title='bbox 1285 2601 1381 2639; x_wconf 89' lang='lat' dir='ltr'>sunt</span> <span class='ocrx_word' id='word_1_329' title='bbox 1414 2595 1578 2653; x_wconf 91' lang='lat' dir='ltr'>publice</span> <span class='ocrx_word' id='word_1_330' title='bbox 1603 2597 1747 2652; x_wconf 84' lang='lat' dir='ltr'>ignoti.</span> 
     </span>
    </p>

    <p class='ocr_par' dir='ltr' id='par_1_5' title="bbox 304 2664 1813 2718">
     <span class='ocr_line' id='line_1_37' title="bbox 304 2664 1813 2718; baseline 0.001 -8"><span class='ocrx_word' id='word_1_331' title='bbox 304 2664 401 2706; x_wconf 78' lang='lat'>513.</span> <span class='ocrx_word' id='word_1_332' title='bbox 439 2667 799 2712; x_wconf 85' lang='lat' dir='ltr'>Adnotationes</span> <span class='ocrx_word' id='word_1_333' title='bbox 845 2671 946 2712; x_wconf 87' lang='lat' dir='ltr'>tum</span> <span class='ocrx_word' id='word_1_334' title='bbox 990 2669 1285 2713; x_wconf 85' lang='lat' dir='ltr'>matrimonii</span> <span class='ocrx_word' id='word_1_335' title='bbox 1333 2669 1680 2718; x_wconf 87' lang='lat' dir='ltr'>conscientiae,</span> <span class='ocrx_word' id='word_1_336' title='bbox 1711 2670 1813 2712; x_wconf 90' lang='lat' dir='ltr'>tum</span> 
     </span>
    </p>
   </div>
   <div class='ocr_carea' id='block_1_4' title="bbox 174 2737 1813 2937">
    <p class='ocr_par' dir='ltr' id='par_1_6' title="bbox 174 2737 1813 2937">
     <span class='ocr_line' id='line_1_38' title="bbox 182 2737 1813 2795; baseline 0 -15"><span class='ocrx_word' id='word_1_337' title='bbox 182 2737 419 2792; x_wconf 89' lang='lat' dir='ltr'>baptismi</span> <span class='ocrx_word' id='word_1_338' title='bbox 452 2739 605 2793; x_wconf 84' lang='lat' dir='ltr'>prolis</span> <span class='ocrx_word' id='word_1_339' title='bbox 638 2739 751 2783; x_wconf 90' lang='lat' dir='ltr'>inde</span> <span class='ocrx_word' id='word_1_340' title='bbox 784 2741 944 2784; x_wconf 90' lang='lat' dir='ltr'>natae.</span> <span class='ocrx_word' id='word_1_341' title='bbox 984 2763 1033 2768; x_wconf 93' lang='lat'>—</span> <span class='ocrx_word' id='word_1_342' title='bbox 1069 2737 1185 2781; x_wconf 83' lang='lat' dir='ltr'>quta</span> <span class='ocrx_word' id='word_1_343' title='bbox 1219 2751 1280 2792; x_wconf 90' lang='lat' dir='ltr'>ea,</span> <span class='ocrx_word' id='word_1_344' title='bbox 1313 2750 1420 2795; x_wconf 87' lang='lat' dir='ltr'>quae</span> <span class='ocrx_word' id='word_1_345' title='bbox 1453 2740 1492 2780; x_wconf 94' lang='lat' dir='ltr'>in</span> <span class='ocrx_word' id='word_1_346' title='bbox 1526 2742 1654 2782; x_wconf 89' lang='lat' dir='ltr'>const.</span> <span class='ocrx_word' id='word_1_347' title='bbox 1689 2737 1813 2780; x_wconf 90' lang='lat' dir='ltr'>Bene-</span> 
     </span>
     <span class='ocr_line' id='line_1_39' title="bbox 174 2805 1810 2864; baseline 0 -16"><span class='ocrx_word' id='word_1_348' title='bbox 174 2805 331 2849; x_wconf 89' lang='lat' dir='ltr'>dictina</span> <span class='ocrx_word' id='word_1_349' title='bbox 354 2805 431 2849; x_wconf 89' lang='lat' dir='ltr'>sub</span> <span class='ocrx_word' id='word_1_350' title='bbox 455 2806 512 2864; x_wconf 59' lang='lat' dir='ltr'>§g</span> <span class='ocrx_word' id='word_1_351' title='bbox 543 2807 591 2849; x_wconf 85' lang='lat'>10</span> <span class='ocrx_word' id='word_1_352' title='bbox 613 2812 652 2850; x_wconf 92' lang='lat' dir='ltr'>et</span> <span class='ocrx_word' id='word_1_353' title='bbox 679 2808 723 2850; x_wconf 88' lang='grc'>11</span> <span class='ocrx_word' id='word_1_354' title='bbox 756 2811 1034 2863; x_wconf 82' lang='lat' dir='ltr'>continentur,</span> <span class='ocrx_word' id='word_1_355' title='bbox 1052 2809 1248 2852; x_wconf 90' lang='lat' dir='ltr'>admonet</span> <span class='ocrx_word' id='word_1_356' title='bbox 1265 2807 1554 2864; x_wconf 87' lang='lat' dir='ltr'>praescribens</span> <span class='ocrx_word' id='word_1_357' title='bbox 1572 2822 1662 2850; x_wconf 81' lang='lat' dir='ltr'>ean.</span> <span class='ocrx_word' id='word_1_358' title='bbox 1682 2809 1810 2850; x_wconf 86' lang='lat'><strong><em>1107.</em></strong></span> 
     </span>
     <span class='ocr_line' id='line_1_40' title="bbox 179 2874 1809 2937; baseline 0.002 -20"><span class='ocrx_word' id='word_1_359' title='bbox 179 2874 502 2920; x_wconf 74' lang='lat' dir='ltr'>Matrimonium</span> <span class='ocrx_word' id='word_1_360' title='bbox 545 2878 828 2921; x_wconf 78' lang='lat' dir='ltr'>eonscientiae</span> <span class='ocrx_word' id='word_1_361' title='bbox 876 2879 1148 2934; x_wconf 88' lang='lat' dir='ltr'>celebratum,</span> <span class='ocrx_word' id='word_1_362' title='bbox 1184 2883 1223 2923; x_wconf 88' lang='lat' dir='ltr'>et</span> <span class='ocrx_word' id='word_1_363' title='bbox 1255 2879 1392 2937; x_wconf 89' lang='lat' dir='ltr'>quoad</span> <span class='ocrx_word' id='word_1_364' title='bbox 1429 2879 1585 2936; x_wconf 91' lang='lat' dir='ltr'>prolem</span> <span class='ocrx_word' id='word_1_365' title='bbox 1620 2891 1728 2936; x_wconf 88' lang='lat' dir='ltr'>quae</span> <span class='ocrx_word' id='word_1_366' title='bbox 1760 2891 1809 2922; x_wconf 89' lang='lat' dir='ltr'>ex</span> 
     </span>
    </p>
   </div>
   <div class='ocr_carea' id='block_1_5' title="bbox 1903 0 1971 3261">
    <p class='ocr_par' dir='ltr' id='par_1_7' title="bbox 1903 0 1971 3261">
     <span class='ocr_line' id='line_1_41' title="bbox 1903 0 1971 3261; baseline 0 0"><span class='ocrx_word' id='word_1_367' title='bbox 1903 0 1971 3261; x_wconf 95' lang='lat' dir='ltr'> </span> 
     </span>
    </p>
   </div>
  </div>
 </body>
</html>
