1971 3261
189 152 258 186 696
592 150 675 183 Lm.
702 148 773 183 III.
801 167 813 173 ·
838 148 950 182 PARS
977 148 1006 184 I.
1032 169 1044 174 -
1071 148 1130 183 De
1154 148 1419 184 &aeramentis
1601 148 1692 184 Can.
1720 150 1813 185 1135
1878 148 1886 169 ’·
1923 140 1926 144 ’

336 271 432 313 549.
468 272 705 316 Diversus
737 271 912 315 modus
944 270 1283 315 renovationis
1306 282 1576 315 consensus
1608 269 1761 325 pendet
1789 282 1813 314 a

187 343 352 385 diversa
387 341 671 397 impedimenti
705 341 956 396 cognitione,
989 343 1111 396 prout
1153 344 1215 382 est
1250 339 1314 383 vel
1347 339 1512 396 publice
1554 345 1710 392 notum,
1749 341 1811 384 vel

187 415 351 469 utrique
387 414 506 467 parti,
541 410 605 454 vel
640 410 829 454 alterutri
873 414 1046 465 tantum,
1081 422 1161 467 qua
1195 410 1247 454 de
1279 422 1403 454 causa
1447 412 1486 453 in
1519 414 1604 454 tres
1634 412 1722 464 ἔξω
1752 411 1812 454 di-

189 484 301 525 visus
323 486 384 524 est
406 494 496 524 can.
519 482 645 524 1135.
677 480 705 538 ξ
729 484 766 524 1.
801 479 846 523 Si
869 478 1213 537 impedimentum
1243 495 1265 521 «
1287 480 1526 523 dirimens»
1555 479 1663 538 (ean.
1686 481 1812 533 1133,

186 554 213 611 ἓ
247 554 289 609 1)
322 552 379 595 sit
407 551 633 609 publicum,
668 564 844 607 nempe:
884 566 904 591 <‹
927 551 1036 608 quod
1064 550 1229 607 probari
1265 553 1304 594 in
1329 552 1414 594 foro
1437 556 1609 594 externo
1634 556 1809 608 potest»

185 625 359 677 (canone
378 621 529 679 1037),
561 624 600 676 a)
617 635 841 664 consensus
876 620 916 678 b)
932 620 982 664 ab
1002 626 1181 679 utraque
1194 626 1321 679 parte
1338 621 1624 678 impedimenti
1647 624 1813 667 conscia

188 694 252 737 vel
287 693 548 737 certioranda
586 692 853 736 renovandus
889 697 951 735 est
993 693 1042 736 ad
1078 705 1267 736 normam
1302 705 1391 737 can.
1429 692 1555 747 1134,
1597 694 1641 749 c)
1673 692 1815 752 forma

185 766 279 808 iure
311 765 443 808 idest:
477 777 569 808 can.
604 765 714 807 1094
746 764 1028 822 praescripta.
1065 763 1330 821 Potiusquam
1353 764 1633 808 convalidatio
1667 778 1813 809 revera

186 841 245 880 est
279 838 531 880 matrimonii
565 835 790 879 celebratio
826 835 962 878 valide
996 837 1155 878 iterata.

302 906 331 965 ξ
364 908 401 950 2.
437 907 482 950 Si
514 907 570 949 sit
602 906 809 950 occultum
846 905 1235 962 «impedimentum
1271 906 1517 950 dirimens»
1554 907 1659 962 (can.
1686 906 1814 960 1133,

183 977 211 1036 g
246 977 302 1035 1),
336 992 384 1021 eo
421 977 571 1036 «quod
606 976 771 1034 probari
807 979 845 1020 in
880 978 967 1020 foro
1000 981 1174 1020 externo
1210 981 1433 1034 nequeat»
1462 982 1568 1034 (can.
1594 976 1742 1034 1037),
1776 982 1814 1020 et

186 1049 355 1107 utrique
384 1048 504 1106 parti
534 1050 643 1092 sicut
674 1053 847 1105 apparet
889 1061 965 1092 ceu
1000 1049 1167 1104 coniugi
1210 1053 1355 1091 nolum
1398 1049 1436 1091 in
1473 1050 1677 1104 praesenti
1712 1053 1813 1091 tem-

184 1133 298 1177 pore,
320 1120 427 1163 satis
449 1125 524 1172 est,
547 1124 734 1163 cessante
757 1124 828 1162 aut
849 1119 1086 1175 dispensato
1110 1118 1424 1175 impedimento,
1458 1118 1499 1175 a)
1524 1124 1569 1161 ut
1590 1132 1815 1162 consensus

186 1191 502 1236 matrimonialis
534 1190 584 1233 ab
618 1195 798 1248 utraque
825 1196 951 1248 parte
991 1190 1043 1233 ad
1087 1202 1274 1232 normam
1320 1202 1409 1233 can.
1447 1189 1559 1232 1134
1591 1195 1816 1233 renovetur

186 1262 230 1320 b)
259 1262 479 1321 privatim,
512 1262 551 1306 id
586 1267 674 1305 est:
719 1263 848 1305 forma
886 1261 1180 1305 celebrationis
1225 1262 1476 1304 matrimonii
1519 1274 1599 1304 non
1633 1267 1814 1315 servata,

186 1334 225 1391 e)
255 1338 295 1376 et
325 1339 482 1376 secreto
517 1335 623 1377 inter
656 1336 764 1390 ipsas
796 1333 1095 1376 manifestatus.

303 1405 331 1463 ξ
364 1405 400 1448 3.
436 1404 483 1449 Si
513 1404 570 1448 sit
601 1404 822 1456 oecultum,
860 1408 982 1461 prout
1016 1406 1052 1446 in
1087 1401 1132 1458 ἕο
1166 1403 1210 1446 ,⁶2⁰
1242 1404 1319 1446 fuit
1360 1403 1633 1459 declaratum,
1665 1408 1705 1446 et
1742 1403 1816 1447 uni

183 1475 302 1534 parti
334 1476 385 1519 ob
408 1488 612 1532 apparens
636 1477 946 1519 matrimonium
979 1474 1183 1531 imolam,
1206 1486 1313 1531 quae
1337 1474 1420 1517 duo
1442 1473 1562 1517 facile
1584 1476 1816 1518 coexistere

187 1552 369 1604 possunt,
404 1552 446 1590 ut
495 1551 621 1603 patet,
662 1546 770 1589 satis
801 1551 863 1589 est
909 1546 959 1589 ad
1009 1545 1360 1589 convalidandum
1411 1546 1738 1600 matrimonium,
1771 1550 1816 1588 ut

185 1620 224 1675 a>
255 1617 347 1661 sola
377 1632 495 1676 pars,
529 1618 626 1670 (non
661 1617 790 1661 altera
824 1619 889 1661 cui
924 1621 986 1660 est
1019 1619 1204 1673 ignotum
1242 1615 1603 1672 impedimentum,
1637 1617 1690 1659 ita
1724 1615 1816 1659 sub-

186 1689 279 1733 latis
300 1691 496 1732 contrarii
522 1691 624 1732 iuris
647 1694 800 1745 praec.⁵
822 1686 1169 1744 difficultatibus),
1193 1685 1484 1744 impedimenti
1506 1685 1686 1737 conscia,
1703 1686 1813 1743 quod

186 1762 353 1816 insuper
384 1762 645 1816 supponitur,
680 1764 838 1803 remoto
871 1759 1169 1816 impedimento
1202 1757 1346 1802 saltem
1372 1756 1425 1801 ob
1447 1761 1699 1814 exequutam
1734 1756 1814 1800 dis-

187 1834 484 1888 pensationem,
529 1830 571 1888 b)
605 1844 850 1874 eonsensum
903 1845 924 1871 <t
947 1829 1296 1873 matrimonialem
1321 1844 1342 1869 1>
1394 1831 1500 1882 (ean.
1536 1828 1664 1882 1081,
1695 1827 1724 1886 ἓ
1756 1828 1814 1885 2),

186 1902 226 1960 c)
256 1903 458 1960 privatim
494 1908 536 1946 ut
570 1906 608 1945 in
641 1902 687 1961 §⁰
722 1914 857 1959 praec.
903 1900 948 1958 d)
981 1906 1020 1943 et
1052 1905 1225 1957 secreto,
1259 1899 1377 1943 alteri
1413 1898 1640 1955 prudenter
1668 1898 1812 1942 saltem

187 1975 305 2017 factis
337 1975 642 2017 manifestatum
675 1978 843 2016 renovet
891 1972 941 2015 ad
990 1983 1178 2015 normam
1215 1983 1306 2015 can.
1342 1970 1470 2025 1134,
1520 1968 1560 2027 e)
1593 1968 1816 2013 dummodo

186 2044 339 2099 altera,
372 2047 567 2102 quamvis
598 2057 846 2088 consensum
880 2056 960 2086 non
994 2046 1182 2094 renovet,
1217 2046 1397 2085 attamen
1431 2041 1476 2083 in
1501 2053 1701 2083 consensu
1735 2053 1814 2084 ma-

188 2115 410 2159 trimoniali
443 2116 545 2159 alias
578 2118 657 2159 iam
685 2115 898 2173 praestito
935 2113 1070 2171 quoad
1105 2113 1183 2156 hoc
1227 2112 1439 2169 singulare
1476 2110 1687 2164 vinculum
1718 2124 1817 2168 per-

186 2192 344 2230 severet
376 2186 519 2230 saltem
560 2185 828 2230 habitualiter
864 2185 916 2229 ob
953 2189 1192 2229 contractus
1235 2188 1441 2237 naturam,
1476 2195 1654 2238 nempe:
1699 2181 1814 2225 illum

187 2271 266 2301 non
301 2259 603 2311 retractaverit,
639 2262 805 2313 propter
838 2257 946 2300 dicta
980 2258 1019 2298 in
1053 2268 1143 2299 can.
1179 2255 1306 2308 1081,
1341 2253 1368 2311 ξ
1405 2255 1440 2297 1.

304 2328 480 2372 Demum
515 2328 593 2371 alia
627 2327 869 2385 hypothesis
896 2328 1067 2370 evenire
1101 2331 1234 2382 potest
1272 2325 1324 2368 de
1356 2323 1519 2368 occulto
1557 2336 1706 2379 nempe
1739 2325 1814 2365 im-

189 2400 439 2457 pedimento,
471 2399 580 2456 quod
615 2402 829 2455 ignoretur
862 2397 914 2442 ab
946 2403 1123 2454 utraque
1157 2401 1272 2453 parte
1308 2398 1346 2438 in
1380 2397 1539 2438 ratione
1574 2392 1814 2450 prohibitio—

186 2474 262 2526 nis,
311 2483 417 2528 quae
465 2469 704 2527 hypothesis
752 2472 790 2512 in
824 2481 982 2512 canone
1029 2469 1233 2511 omittitur
1281 2479 1358 2509 nec
1405 2468 1494 2509 sine
1526 2476 1665 2508 causa.
1713 2463 1817 2521 Sup-

187 2543 353 2599 ponitur
400 2542 508 2584 euim
558 2542 609 2584 de
657 2540 965 2596 impedimentis
1016 2537 1259 2595 «populum
1315 2536 1572 2580 eruditum»
1629 2548 1719 2578 esse
1775 2536 1814 2576 vi

186 2625 276 2657 can.
304 2612 431 2665 1018,
464 2624 511 2655 ac
544 2614 575 2654 si
610 2624 730 2654 casus
762 2613 1023 2667 contin-geret
1046 2622 1067 2652 a
1091 2610 1344 2652 confessario
1377 2608 1546 2650 forsitan
1583 2610 1813 2662 perceptus,

187 2697 266 2727 non
301 2695 458 2726 canone
490 2682 561 2725 sed
599 2682 817 2738 prudentia
866 2681 999 2724 eidem
1035 2679 1340 2737 providendum
1377 2682 1497 2731 esset,
1534 2676 1598 2719 vel
1632 2676 1815 2719 fortassis

186 2754 513 2798 dissimulatione
537 2766 586 2795 ne
611 2757 779 2809 peccata
805 2751 1033 2795 materialia
1066 2754 1278 2793 transeant
1301 2751 1338 2791 in
1364 2740 1567 2802 formalia,
1602 2748 1814 2789 maiorave

190 2825 294 2868 mala
319 2838 367 2867 ex
387 2826 648 2880 separatione
666 2826 866 2877 oriantur,
889 2822 952 2865 vel
973 2835 1046 2878 per
1061 2823 1318 2864 sanationem
1340 2821 1378 2862 in
1405 2818 1543 2861 radice
1569 2818 1811 2873 praesertim

187 2895 353 2953 quando
387 2894 485 2938 illud
521 2898 636 2937 extra
659 2895 960 2937 confessionem
994 2893 1130 2935 forsan
1154 2903 1177 2934 a
1201 2890 1381 2947 parocho
1413 2887 1810 2946 deprehenderetur.

1899 2912 1915 2937 ἢ
1965 2940 1967 2945 χ
