1971 3261
657 150 743 184 Trr.
773 149 860 184 VII.
890 169 902 174 —
930 149 986 184 De
1014 149 1273 182 Matrimonio
1709 143 1778 177 673

153 274 301 332 pienda
333 277 405 316 est.
443 270 500 314 De
530 269 801 328 separatione
836 280 947 323 vera,
980 272 1185 325 quatenus
1223 268 1336 309 iuxta
1376 265 1488 322 leges
1520 264 1705 308 divinam
1741 267 1781 305 et

151 346 394 390 eanonicam
429 342 516 384 fieri
553 345 696 397 potest,
722 339 960 395 eom'uqecm,
994 341 1062 395 qui
1101 351 1198 381 vere
1233 336 1334 380 tales
1366 338 1446 379 sint
1479 335 1531 379 ob
1568 333 1779 378 vinculum

151 413 368 471 coniugale
401 426 453 456 ex
487 413 750 455 matrimonio
788 410 924 453 valido
959 414 1108 454 ortum.
1143 408 1244 452 Cum
1283 421 1381 451 vero
1431 407 1536 451 istud
1592 422 1613 447 «
1641 408 1782 448 vincu-

154 486 283 530 lum»
333 486 464 541 primo
503 483 757 525 «enascitur
790 494 838 523 ex
878 480 1014 524 valido
1060 480 1367 523 matrimonio»
1405 477 1513 534 (can.
1552 475 1698 533 1110),
1731 488 1779 518 ex

152 556 220 600 tali
259 555 371 599 velut
414 553 554 597 radice
600 553 810 609 protluunt
844 550 1119 607 obligationes
1162 551 1201 593 in
1235 551 1481 605 coniugatis,
1515 560 1623 604 quae
1655 547 1783 591 adim·

152 627 316 683 plentur
350 628 387 668 in
422 627 620 668 societate
654 625 747 675 tori,
778 634 944 666 mensae
977 627 1016 665 et
1050 621 1328 665 habitationis.
1364 619 1468 663 Hinc
1501 621 1690 676 sequitur
1720 631 1781 661 se-

153 701 409 756 parationem
446 697 533 739 lieri
570 708 687 752 posse
721 693 1020 743 omnimodam,
1055 692 1221 750 quando
1266 691 1331 734 illa
1371 690 1581 734 vinculum
1617 690 1784 743 afficiat,

155 769 369 827 partialem
408 780 506 811 vero
539 765 706 824 quando
742 765 926 821 praelato
964 763 1128 807 vinculo
1163 767 1369 815 manente,
1392 758 1700 818 suspendantur
1732 760 1783 804 ad

153 853 342 884 normam
375 850 589 882 sacrorum
625 848 831 879 canonum
866 834 1140 891 obligationes
1162 845 1303 877 coram
1339 831 1521 875 Ecclesia
1556 838 1595 874 et
1630 833 1667 874 in
1692 844 1784 874 con-

151 913 323 956 scientia
372 908 516 953 saltem
551 907 601 951 ad
642 906 859 950 arbitrium
912 908 1032 948 unius
1065 918 1113 948 ex
1149 903 1408 960 coniugibus.
1454 902 1582 959 lgitur
1623 902 1674 945 de
1718 901 1784 945 illa

152 980 390 1044 omnimoda
425 980 686 1036 separatione
730 980 877 1020 tractat
911 975 1124 1019 Articulus
1156 974 1168 1017 l
1204 988 1251 1017 ac
1295 975 1345 1017 (le
1391 973 1551 1030 partiali
1587 972 1786 1016 articulus

152 1052 375 1097 secundus.

274 1123 370 1166 527.
406 1123 663 1178 Inscriptio
699 1120 900 1166 Articuli
940 1120 1162 1175 ordoque
1200 1131 1441 1163 canonum
1482 1119 1574 1162 sub
1613 1130 1686 1162 eo.
1731 1141 1783 1146 -—

154 1195 243 1238 Art.
281 1193 301 1237 I
331 1192 570 1237 inscribitur
602 1190 660 1234 De
691 1189 972 1233 dissolutione
1006 1187 1161 1231 rinc-uli
1193 1187 1438 1245 coniugalis,
1471 1192 1676 1244 quatenus
1708 1186 1785 1230 boc

733 1366 739 1372 .
829 1339 872 1343 —
898 1322 931 1353 et
956 1316 1189 1352 consummati
1653 1315 1740 1352 Can.
1772 1314 1858 1350 1118

675 1370 739 1401 rau
821 1345 871 1438 1-
900 1412 1056 1447 nondum
1083 1411 1318 1447 consummati
1697 1424 1711 1442 ι)
1772 1407 1859 1444 1119

1094 1526 1133 1531 -
1159 1506 1250 1541 inter
1276 1505 1396 1552 quales
1422 1506 1586 1550 coniuges
1698 1519 1712 1536 »
1772 1503 1859 1539 11211

1093 1600 1278 1636 —sedin-
1319 1611 1547 1646 —quaenam
1563 1610 1657 1647 prae-

830 1660 927 1685 —ex
948 1649 1051 1696 privi-
1115 1648 1277 1694 terpella-
1342 1648 1534 1684 mittendae
1699 1661 1715 1680 »
1774 1644 1857 1681 1121

823 1674 827 1747 l
854 1697 942 1743 legio
969 1697 1053 1732 Pau·
1114 1696 1227 1732 tiones
1258 1717 1298 1721 —

347 1767 389 1771 -—
409 1747 482 1781 Art.
504 1745 528 1781 l.
854 1745 925 1780 lino
1032 1764 1075 1768 —
1341 1743 1522 1789 -qualiter
1533 1742 1658 1778 facien-

359 1793 405 1846 De
422 1793 566 1847 dissolu-
1341 1790 1404 1826 dae
1701 1803 1715 1822 n
1774 1788 1862 1823 1122

383 1845 474 1877 tione
492 1852 566 1876 vm-

379 1888 446 1924 culi
548 1909 588 1913 —
607 1908 651 1913 --
682 1885 792 1932 legiti-
1093 1885 1254 1931 —quale
1273 1885 1327 1920 ius
1370 1905 1405 1911 --
1435 1884 1568 1920 obtinet
1701 1898 1717 1917 »
1775 1882 1861 1918 1123

629 1934 675 1969 mi
771 1954 815 1958 —
1115 1944 1194 1980 pars
1218 1932 1327 1979 bapti·
1357 1911 1362 1998 l
1623 1978 1629 1984 ¹

1103 1986 1178 2016 zata
1308 2001 1344 2005 —-
1368 2001 1411 2005 —
1437 1984 1470 2014 et
1499 1979 1657 2025 quandlu

107 2032 222 2078 caput
240 2031 282 2068 X.
1387 2027 1512 2062 retinet
1700 2039 1716 2058 ι)
1772 2023 1862 2060 1124

85 2080 135 2116 De
168 2090 307 2126 separa-

108 2128 203 2181 tione
228 2139 309 2164 eon·
842 2145 872 2149 -
903 2124 996 2159 iuxta
1026 2122 1061 2159 S.
1092 2122 1191 2159 Sedis
1220 2121 1473 2171 declarationes
1703 2135 1717 2153 »
1773 2118 1863 2155 1125

108 2186 228 2220 Iugum
832 2240 874 2269 †
903 2229 962 2265 per
987 2218 1163 2265 quodnam
1197 2218 1326 2253 sactum
1701 2230 1716 2249 »
1774 2213 1862 2250 1126

835 2333 876 2340 -
904 2313 999 2349 favor
1024 2313 1110 2348 iuris
1702 2325 1716 2343 »
1773 2310 1862 2345 1127

610 2477 651 2482 —-
680 2456 821 2491 Vitanda
1702 2467 1718 2486 ›>
1774 2450 1864 2487 1128

349 2571 393 2577 —
409 2552 480 2586 Art.
497 2551 536 2588 ΙΙ,
1169 2570 1212 2575 -
1238 2549 1342 2596 quale
1361 2549 1414 2585 ius
1431 2548 1519 2585 alter
1537 2548 1662 2584 coniux

363 2598 408 2652 De
433 2609 569 2653 separa·
836 2596 926 2631 —in
944 2596 1129 2642 Evangelio
1190 2596 1324 2633 obtinet
1703 2609 1717 2628 ι)
1775 2592 1864 2629 1129

384 2650 478 2682 tione
496 2652 574 2689 tori,
611 2649 806 2692 —propter
859 2655 1058 2691 expressam
1108 2666 1150 2671 -

386 2699 571 2778 hmaelpisgggt
622 2703 819 2729 causam—
1170 2712 1210 2717 —
1234 2691 1403 2738 quamdiu
1430 2691 1659 2738 perduratura
1703 2704 1718 2722 n
1776 2687 1864 2723 1130

387 2788 441 2822 nis
552 2810 595 2814 —
836 2807 880 2813 —
905 2786 1099 2822 secundum
1127 2786 1180 2821 ius
1205 2786 1415 2821 canonicum
1704 2798 1718 2817 »
1776 2783 1859 2818 1131

613 2903 656 2909 -
682 2882 751 2918 iam
780 2882 953 2924 instituta,
981 2881 1094 2927 quoad
1122 2880 1272 2917 filiorum
1298 2881 1540 2917 educationem
1703 2893 1718 2911 »
1777 2877 1865 2912 1132

178 2955 274 2984 ΒιΑΤ
297 2970 315 2978 -
341 2955 463 2984 Comm.
492 2955 577 2984 Tetri.
606 2955 681 2984 Codr
707 2955 780 2984 Iur.
806 2954 888 2983 Can.
1743 2950 1783 2979 43
