1971 3261
76 153 168 189 Can.
195 152 266 186 989
644 152 728 185 Τιτ.
760 152 824 185 Vl.
862 172 873 177 -
900 152 955 186 De
985 152 1130 187 Ordine
1635 153 1704 186 445

77 287 185 328 potest
211 282 254 317 ad
281 292 403 317 omnes
429 281 480 316 vel
507 281 550 316 ad
576 281 731 326 aliquam
771 281 907 316 extendi
950 282 1043 316 iuxta
1084 281 1256 327 precantis
1292 280 1625 324 manifestationem,
1654 282 1706 315 cui

75 346 210 377 annuat
247 340 398 376 totaliter
432 341 482 375 vel
522 340 714 386 partialiter
754 341 914 375 voluutas
952 340 1207 385 dispensantis:
1234 344 1268 375 et
1295 340 1356 374 boc
1386 340 1535 385 praecise
1562 341 1707 375 attendit

75 399 254 435 distinctio
279 411 297 434 a
326 398 518 443 legislatore
548 404 773 444 praescripta,
803 405 839 433 ut
868 399 998 445 patebit
1026 399 1059 433 in
1088 410 1166 434 can.
1196 397 1276 432 991.

195 481 292 524 3635.
330 484 405 527 lus
439 483 746 537 praecedens
775 484 940 538 quoad
966 483 1265 527 ordinariam
1291 485 1339 526 et
1362 495 1423 526 ex
1449 483 1709 538 privilegio

75 554 360 599 facultatem
393 555 457 597 ab
493 554 945 609 irregularitatibus
978 553 1316 609 dispensandi.
1341 577 1393 581 —
1431 551 1636 607 imprimis
1672 555 1708 594 in

75 621 198 667 Conc.
223 621 332 665 Trid.
360 624 572 664 invenitur
606 636 640 664 c.
666 637 684 662 «
711 621 845 664 Liceat
871 638 892 662 »
935 621 979 664 vi
1016 628 1130 665 sess⁸.
1155 620 1283 664 xxtv
1318 621 1368 665 de
1404 623 1474 665 res.
1500 624 1711 679 sequentis

75 695 248 737 tenoris:
289 692 469 736 «Liceat
505 694 712 748 episcopis
747 695 784 735 iu
820 692 1198 749 irregularitatibus
1241 691 1434 736 omnibus
1467 697 1505 735 et
1539 706 1710 748 suspeu-

75 763 260 807 sionibus
293 777 341 806 ex
378 763 528 806 delicto
562 762 724 806 occulto
760 763 1114 819 provenientibus,
1148 767 1320 819 excepta
1356 776 1401 806 ea
1435 775 1542 820 quae
1580 766 1712 806 oritur

74 848 126 878 ex
159 834 384 878 homicidio
422 834 670 888 voluntario,
703 839 741 876 et
774 837 960 890 exceptis
1003 834 1094 877 aliis
1134 834 1325 878 deductis
1359 833 1408 877 ad
1444 835 1578 876 forum
1614 848 1710 877 con-

74 908 312 956 tentiosum,
356 905 675 962 dispensaren:
718 909 942 962 posteaque
985 907 1096 948 circa
1140 905 1262 948 aliani
1309 907 1525 948 materiam
1573 918 1708 961 prose-

75 980 228 1035 quitur.

192 1081 405 1128 Exponimus
434 1082 582 1117 breviter
609 1081 873 1128 praelaudatum
900 1086 1017 1128 caput,
1048 1082 1105 1117 sed
1135 1082 1327 1117 notandum
1361 1081 1393 1116 10
1421 1081 1476 1116 hic
1512 1092 1708 1116 sermonem

74 1153 148 1178 esse
174 1141 216 1177 de
245 1146 410 1188 potestate
436 1141 626 1183 ordinaria,
652 1141 854 1176 annectitur
879 1141 974 1176 euim
1002 1141 1112 1176 otlicio
1139 1141 1298 1187 Episcopi
1330 1141 1360 1174 vi
1389 1141 1474 1175 iuris
1500 1141 1710 1185 communis,

76 1201 173 1236 nulla
205 1201 384 1237 mentione
423 1201 512 1236 facta
551 1201 642 1236 circa
680 1200 948 1245 delegationem,
976 1205 1009 1235 et
1036 1201 1072 1234 20
1099 1200 1162 1235 hoc
1188 1201 1364 1236 decretum
1393 1211 1463 1235 non
1493 1200 1655 1245 viguisse,
1684 1199 1710 1234 si

74 1260 202 1296 alicubi
231 1259 336 1295 Conc.
367 1259 459 1294 Trid.
488 1265 663 1305 receptum
705 1271 773 1294 non
815 1259 879 1294 fuit
917 1260 1028 1305 quoad
1067 1264 1199 1306 partem
1226 1259 1501 1305 disciplinalem,
1533 1259 1612 1305 quia
1642 1270 1710 1294 nou

73 1323 125 1354 est
150 1330 301 1365 aequum
330 1319 511 1354 commoda
531 1330 568 1354 ex
589 1318 694 1354 Conc.
710 1318 805 1354 Trid.
823 1318 980 1354 obtinere
1000 1330 1057 1354 eos
1083 1319 1141 1364 qui
1170 1319 1244 1354 eius
1270 1329 1375 1354 onera
1394 1330 1464 1353 non
1486 1318 1648 1353 subeunt.
1669 1339 1712 1342 —

74 1375 196 1421 Quoad
224 1377 492 1422 intelligentiam
522 1378 665 1423 praefati
693 1377 816 1423 capitis
833 1377 1016 1412 sciendum
1037 1382 1098 1419 est,
1122 1378 1264 1412 nomine
1283 1377 1439 1423 Episcopi
1465 1377 1711 1422 comprehendi

78 1437 170 1484 ipsos
185 1436 370 1483 Episcopos
388 1441 525 1471 tantum
553 1436 725 1472 exclusive
752 1436 864 1482 quoad
892 1447 1016 1472 omnes
1044 1437 1142 1478 alios,
1163 1437 1210 1471 uti
1237 1437 1427 1472 declaravit
1453 1435 1489 1472 S.
1519 1435 1557 1471 C.
1588 1434 1624 1473 C.
1651 1447 1712 1472 ceu

74 1496 234 1533 referunt
260 1494 412 1531 Suarez1
441 1500 473 1531 et
501 1495 686 1540 Fagnanus
700 1496 726 1530 2.
757 1495 840 1531 Eam
869 1495 976 1540 igitur
1003 1507 1073 1531 non
1102 1495 1278 1531 habebant
1297 1506 1336 1531 ex
1356 1495 1415 1530 tali
1435 1494 1514 1531 Dec.
1533 1506 1598 1532 nec
1616 1507 1713 1542 prae-

75 1555 134 1591 lati
163 1555 360 1595 inferiores,
383 1565 444 1590 nec
464 1554 755 1601 Archiepiscopus
782 1555 895 1601 quoad
916 1555 1075 1590 subditos
1094 1554 1415 1600 Suffiaganeornm,
1438 1565 1501 1590 nec
1519 1555 1714 1601 superiores

73 1614 249 1660 regulares
275 1614 317 1650 de
343 1614 470 1660 quibus
499 1619 616 1650 tamen
645 1618 775 1660 postea,
806 1625 870 1650 nec
897 1614 1097 1649 Cardinalis
1124 1615 1158 1648 in
1190 1614 1327 1660 proprio
1357 1614 1469 1656 titulo,
1494 1619 1528 1650 et
1555 1613 1714 1649 Vicarius

72 1673 245 1719 generalis
273 1673 423 1719 indiguit
450 1673 591 1720 speciali
621 1674 798 1709 mandato.

192 1732 227 1768 Si
254 1733 369 1778 agitur
404 1733 445 1769 de
483 1733 728 1779 promovendo,
755 1733 813 1769 ille
843 1734 1027 1779 episcopus
1061 1733 1287 1779 dispensabat
1320 1733 1363 1768 ad
1398 1733 1497 1768 cuius
1529 1733 1712 1768 dioecesim

75 1792 274 1839 pertinebat
301 1792 523 1834 candidatus,
553 1803 613 1828 seu
640 1792 739 1828 cuius
765 1793 857 1828 clero
896 1798 969 1828 erat
1007 1793 1216 1839 adscriptus,
1245 1798 1305 1828 aut
1332 1792 1521 1839 Episcopus
1556 1793 1715 1839 proprius

73 1852 134 1898 qui
161 1851 419 1887 ordinationem
448 1852 646 1896 tribuebat,
675 1851 701 1886 si
730 1856 855 1897 agatur
880 1852 921 1887 de
948 1852 1132 1887 ordinibus
1151 1852 1320 1898 susceptis
1338 1852 1553 1893 exercendis,
1575 1852 1716 1898 dispen-

73 1922 150 1947 sare
178 1915 310 1957 poterat
335 1911 518 1957 episcopus
537 1911 704 1947 dioecesis
726 1912 761 1946 in
781 1922 849 1957 qua
867 1911 983 1947 clerici
1010 1911 1228 1947 domicilium
1256 1911 1445 1956 habebant,
1465 1911 1527 1947 etsi
1547 1911 1589 1946 ad
1609 1911 1712 1947 aliam

74 1970 258 2006 dioecesim
290 1971 514 2017 pertinerent,
534 1972 592 2006 sed
613 1971 807 2006 sufficiebat
833 1973 869 2005 in
899 1976 1043 2016 utroque
1070 1981 1151 2006 casu
1179 1971 1348 2006 subiectio
1366 1982 1405 2006 ex
1424 1971 1716 2017 quasi-domicilio

75 2030 123 2065 uti
149 2030 341 2066 declaravit
369 2030 404 2065 S.
434 2030 472 2065 C.
504 2030 541 2065 C.
567 2042 629 2066 eeu
652 2031 757 2066 refert
784 2031 929 2067 Garoias
943 2031 970 2071 3,
1001 2041 1062 2066 nec
1089 2031 1274 2077 episcopus
1303 2031 1552 2066 familiaritatis
1578 2031 1715 2077 dispen-

73 2100 150 2126 sare
177 2094 307 2136 poterat
337 2095 435 2136 prout
462 2095 600 2125 constat
626 2101 665 2125 ex
691 2090 780 2126 decl.
806 2091 960 2126 eiusdem
990 2091 1100 2135 Cong.
1117 2091 1142 2124 4.

194 2148 296 2185 Porro
316 2148 494 2195 Epist-opis
523 2149 556 2183 in
586 2149 645 2184 cit.
675 2160 752 2196 cap.
782 2149 948 2185 tribuitur
975 2154 1125 2195 potestas
1152 2149 1379 2196 dispensandi
1410 2151 1445 2184 in
1471 2150 1556 2185 solis
1584 2150 1712 2194 irregu-

74 2207 272 2243 laritatibus
298 2219 337 2244 ex
365 2208 504 2244 delicto.
535 2207 574 2243 Et
603 2208 754 2254 exigitur
781 2209 922 2254 insuper
951 2214 987 2243 ut
1012 2209 1177 2244 delictum
1198 2209 1242 2244 sit
1260 2209 1433 2244 occultum
1455 2220 1514 2245 seu
1541 2214 1712 2245 remotum

74 2277 95 2302 a
123 2267 260 2313 publica
300 2268 432 2303 notitia.
464 2267 538 2303 Non
567 2273 618 2303 est
645 2279 724 2303 vero
750 2268 925 2303 occultum
965 2268 1106 2313 quando
1132 2268 1174 2302 iis
1202 2267 1359 2314 personis
1397 2267 1598 2308 innotescit,
1628 2278 1714 2313 quae

73 2331 133 2360 aut
163 2326 277 2372 plures
315 2337 461 2362 numero
500 2332 595 2368 sunt,
623 2331 683 2362 aut
712 2327 926 2373 propositum
954 2326 1088 2362 habeut
1126 2326 1292 2362 reddendi
1322 2326 1406 2362 illud
1435 2326 1615 2373 publicum
1643 2326 1714 2361 sive

76 2395 135 2430 per
160 2385 408 2421 deductionem
437 2386 472 2420 in
503 2385 671 2421 iudicium
709 2386 780 2422 sive
815 2397 875 2432 per
908 2385 1196 2430 divulgationem.
1227 2384 1349 2429 Quoad
1384 2397 1571 2421 numerum
1602 2396 1714 2431 perso-

73 2454 200 2479 narum
228 2455 299 2480 non
329 2450 437 2491 potest
477 2445 544 2480 dici
587 2445 767 2491 publicum
807 2445 898 2490 quod
939 2449 1059 2480 notum
1087 2450 1138 2480 est
1165 2445 1199 2479 in
1228 2445 1354 2491 oppido
1389 2456 1446 2481 sex
1479 2446 1648 2491 personis,
1678 2445 1712 2478 in

73 2501 211 2538 civitate
231 2508 320 2547 octo,
336 2508 397 2539 aut
415 2504 457 2539 ad
478 2515 656 2539 summum
685 2504 803 2540 decem
825 2504 859 2538 in
880 2504 1017 2540 civitate
1044 2503 1144 2539 valde
1172 2504 1346 2550 populosa.
1374 2503 1439 2541 Sed
1470 2504 1584 2550 potius
1609 2514 1714 2549 quam

74 2572 252 2603 numerus,
275 2563 455 2607 pensanda
479 2563 619 2598 fuerunt
639 2563 774 2598 indoles
793 2568 825 2598 et
846 2563 1059 2609 propositum
1078 2574 1197 2598 eorum
1216 2563 1275 2609 qui
1295 2564 1460 2599 delictum
1481 2563 1649 2598 sciebant.
1673 2585 1713 2588 —

76 2619 143 2655 Hoc
169 2621 309 2656 criterio
327 2621 471 2657 relativo
489 2622 705 2657 arbitramur
732 2621 1000 2666 intelligendam
1027 2622 1289 2668 responsionem
1310 2634 1330 2658 a
1349 2622 1512 2668 Fagnano
1528 2624 1540 2643 '³¹
1568 2622 1710 2657 relatam

75 2690 144 2725 qua
171 2679 206 2715 S.
237 2678 275 2715 C.
305 2678 342 2717 C.
367 2681 487 2722 edixit,
518 2692 587 2717 uon
614 2692 688 2717 esse
714 2681 888 2716 occultum
931 2681 1096 2716 delictum
1138 2686 1310 2728 patratum
1350 2693 1465 2718 coram
1503 2681 1638 2717 duobus
1666 2681 1715 2716 iel

194 2811 203 2832 1
232 2810 288 2844 De
327 2811 516 2852 censuris,
557 2811 655 2855 disp.
694 2811 798 2851 XLI,
840 2816 935 2845 sect.
965 2811 1014 2847 ΙΙ,
1046 2823 1084 2845 n.
1114 2812 1146 2846 7.
1178 2833 1220 2836 —
1247 2813 1261 2834 ²
1288 2812 1434 2847 Comm.
1472 2824 1554 2856 cap.
1588 2813 1628 2845 15
1658 2811 1713 2844 De

76 2860 195 2902 temp.
225 2857 346 2892 ordin.
375 2869 411 2893 n.
439 2859 586 2892 26.-³
614 2859 670 2892 De
700 2857 912 2894 beneficiis.
934 2869 970 2903 p.
992 2858 1063 2899 XI,
1093 2871 1175 2904 cap.
1205 2859 1253 2900 X,
1282 2872 1318 2893 n.
1348 2860 1429 2893 239.
1449 2862 1522 2884 —4
1551 2860 1571 2892 5
1601 2858 1709 2891 Febr.

78 2904 181 2938 1604.
212 2926 253 2930 —
281 2906 293 2927 5
320 2905 467 2941 Comm.
496 2905 543 2939 ad
571 2917 654 2950 cap.
684 2906 706 2939 4
732 2905 788 2940 De
816 2905 987 2940 cohabit.
1011 2906 1102 2940 cler.
1130 2912 1169 2940 et
1196 2907 1291 2941 mul.
1322 2919 1359 2941 n.
1391 2908 1458 2941 105
1491 2918 1569 2950 seq.
