<?xml version="1.0" encoding="UTF-8"?>
<!DOCTYPE html PUBLIC "-//W3C//DTD XHTML 1.0 Transitional//EN"
    "http://www.w3.org/TR/xhtml1/DTD/xhtml1-transitional.dtd">
<html xmlns="http://www.w3.org/1999/xhtml" xml:lang="en" lang="en">
 <head>
  <title>
</title>
<meta http-equiv="Content-Type" content="text/html;charset=utf-8" />
  <meta name='ocr-system' content='tesseract 3.04.00' />
  <meta name='ocr-capabilities' content='ocr_page ocr_carea ocr_par ocr_line ocrx_word'/>
</head>
<body>
  <div class='ocr_page' id='page_1' title='image "./p1commentariumte03blatuoft_0160.png"; bbox 0 0 1971 3261; ppageno 0'>
   <div class='ocr_carea' id='block_1_1' title="bbox 1090 224 1821 231">
    <p class='ocr_par' dir='ltr' id='par_1_1' title="bbox 1090 224 1821 231">
     <span class='ocr_line' id='line_1_1' title="bbox 1090 224 1821 231; baseline 0 0"><span class='ocrx_word' id='word_1_1' title='bbox 1090 224 1821 231; x_wconf 95' lang='lat' dir='ltr'> </span> 
     </span>
    </p>
   </div>
   <div class='ocr_carea' id='block_1_2' title="bbox 221 164 1849 202">
    <p class='ocr_par' dir='ltr' id='par_1_2' title="bbox 221 164 1849 202">
     <span class='ocr_line' id='line_1_2' title="bbox 221 164 1849 202; baseline 0.003 -4"><span class='ocrx_word' id='word_1_2' title='bbox 221 165 289 199; x_wconf 86' lang='grc'><strong>146</strong></span> <span class='ocrx_word' id='word_1_3' title='bbox 623 164 705 197; x_wconf 68' lang='lat' dir='ltr'>Lus.</span> <span class='ocrx_word' id='word_1_4' title='bbox 733 164 802 197; x_wconf 87' lang='grc' dir='ltr'>ΙΙΙ.</span> <span class='ocrx_word' id='word_1_5' title='bbox 832 184 842 188; x_wconf 96' lang='grc'><strong>-</strong></span> <span class='ocrx_word' id='word_1_6' title='bbox 870 164 982 198; x_wconf 72' lang='lat' dir='ltr'><strong>PARS</strong></span> <span class='ocrx_word' id='word_1_7' title='bbox 1008 164 1038 197; x_wconf 96' lang='grc' dir='ltr'>Ι.</span> <span class='ocrx_word' id='word_1_8' title='bbox 1067 183 1079 188; x_wconf 88' lang='grc'><strong>-</strong></span> <span class='ocrx_word' id='word_1_9' title='bbox 1106 164 1163 198; x_wconf 85' lang='lat' dir='ltr'>De</span> <span class='ocrx_word' id='word_1_10' title='bbox 1188 164 1453 199; x_wconf 68' lang='lat' dir='ltr'>Sam-amentis</span> <span class='ocrx_word' id='word_1_11' title='bbox 1569 165 1663 201; x_wconf 81' lang='lat' dir='ltr'>Can.</span> <span class='ocrx_word' id='word_1_12' title='bbox 1691 166 1849 202; x_wconf 78' lang='lat'>822·823</span> 
     </span>
    </p>
   </div>
   <div class='ocr_carea' id='block_1_3' title="bbox 208 280 1843 2695">
    <p class='ocr_par' dir='ltr' id='par_1_3' title="bbox 211 280 1843 1752">
     <span class='ocr_line' id='line_1_3' title="bbox 217 280 1842 342; baseline 0.001 -15"><span class='ocrx_word' id='word_1_13' title='bbox 217 284 370 337; x_wconf 74' lang='lat' dir='ltr'>addita,</span> <span class='ocrx_word' id='word_1_14' title='bbox 406 282 607 340; x_wconf 72' lang='lat' dir='ltr'>Superior</span> <span class='ocrx_word' id='word_1_15' title='bbox 642 282 788 333; x_wconf 73' lang='grc' dir='ltr'>ηιαιῖον,</span> <span class='ocrx_word' id='word_1_16' title='bbox 824 280 931 337; x_wconf 90' lang='lat' dir='ltr'>(can.</span> <span class='ocrx_word' id='word_1_17' title='bbox 967 280 1064 335; x_wconf 79' lang='lat'><strong>488,</strong></span> <span class='ocrx_word' id='word_1_18' title='bbox 1100 280 1164 337; x_wconf 80' lang='lat'>8⁰)</span> <span class='ocrx_word' id='word_1_19' title='bbox 1198 280 1413 324; x_wconf 76' lang='lat' dir='ltr'><em>licentiam</em></span> <span class='ocrx_word' id='word_1_20' title='bbox 1445 281 1698 339; x_wconf 75' lang='lat' dir='ltr'>celebrandi,</span> <span class='ocrx_word' id='word_1_21' title='bbox 1736 297 1842 342; x_wconf 85' lang='lat' dir='ltr'>quae</span> 
     </span>
     <span class='ocr_line' id='line_1_4' title="bbox 217 350 1843 411; baseline 0.001 -15"><span class='ocrx_word' id='word_1_22' title='bbox 217 354 481 411; x_wconf 81' lang='lat' dir='ltr'>privilegium</span> <span class='ocrx_word' id='word_1_23' title='bbox 517 353 597 395; x_wconf 90' lang='lat' dir='ltr'>dici</span> <span class='ocrx_word' id='word_1_24' title='bbox 632 353 786 408; x_wconf 75' lang='lat' dir='ltr'>nequit,</span> <span class='ocrx_word' id='word_1_25' title='bbox 819 350 859 407; x_wconf 86' lang='lat' dir='ltr'>a)</span> <span class='ocrx_word' id='word_1_26' title='bbox 894 357 1016 393; x_wconf 71' lang='lat' dir='ltr'>eoetra</span> <span class='ocrx_word' id='word_1_27' title='bbox 1049 351 1265 394; x_wconf 70' lang='lat' dir='ltr'>eeclesiam</span> <span class='ocrx_word' id='word_1_28' title='bbox 1288 358 1326 395; x_wconf 83' lang='lat' dir='ltr'>et</span> <span class='ocrx_word' id='word_1_29' title='bbox 1350 353 1586 396; x_wconf 72' lang='lat' dir='ltr'>oratorium</span> <span class='ocrx_word' id='word_1_30' title='bbox 1608 354 1843 411; x_wconf 84' lang='lat' dir='ltr'>quodcum-</span> 
     </span>
     <span class='ocr_line' id='line_1_5' title="bbox 217 423 1840 482; baseline 0.001 -16"><span class='ocrx_word' id='word_1_31' title='bbox 217 438 311 482; x_wconf 75' lang='lat' dir='ltr'>que,</span> <span class='ocrx_word' id='word_1_32' title='bbox 346 424 388 481; x_wconf 91' lang='lat' dir='ltr'>b)</span> <span class='ocrx_word' id='word_1_33' title='bbox 421 436 546 480; x_wconf 74' lang='lat' dir='ltr'>super</span> <span class='ocrx_word' id='word_1_34' title='bbox 577 428 742 477; x_wconf 81' lang='lat' dir='ltr'>petram</span> <span class='ocrx_word' id='word_1_35' title='bbox 776 434 956 475; x_wconf 73' lang='lat' dir='ltr'>sacram,</span> <span class='ocrx_word' id='word_1_36' title='bbox 990 434 1114 479; x_wconf 83' lang='lat' dir='ltr'>quam</span> <span class='ocrx_word' id='word_1_37' title='bbox 1148 435 1271 479; x_wconf 91' lang='lat' dir='ltr'>supra</span> <span class='ocrx_word' id='word_1_38' title='bbox 1305 423 1487 466; x_wconf 84' lang='lat' dir='ltr'>diximus</span> <span class='ocrx_word' id='word_1_39' title='bbox 1536 427 1703 468; x_wconf 88' lang='lat' dir='ltr'>omnino</span> <span class='ocrx_word' id='word_1_40' title='bbox 1752 427 1840 469; x_wconf 89' lang='lat' dir='ltr'>iure</span> 
     </span>
     <span class='ocr_line' id='line_1_6' title="bbox 216 491 1840 553; baseline 0.001 -15"><span class='ocrx_word' id='word_1_41' title='bbox 216 496 506 541; x_wconf 80' lang='lat' dir='ltr'>necessariam,</span> <span class='ocrx_word' id='word_1_42' title='bbox 541 496 581 539; x_wconf 64' lang='lat' dir='ltr'>c)</span> <span class='ocrx_word' id='word_1_43' title='bbox 615 498 653 534; x_wconf 76' lang='lat' dir='ltr'>et</span> <span class='ocrx_word' id='word_1_44' title='bbox 685 491 848 534; x_wconf 75' lang='lat' dir='ltr'>decenti</span> <span class='ocrx_word' id='word_1_45' title='bbox 881 491 968 535; x_wconf 85' lang='lat' dir='ltr'>loeo</span> <span class='ocrx_word' id='word_1_46' title='bbox 1001 497 1043 535; x_wconf 89' lang='lat' dir='ltr'>ut</span> <span class='ocrx_word' id='word_1_47' title='bbox 1073 505 1198 549; x_wconf 89' lang='lat' dir='ltr'>supra</span> <span class='ocrx_word' id='word_1_48' title='bbox 1232 495 1270 536; x_wconf 92' lang='lat' dir='ltr'>in</span> <span class='ocrx_word' id='word_1_49' title='bbox 1302 493 1348 549; x_wconf 69' lang='lat'>§⁰</span> <span class='ocrx_word' id='word_1_50' title='bbox 1381 493 1438 547; x_wconf 79' lang='lat'>3⁰,</span> <span class='ocrx_word' id='word_1_51' title='bbox 1452 494 1628 552; x_wconf 88' lang='lat' dir='ltr'>talisque</span> <span class='ocrx_word' id='word_1_52' title='bbox 1651 495 1840 553; x_wconf 82' lang='lat' dir='ltr'>designa-</span> 
     </span>
     <span class='ocr_line' id='line_1_7' title="bbox 216 564 1840 620; baseline 0.001 -12"><span class='ocrx_word' id='word_1_53' title='bbox 216 572 281 609; x_wconf 89' lang='lat' dir='ltr'>tur</span> <span class='ocrx_word' id='word_1_54' title='bbox 314 578 390 608; x_wconf 93' lang='lat' dir='ltr'>non</span> <span class='ocrx_word' id='word_1_55' title='bbox 427 577 513 607; x_wconf 83' lang='lat' dir='ltr'>esse</span> <span class='ocrx_word' id='word_1_56' title='bbox 547 575 746 620; x_wconf 82' lang='lat' dir='ltr'>sequens:</span> <span class='ocrx_word' id='word_1_57' title='bbox 781 577 995 620; x_wconf 67' lang='lat' dir='ltr'>nimquam</span> <span class='ocrx_word' id='word_1_58' title='bbox 1028 570 1169 607; x_wconf 61' lang='lat' dir='ltr'>aretem</span> <span class='ocrx_word' id='word_1_59' title='bbox 1192 564 1233 607; x_wconf 70' lang='lat' dir='ltr'>in</span> <span class='ocrx_word' id='word_1_60' title='bbox 1254 564 1440 608; x_wconf 75' lang='lat' dir='ltr'>eubiculo</span> <span class='ocrx_word' id='word_1_61' title='bbox 1464 565 1591 609; x_wconf 87' lang='lat' dir='ltr'>idest:</span> <span class='ocrx_word' id='word_1_62' title='bbox 1613 568 1651 609; x_wconf 91' lang='lat' dir='ltr'>in</span> <span class='ocrx_word' id='word_1_63' title='bbox 1676 579 1840 610; x_wconf 81' lang='lat' dir='ltr'>camera</span> 
     </span>
     <span class='ocr_line' id='line_1_8' title="bbox 216 633 1840 693; baseline 0.002 -16"><span class='ocrx_word' id='word_1_64' title='bbox 216 637 266 679; x_wconf 87' lang='lat' dir='ltr'>de</span> <span class='ocrx_word' id='word_1_65' title='bbox 300 638 405 679; x_wconf 78' lang='lat' dir='ltr'>tacto</span> <span class='ocrx_word' id='word_1_66' title='bbox 439 635 642 677; x_wconf 83' lang='lat' dir='ltr'>destinata</span> <span class='ocrx_word' id='word_1_67' title='bbox 670 633 855 677; x_wconf 89' lang='lat' dir='ltr'>cubitum</span> <span class='ocrx_word' id='word_1_68' title='bbox 892 636 965 689; x_wconf 74' lang='lat' dir='ltr'>ire,</span> <span class='ocrx_word' id='word_1_69' title='bbox 999 634 1222 678; x_wconf 67' lang='lat' dir='ltr'>concedere</span> <span class='ocrx_word' id='word_1_70' title='bbox 1251 641 1388 693; x_wconf 75' lang='lat' dir='ltr'>polest</span> <span class='ocrx_word' id='word_1_71' title='bbox 1425 635 1466 693; x_wconf 83' lang='lat' dir='ltr'>a)</span> <span class='ocrx_word' id='word_1_72' title='bbox 1515 636 1628 679; x_wconf 73' lang='lat' dir='ltr'>iusta</span> <span class='ocrx_word' id='word_1_73' title='bbox 1678 643 1840 680; x_wconf 74' lang='lat' dir='ltr'>tantum</span> 
     </span>
     <span class='ocr_line' id='line_1_9' title="bbox 216 703 1838 765; baseline 0.004 -19"><span class='ocrx_word' id='word_1_74' title='bbox 216 722 263 748; x_wconf 41' lang='grc' dir='ltr'>ριν</span> <span class='ocrx_word' id='word_1_75' title='bbox 297 703 545 748; x_wconf 73' lang='lat' dir='ltr'>rationabili</span> <span class='ocrx_word' id='word_1_76' title='bbox 577 703 628 747; x_wconf 74' lang='lat' dir='ltr'>(le</span> <span class='ocrx_word' id='word_1_77' title='bbox 659 718 800 757; x_wconf 72' lang='lat' dir='ltr'>eausa,</span> <span class='ocrx_word' id='word_1_78' title='bbox 840 704 882 762; x_wconf 81' lang='lat' dir='ltr'>b)</span> <span class='ocrx_word' id='word_1_79' title='bbox 918 705 958 747; x_wconf 80' lang='grc' dir='ltr'><em>ιή</em></span> <span class='ocrx_word' id='word_1_80' title='bbox 993 705 1136 763; x_wconf 75' lang='lat' dir='ltr'>aliquo</span> <span class='ocrx_word' id='word_1_81' title='bbox 1168 706 1518 750; x_wconf 73' lang='lat' dir='ltr'>eoelraordinario</span> <span class='ocrx_word' id='word_1_82' title='bbox 1542 721 1641 750; x_wconf 76' lang='lat' dir='ltr'>casu</span> <span class='ocrx_word' id='word_1_83' title='bbox 1665 721 1838 765; x_wconf 83' lang='lat' dir='ltr'><em>nempe:</em></span> 
     </span>
     <span class='ocr_line' id='line_1_10' title="bbox 215 775 1838 835; baseline 0.001 -15"><span class='ocrx_word' id='word_1_84' title='bbox 215 775 487 833; x_wconf 80' lang='lat' dir='ltr'>exceptionali</span> <span class='ocrx_word' id='word_1_85' title='bbox 519 780 686 832; x_wconf 88' lang='lat' dir='ltr'>propter</span> <span class='ocrx_word' id='word_1_86' title='bbox 720 777 1065 831; x_wconf 73' lang='lat' dir='ltr'>circumstantias,</span> <span class='ocrx_word' id='word_1_87' title='bbox 1101 777 1141 833; x_wconf 91' lang='lat' dir='ltr'>c)</span> <span class='ocrx_word' id='word_1_88' title='bbox 1176 782 1214 819; x_wconf 81' lang='lat' dir='ltr'>et</span> <span class='ocrx_word' id='word_1_89' title='bbox 1229 791 1306 835; x_wconf 75' lang='lat' dir='ltr'>per</span> <span class='ocrx_word' id='word_1_90' title='bbox 1322 777 1488 821; x_wconf 73' lang='lat' dir='ltr'>modum</span> <span class='ocrx_word' id='word_1_91' title='bbox 1506 776 1638 835; x_wconf 70' lang='lat' dir='ltr'>aetus,</span> <span class='ocrx_word' id='word_1_92' title='bbox 1656 779 1838 823; x_wconf 86' lang='lat' dir='ltr'>scilicet:</span> 
     </span>
     <span class='ocr_line' id='line_1_11' title="bbox 215 846 1840 905; baseline 0.002 -15"><span class='ocrx_word' id='word_1_93' title='bbox 215 861 291 890; x_wconf 87' lang='lat' dir='ltr'>non</span> <span class='ocrx_word' id='word_1_94' title='bbox 329 852 484 890; x_wconf 81' lang='lat' dir='ltr'>tantum</span> <span class='ocrx_word' id='word_1_95' title='bbox 519 846 644 890; x_wconf 87' lang='lat' dir='ltr'>semel</span> <span class='ocrx_word' id='word_1_96' title='bbox 680 846 749 889; x_wconf 88' lang='lat' dir='ltr'>sed</span> <span class='ocrx_word' id='word_1_97' title='bbox 785 846 1016 903; x_wconf 76' lang='lat' dir='ltr'>aliquoties.</span> <span class='ocrx_word' id='word_1_98' title='bbox 1052 873 1106 877; x_wconf 92' lang='lat'>—</span> <span class='ocrx_word' id='word_1_99' title='bbox 1139 848 1240 891; x_wconf 82' lang='lat' dir='ltr'>Cum</span> <span class='ocrx_word' id='word_1_100' title='bbox 1276 850 1350 891; x_wconf 90' lang='lat' dir='ltr'>iste</span> <span class='ocrx_word' id='word_1_101' title='bbox 1396 849 1680 905; x_wconf 78' lang='lat' dir='ltr'>paragraphus</span> <span class='ocrx_word' id='word_1_102' title='bbox 1733 853 1840 894; x_wconf 81' lang='lat' dir='ltr'>«ius</span> 
     </span>
     <span class='ocr_line' id='line_1_12' title="bbox 217 917 1838 974; baseline 0.002 -15"><span class='ocrx_word' id='word_1_103' title='bbox 217 924 333 961; x_wconf 71' lang='lat' dir='ltr'>vetus</span> <span class='ocrx_word' id='word_1_104' title='bbox 366 931 413 960; x_wconf 77' lang='lat' dir='ltr'>ex</span> <span class='ocrx_word' id='word_1_105' title='bbox 451 920 611 974; x_wconf 81' lang='lat' dir='ltr'>integro</span> <span class='ocrx_word' id='word_1_106' title='bbox 647 918 793 960; x_wconf 84' lang='lat' dir='ltr'>reserat</span> <span class='ocrx_word' id='word_1_107' title='bbox 819 933 838 958; x_wconf 67' lang='lat'>³&gt;</span> <span class='ocrx_word' id='word_1_108' title='bbox 878 920 915 960; x_wconf 92' lang='lat' dir='ltr'>in</span> <span class='ocrx_word' id='word_1_109' title='bbox 952 917 1135 961; x_wconf 81' lang='lat' dir='ltr'>Romana</span> <span class='ocrx_word' id='word_1_110' title='bbox 1170 924 1210 961; x_wconf 92' lang='lat' dir='ltr'>et</span> <span class='ocrx_word' id='word_1_111' title='bbox 1242 918 1441 962; x_wconf 86' lang='lat' dir='ltr'>aliarum:</span> <span class='ocrx_word' id='word_1_112' title='bbox 1477 919 1630 962; x_wconf 76' lang='lat' dir='ltr'>lurtum</span> <span class='ocrx_word' id='word_1_113' title='bbox 1657 921 1683 973; x_wconf 74' lang='lat'>¹,</span> <span class='ocrx_word' id='word_1_114' title='bbox 1719 934 1768 963; x_wconf 83' lang='lat' dir='ltr'>ex</span> <span class='ocrx_word' id='word_1_115' title='bbox 1793 920 1838 963; x_wconf 93' lang='lat' dir='ltr'>il-</span> 
     </span>
     <span class='ocr_line' id='line_1_13' title="bbox 212 988 1839 1046; baseline 0.002 -14"><span class='ocrx_word' id='word_1_116' title='bbox 212 989 293 1033; x_wconf 89' lang='lat' dir='ltr'>lius</span> <span class='ocrx_word' id='word_1_117' title='bbox 341 988 750 1045; x_wconf 79' lang='lat' dir='ltr'>interpretationibus</span> <span class='ocrx_word' id='word_1_118' title='bbox 781 988 1029 1032; x_wconf 70' lang='lat' dir='ltr'>authenticis</span> <span class='ocrx_word' id='word_1_119' title='bbox 1069 1006 1087 1029; x_wconf 87' lang='lat'>«</span> <span class='ocrx_word' id='word_1_120' title='bbox 1112 990 1367 1032; x_wconf 87' lang='lat' dir='ltr'>aestimanda</span> <span class='ocrx_word' id='word_1_121' title='bbox 1402 995 1509 1033; x_wconf 83' lang='lat' dir='ltr'>est»</span> <span class='ocrx_word' id='word_1_122' title='bbox 1548 990 1656 1046; x_wconf 88' lang='lat' dir='ltr'>(can.</span> <span class='ocrx_word' id='word_1_123' title='bbox 1693 992 1730 1045; x_wconf 80' lang='lat'>6,</span> <span class='ocrx_word' id='word_1_124' title='bbox 1767 991 1839 1045; x_wconf 68' lang='lat'>2⁰).</span> 
     </span>
     <span class='ocr_line' id='line_1_14' title="bbox 218 1056 1838 1116; baseline 0.001 -15"><span class='ocrx_word' id='word_1_125' title='bbox 218 1058 437 1102; x_wconf 79' lang='lat' dir='ltr'>Videlicet:</span> <span class='ocrx_word' id='word_1_126' title='bbox 474 1061 512 1101; x_wconf 94' lang='lat' dir='ltr'>in</span> <span class='ocrx_word' id='word_1_127' title='bbox 549 1058 726 1101; x_wconf 81' lang='lat' dir='ltr'>Meliten.</span> <span class='ocrx_word' id='word_1_128' title='bbox 754 1057 768 1080; x_wconf 75' lang='lat'><strong>²</strong></span> <span class='ocrx_word' id='word_1_129' title='bbox 801 1059 851 1101; x_wconf 88' lang='lat' dir='ltr'>ad</span> <span class='ocrx_word' id='word_1_130' title='bbox 887 1058 1083 1102; x_wconf 88' lang='lat' dir='ltr'>dubium:</span> <span class='ocrx_word' id='word_1_131' title='bbox 1124 1075 1145 1099; x_wconf 85' lang='lat'>«</span> <span class='ocrx_word' id='word_1_132' title='bbox 1171 1059 1195 1104; x_wconf 92' lang='lat' dir='ltr'>l.</span> <span class='ocrx_word' id='word_1_133' title='bbox 1229 1060 1290 1102; x_wconf 81' lang='lat' dir='ltr'>An</span> <span class='ocrx_word' id='word_1_134' title='bbox 1325 1056 1581 1104; x_wconf 80' lang='lat' dir='ltr'>Ordinarii...</span> <span class='ocrx_word' id='word_1_135' title='bbox 1616 1060 1838 1116; x_wconf 82' lang='lat' dir='ltr'>idipsum...</span> 
     </span>
     <span class='ocr_line' id='line_1_15' title="bbox 214 1129 1839 1187; baseline 0.002 -15"><span class='ocrx_word' id='word_1_136' title='bbox 214 1132 453 1186; x_wconf 86' lang='lat' dir='ltr'>permittere</span> <span class='ocrx_word' id='word_1_137' title='bbox 488 1131 683 1185; x_wconf 87' lang='lat' dir='ltr'>possint...</span> <span class='ocrx_word' id='word_1_138' title='bbox 719 1142 984 1186; x_wconf 80' lang='lat' dir='ltr'>quocumque</span> <span class='ocrx_word' id='word_1_139' title='bbox 1017 1129 1162 1174; x_wconf 58' lang='lat' dir='ltr'>diez)...</span> <span class='ocrx_word' id='word_1_140' title='bbox 1197 1129 1331 1172; x_wconf 82' lang='lat' dir='ltr'>Emmi</span> <span class='ocrx_word' id='word_1_141' title='bbox 1382 1130 1451 1172; x_wconf 80' lang='lat' dir='ltr'>PP.</span> <span class='ocrx_word' id='word_1_142' title='bbox 1503 1132 1839 1187; x_wconf 88' lang='lat' dir='ltr'>respondendum</span> 
     </span>
     <span class='ocr_line' id='line_1_16' title="bbox 211 1198 1839 1246; baseline 0.001 -2"><span class='ocrx_word' id='word_1_143' title='bbox 211 1205 484 1244; x_wconf 88' lang='lat' dir='ltr'>censuerunt:</span> <span class='ocrx_word' id='word_1_144' title='bbox 519 1201 569 1243; x_wconf 88' lang='lat' dir='ltr'>ad</span> <span class='ocrx_word' id='word_1_145' title='bbox 606 1200 631 1243; x_wconf 94' lang='grc' dir='ltr'>Ι.</span> <span class='ocrx_word' id='word_1_146' title='bbox 664 1200 940 1243; x_wconf 80' lang='lat' dir='ltr'>Affirmative.</span> <span class='ocrx_word' id='word_1_147' title='bbox 965 1226 1021 1231; x_wconf 86' lang='lat'><strong>—</strong></span> <span class='ocrx_word' id='word_1_148' title='bbox 1046 1200 1090 1242; x_wconf 89' lang='lat' dir='ltr'>ll.</span> <span class='ocrx_word' id='word_1_149' title='bbox 1117 1203 1177 1243; x_wconf 81' lang='lat' dir='ltr'>An</span> <span class='ocrx_word' id='word_1_150' title='bbox 1202 1198 1414 1245; x_wconf 87' lang='lat' dir='ltr'>Ordinarii</span> <span class='ocrx_word' id='word_1_151' title='bbox 1439 1215 1487 1244; x_wconf 84' lang='lat' dir='ltr'>ex</span> <span class='ocrx_word' id='word_1_152' title='bbox 1515 1204 1631 1245; x_wconf 89' lang='lat' dir='ltr'>iustis</span> <span class='ocrx_word' id='word_1_153' title='bbox 1653 1207 1692 1245; x_wconf 91' lang='lat' dir='ltr'>et</span> <span class='ocrx_word' id='word_1_154' title='bbox 1715 1204 1839 1246; x_wconf 85' lang='lat' dir='ltr'>ratio-</span> 
     </span>
     <span class='ocr_line' id='line_1_17' title="bbox 212 1271 1838 1329; baseline 0.001 -15"><span class='ocrx_word' id='word_1_155' title='bbox 212 1271 419 1315; x_wconf 88' lang='lat' dir='ltr'>nabilibus</span> <span class='ocrx_word' id='word_1_156' title='bbox 452 1274 599 1326; x_wconf 77' lang='lat' dir='ltr'>causis,</span> <span class='ocrx_word' id='word_1_157' title='bbox 634 1273 894 1328; x_wconf 79' lang='lat' dir='ltr'>sei-vatisque</span> <span class='ocrx_word' id='word_1_158' title='bbox 927 1271 977 1314; x_wconf 91' lang='lat' dir='ltr'>de</span> <span class='ocrx_word' id='word_1_159' title='bbox 1010 1274 1098 1314; x_wconf 93' lang='lat' dir='ltr'>iure</span> <span class='ocrx_word' id='word_1_160' title='bbox 1132 1272 1363 1323; x_wconf 77' lang='lat' dir='ltr'>servandis,</span> <span class='ocrx_word' id='word_1_161' title='bbox 1399 1274 1638 1328; x_wconf 85' lang='lat' dir='ltr'>permittere</span> <span class='ocrx_word' id='word_1_162' title='bbox 1684 1276 1838 1329; x_wconf 86' lang='lat' dir='ltr'>possint</span> 
     </span>
     <span class='ocr_line' id='line_1_18' title="bbox 212 1341 1835 1401; baseline 0.001 -17"><span class='ocrx_word' id='word_1_163' title='bbox 212 1355 284 1398; x_wconf 86' lang='lat' dir='ltr'>per</span> <span class='ocrx_word' id='word_1_164' title='bbox 316 1342 484 1385; x_wconf 89' lang='lat' dir='ltr'>modum</span> <span class='ocrx_word' id='word_1_165' title='bbox 518 1347 646 1395; x_wconf 71' lang='lat' dir='ltr'>actus,</span> <span class='ocrx_word' id='word_1_166' title='bbox 680 1341 1000 1385; x_wconf 79' lang='lat' dir='ltr'>celebrationem</span> <span class='ocrx_word' id='word_1_167' title='bbox 1036 1342 1195 1397; x_wconf 65' lang='lat' dir='ltr'>Missae,</span> <span class='ocrx_word' id='word_1_168' title='bbox 1229 1343 1356 1395; x_wconf 75' lang='lat' dir='ltr'>domi,</span> <span class='ocrx_word' id='word_1_169' title='bbox 1389 1356 1532 1386; x_wconf 89' lang='lat' dir='ltr'>eorum</span> <span class='ocrx_word' id='word_1_170' title='bbox 1581 1344 1723 1386; x_wconf 82' lang='lat' dir='ltr'>favore</span> <span class='ocrx_word' id='word_1_171' title='bbox 1766 1346 1835 1401; x_wconf 86' lang='lat' dir='ltr'>qui</span> 
     </span>
     <span class='ocr_line' id='line_1_19' title="bbox 211 1410 1838 1471; baseline 0.001 -15"><span class='ocrx_word' id='word_1_172' title='bbox 211 1414 425 1456; x_wconf 83' lang='lat' dir='ltr'>domestici</span> <span class='ocrx_word' id='word_1_173' title='bbox 459 1410 641 1457; x_wconf 72' lang='lat' dir='ltr'>Orator-ii</span> <span class='ocrx_word' id='word_1_174' title='bbox 676 1412 833 1455; x_wconf 88' lang='lat' dir='ltr'>indulto</span> <span class='ocrx_word' id='word_1_175' title='bbox 867 1413 1063 1468; x_wconf 69' lang='lat' dir='ltr'>gaudent,</span> <span class='ocrx_word' id='word_1_176' title='bbox 1096 1415 1216 1456; x_wconf 88' lang='lat' dir='ltr'>etiam</span> <span class='ocrx_word' id='word_1_177' title='bbox 1256 1416 1302 1456; x_wconf 82' lang='lat' dir='ltr'>iis</span> <span class='ocrx_word' id='word_1_178' title='bbox 1327 1413 1490 1468; x_wconf 75' lang='lat' dir='ltr'>diebus,</span> <span class='ocrx_word' id='word_1_179' title='bbox 1515 1416 1582 1471; x_wconf 85' lang='lat' dir='ltr'>qui</span> <span class='ocrx_word' id='word_1_180' title='bbox 1609 1416 1647 1456; x_wconf 90' lang='lat' dir='ltr'>in</span> <span class='ocrx_word' id='word_1_181' title='bbox 1672 1413 1838 1458; x_wconf 88' lang='lat' dir='ltr'>obtento</span> 
     </span>
     <span class='ocr_line' id='line_1_20' title="bbox 213 1483 1838 1540; baseline 0.002 -15"><span class='ocrx_word' id='word_1_182' title='bbox 213 1483 370 1527; x_wconf 87' lang='lat' dir='ltr'>indulto</span> <span class='ocrx_word' id='word_1_183' title='bbox 403 1485 565 1540; x_wconf 84' lang='lat' dir='ltr'>excepti</span> <span class='ocrx_word' id='word_1_184' title='bbox 598 1483 730 1526; x_wconf 77' lang='lat' dir='ltr'>sunt?</span> <span class='ocrx_word' id='word_1_185' title='bbox 761 1509 818 1514; x_wconf 86' lang='lat'>—</span> <span class='ocrx_word' id='word_1_186' title='bbox 850 1483 911 1526; x_wconf 80' lang='lat' dir='ltr'>Ad</span> <span class='ocrx_word' id='word_1_187' title='bbox 947 1483 992 1525; x_wconf 94' lang='lat' dir='ltr'>ll.</span> <span class='ocrx_word' id='word_1_188' title='bbox 1037 1484 1312 1539; x_wconf 73' lang='lat' dir='ltr'>Atlirmative,</span> <span class='ocrx_word' id='word_1_189' title='bbox 1357 1484 1583 1527; x_wconf 88' lang='lat' dir='ltr'>dummodo</span> <span class='ocrx_word' id='word_1_190' title='bbox 1627 1486 1757 1528; x_wconf 88' lang='lat' dir='ltr'>iustae</span> <span class='ocrx_word' id='word_1_191' title='bbox 1799 1490 1838 1528; x_wconf 90' lang='lat' dir='ltr'>et</span> 
     </span>
     <span class='ocr_line' id='line_1_21' title="bbox 213 1553 1836 1612; baseline 0.002 -16"><span class='ocrx_word' id='word_1_192' title='bbox 213 1554 476 1598; x_wconf 87' lang='lat' dir='ltr'>rationabiles</span> <span class='ocrx_word' id='word_1_193' title='bbox 509 1566 658 1597; x_wconf 85' lang='lat' dir='ltr'>causae</span> <span class='ocrx_word' id='word_1_194' title='bbox 691 1554 795 1597; x_wconf 85' lang='lat' dir='ltr'>aliae</span> <span class='ocrx_word' id='word_1_195' title='bbox 828 1556 907 1597; x_wconf 84' lang='lat' dir='ltr'>sint</span> <span class='ocrx_word' id='word_1_196' title='bbox 940 1554 992 1597; x_wconf 90' lang='lat' dir='ltr'>ab</span> <span class='ocrx_word' id='word_1_197' title='bbox 1025 1556 1098 1609; x_wconf 80' lang='lat' dir='ltr'>eis,</span> <span class='ocrx_word' id='word_1_198' title='bbox 1131 1553 1182 1597; x_wconf 85' lang='lat' dir='ltr'>ob</span> <span class='ocrx_word' id='word_1_199' title='bbox 1215 1567 1317 1612; x_wconf 81' lang='lat' dir='ltr'>quas</span> <span class='ocrx_word' id='word_1_200' title='bbox 1339 1568 1582 1598; x_wconf 84' lang='lat' dir='ltr'>concessum</span> <span class='ocrx_word' id='word_1_201' title='bbox 1606 1556 1679 1598; x_wconf 86' lang='lat' dir='ltr'>fuit</span> <span class='ocrx_word' id='word_1_202' title='bbox 1704 1556 1836 1599; x_wconf 87' lang='lat' dir='ltr'>indul-</span> 
     </span>
     <span class='ocr_line' id='line_1_22' title="bbox 211 1623 1835 1682; baseline 0.001 -14"><span class='ocrx_word' id='word_1_203' title='bbox 211 1631 296 1668; x_wconf 89' lang='lat' dir='ltr'>tum</span> <span class='ocrx_word' id='word_1_204' title='bbox 330 1623 512 1670; x_wconf 84' lang='lat' dir='ltr'>Oratorii</span> <span class='ocrx_word' id='word_1_205' title='bbox 547 1625 829 1668; x_wconf 85' lang='lat' dir='ltr'>domestici».</span> <span class='ocrx_word' id='word_1_206' title='bbox 864 1624 977 1668; x_wconf 78' lang='lat' dir='ltr'>Alias</span> <span class='ocrx_word' id='word_1_207' title='bbox 1010 1627 1118 1668; x_wconf 90' lang='lat' dir='ltr'>enim</span> <span class='ocrx_word' id='word_1_208' title='bbox 1154 1625 1432 1668; x_wconf 84' lang='lat' dir='ltr'>concederent</span> <span class='ocrx_word' id='word_1_209' title='bbox 1464 1627 1572 1682; x_wconf 83' lang='lat' dir='ltr'>quod</span> <span class='ocrx_word' id='word_1_210' title='bbox 1621 1640 1691 1681; x_wconf 93' lang='lat' dir='ltr'>per</span> <span class='ocrx_word' id='word_1_211' title='bbox 1726 1626 1835 1669; x_wconf 91' lang='lat' dir='ltr'>illam</span> 
     </span>
     <span class='ocr_line' id='line_1_23' title="bbox 213 1695 1696 1752; baseline 0.001 -14"><span class='ocrx_word' id='word_1_212' title='bbox 213 1696 358 1739; x_wconf 89' lang='lat' dir='ltr'>indulti</span> <span class='ocrx_word' id='word_1_213' title='bbox 394 1696 678 1739; x_wconf 87' lang='lat' dir='ltr'>limitationem</span> <span class='ocrx_word' id='word_1_214' title='bbox 713 1696 751 1740; x_wconf 82' lang='lat' dir='ltr'>S.</span> <span class='ocrx_word' id='word_1_215' title='bbox 786 1696 915 1739; x_wconf 61' lang='lat' dir='ltr'>Sedes</span> <span class='ocrx_word' id='word_1_216' title='bbox 946 1701 1186 1752; x_wconf 82' lang='lat' dir='ltr'>negaverat,</span> <span class='ocrx_word' id='word_1_217' title='bbox 1221 1695 1328 1752; x_wconf 81' lang='lat' dir='ltr'>quod</span> <span class='ocrx_word' id='word_1_218' title='bbox 1366 1698 1533 1739; x_wconf 87' lang='lat' dir='ltr'>minime</span> <span class='ocrx_word' id='word_1_219' title='bbox 1566 1696 1696 1739; x_wconf 87' lang='lat' dir='ltr'>decet.</span> 
     </span>
    </p>

    <p class='ocr_par' dir='ltr' id='par_1_4' title="bbox 210 1766 1838 2034">
     <span class='ocr_line' id='line_1_24' title="bbox 332 1766 1834 1823; baseline -0.001 -14"><span class='ocrx_word' id='word_1_220' title='bbox 332 1767 405 1809; x_wconf 85' lang='lat' dir='ltr'>Pro</span> <span class='ocrx_word' id='word_1_221' title='bbox 441 1768 558 1823; x_wconf 83' lang='lat' dir='ltr'>praxi</span> <span class='ocrx_word' id='word_1_222' title='bbox 593 1779 671 1809; x_wconf 88' lang='lat' dir='ltr'>non</span> <span class='ocrx_word' id='word_1_223' title='bbox 707 1771 767 1809; x_wconf 89' lang='lat' dir='ltr'>est</span> <span class='ocrx_word' id='word_1_224' title='bbox 800 1766 997 1809; x_wconf 79' lang='lat' dir='ltr'>oblivioni</span> <span class='ocrx_word' id='word_1_225' title='bbox 1031 1766 1231 1809; x_wconf 87' lang='lat' dir='ltr'>tradenda</span> <span class='ocrx_word' id='word_1_226' title='bbox 1264 1779 1442 1823; x_wconf 82' lang='lat' dir='ltr'>sequens</span> <span class='ocrx_word' id='word_1_227' title='bbox 1478 1780 1583 1823; x_wconf 89' lang='lat' dir='ltr'>resp.</span> <span class='ocrx_word' id='word_1_228' title='bbox 1618 1766 1834 1810; x_wconf 85' lang='lat' dir='ltr'>Commiss.</span> 
     </span>
     <span class='ocr_line' id='line_1_25' title="bbox 212 1836 1838 1894; baseline -0.001 -13"><span class='ocrx_word' id='word_1_229' title='bbox 212 1839 324 1881; x_wconf 87' lang='lat' dir='ltr'>Pont.</span> <span class='ocrx_word' id='word_1_230' title='bbox 361 1838 410 1881; x_wconf 85' lang='lat' dir='ltr'>ad</span> <span class='ocrx_word' id='word_1_231' title='bbox 447 1837 546 1881; x_wconf 84' lang='lat' dir='ltr'>Cod.</span> <span class='ocrx_word' id='word_1_232' title='bbox 581 1850 760 1881; x_wconf 87' lang='lat' dir='ltr'>canones</span> <span class='ocrx_word' id='word_1_233' title='bbox 793 1837 904 1880; x_wconf 89' lang='lat' dir='ltr'>auth.</span> <span class='ocrx_word' id='word_1_234' title='bbox 940 1838 1272 1894; x_wconf 85' lang='lat' dir='ltr'>interpretandos</span> <span class='ocrx_word' id='word_1_235' title='bbox 1295 1836 1332 1878; x_wconf 82' lang='lat'>3:</span> <span class='ocrx_word' id='word_1_236' title='bbox 1363 1853 1384 1877; x_wconf 86' lang='lat'>«</span> <span class='ocrx_word' id='word_1_237' title='bbox 1410 1837 1476 1880; x_wconf 68' lang='lat'>12.</span> <span class='ocrx_word' id='word_1_238' title='bbox 1500 1837 1644 1881; x_wconf 90' lang='lat' dir='ltr'>Utrum</span> <span class='ocrx_word' id='word_1_239' title='bbox 1666 1837 1838 1881; x_wconf 83' lang='lat' dir='ltr'>facultas</span> 
     </span>
     <span class='ocr_line' id='line_1_26' title="bbox 210 1904 1834 1964; baseline -0.001 -13"><span class='ocrx_word' id='word_1_240' title='bbox 210 1908 447 1951; x_wconf 82' lang='lat' dir='ltr'>celebrandi</span> <span class='ocrx_word' id='word_1_241' title='bbox 484 1907 646 1950; x_wconf 84' lang='lat' dir='ltr'>Missam</span> <span class='ocrx_word' id='word_1_242' title='bbox 684 1909 721 1949; x_wconf 92' lang='lat' dir='ltr'>in</span> <span class='ocrx_word' id='word_1_243' title='bbox 757 1907 880 1950; x_wconf 88' lang='lat' dir='ltr'>domo</span> <span class='ocrx_word' id='word_1_244' title='bbox 912 1909 1073 1964; x_wconf 86' lang='lat' dir='ltr'>privata</span> <span class='ocrx_word' id='word_1_245' title='bbox 1105 1910 1155 1950; x_wconf 88' lang='lat' dir='ltr'>sit</span> <span class='ocrx_word' id='word_1_246' title='bbox 1189 1906 1240 1950; x_wconf 83' lang='lat' dir='ltr'>ab</span> <span class='ocrx_word' id='word_1_247' title='bbox 1273 1904 1512 1961; x_wconf 71' lang='lat' dir='ltr'>Ordinario,</span> <span class='ocrx_word' id='word_1_248' title='bbox 1557 1910 1606 1951; x_wconf 87' lang='lat' dir='ltr'>ad</span> <span class='ocrx_word' id='word_1_249' title='bbox 1649 1919 1834 1950; x_wconf 88' lang='lat' dir='ltr'>normam</span> 
     </span>
     <span class='ocr_line' id='line_1_27' title="bbox 210 1978 1805 2034; baseline 0.001 -13"><span class='ocrx_word' id='word_1_250' title='bbox 210 1991 297 2021; x_wconf 84' lang='lat' dir='ltr'>can.</span> <span class='ocrx_word' id='word_1_251' title='bbox 335 1978 433 2032; x_wconf 63' lang='lat'>822,</span> <span class='ocrx_word' id='word_1_252' title='bbox 467 1984 491 2032; x_wconf 57' lang='lat'>5·</span> <span class='ocrx_word' id='word_1_253' title='bbox 526 1978 565 2032; x_wconf 77' lang='lat'>4,</span> <span class='ocrx_word' id='word_1_254' title='bbox 600 1978 906 2034; x_wconf 86' lang='lat' dir='ltr'>interpretanda</span> <span class='ocrx_word' id='word_1_255' title='bbox 944 1978 1206 2021; x_wconf 76' lang='lat' dir='ltr'>restrictive?</span> <span class='ocrx_word' id='word_1_256' title='bbox 1238 2003 1294 2007; x_wconf 97' lang='lat'><strong>—</strong></span> <span class='ocrx_word' id='word_1_257' title='bbox 1328 1978 1446 2034; x_wconf 82' lang='lat' dir='ltr'>Resp.</span> <span class='ocrx_word' id='word_1_258' title='bbox 1482 1978 1742 2021; x_wconf 85' lang='lat' dir='ltr'>Affirmative</span> <span class='ocrx_word' id='word_1_259' title='bbox 1766 1994 1805 2022; x_wconf 80' lang='lat'>)›.</span> 
     </span>
    </p>

    <p class='ocr_par' dir='ltr' id='par_1_5' title="bbox 209 2049 1836 2460">
     <span class='ocr_line' id='line_1_28' title="bbox 333 2049 1836 2106; baseline 0.001 -16"><span class='ocrx_word' id='word_1_260' title='bbox 333 2049 426 2092; x_wconf 75' lang='lat'>1:35.</span> <span class='ocrx_word' id='word_1_261' title='bbox 451 2051 703 2106; x_wconf 87' lang='lat' dir='ltr'>Speciales</span> <span class='ocrx_word' id='word_1_262' title='bbox 727 2051 1085 2106; x_wconf 88' lang='lat' dir='ltr'>prohibitiones</span> <span class='ocrx_word' id='word_1_263' title='bbox 1108 2063 1259 2095; x_wconf 87' lang='lat' dir='ltr'>causa</span> <span class='ocrx_word' id='word_1_264' title='bbox 1278 2052 1369 2094; x_wconf 88' lang='lat' dir='ltr'>loci</span> <span class='ocrx_word' id='word_1_265' title='bbox 1390 2051 1754 2095; x_wconf 83' lang='lat' dir='ltr'>celebrationis.</span> <span class='ocrx_word' id='word_1_266' title='bbox 1781 2075 1836 2079; x_wconf 89' lang='lat'>-</span> 
     </span>
     <span class='ocr_line' id='line_1_29' title="bbox 213 2119 1836 2176; baseline -0.001 -13"><span class='ocrx_word' id='word_1_267' title='bbox 213 2120 315 2163; x_wconf 68' lang='lat' dir='ltr'>Can.</span> <span class='ocrx_word' id='word_1_268' title='bbox 349 2122 454 2163; x_wconf 63' lang='lat'>8:²3.</span> <span class='ocrx_word' id='word_1_269' title='bbox 491 2123 515 2173; x_wconf 63' lang='grc' dir='ltr'>,ξ</span> <span class='ocrx_word' id='word_1_270' title='bbox 549 2120 587 2162; x_wconf 86' lang='lat'>1.</span> <span class='ocrx_word' id='word_1_271' title='bbox 620 2119 714 2164; x_wconf 70' lang='lat' dir='ltr'>Non</span> <span class='ocrx_word' id='word_1_272' title='bbox 742 2119 852 2170; x_wconf 68' lang='lat' dir='ltr'>lieet,</span> <span class='ocrx_word' id='word_1_273' title='bbox 878 2124 918 2162; x_wconf 89' lang='lat' dir='ltr'>ut</span> <span class='ocrx_word' id='word_1_274' title='bbox 944 2132 1087 2162; x_wconf 83' lang='lat' dir='ltr'>norma</span> <span class='ocrx_word' id='word_1_275' title='bbox 1111 2120 1320 2176; x_wconf 78' lang='lat' dir='ltr'>generalis</span> <span class='ocrx_word' id='word_1_276' title='bbox 1344 2124 1510 2175; x_wconf 89' lang='lat' dir='ltr'>propter</span> <span class='ocrx_word' id='word_1_277' title='bbox 1535 2121 1701 2163; x_wconf 87' lang='lat' dir='ltr'>vetitam</span> <span class='ocrx_word' id='word_1_278' title='bbox 1727 2132 1836 2162; x_wconf 90' lang='lat' dir='ltr'>com-</span> 
     </span>
     <span class='ocr_line' id='line_1_30' title="bbox 212 2190 1833 2248; baseline -0.001 -15"><span class='ocrx_word' id='word_1_279' title='bbox 212 2193 533 2234; x_wconf 88' lang='lat' dir='ltr'>municationem</span> <span class='ocrx_word' id='word_1_280' title='bbox 569 2193 606 2233; x_wconf 90' lang='lat' dir='ltr'>in</span> <span class='ocrx_word' id='word_1_281' title='bbox 642 2191 810 2243; x_wconf 73' lang='lat' dir='ltr'>divinis,</span> <span class='ocrx_word' id='word_1_282' title='bbox 844 2195 1121 2246; x_wconf 81' lang='lat' dir='ltr'>congruenter</span> <span class='ocrx_word' id='word_1_283' title='bbox 1156 2191 1205 2233; x_wconf 88' lang='lat' dir='ltr'>ad</span> <span class='ocrx_word' id='word_1_284' title='bbox 1241 2204 1292 2233; x_wconf 88' lang='lat' dir='ltr'>ss.</span> <span class='ocrx_word' id='word_1_285' title='bbox 1328 2203 1418 2234; x_wconf 88' lang='lat' dir='ltr'>can.</span> <span class='ocrx_word' id='word_1_286' title='bbox 1445 2190 1620 2248; x_wconf 68' lang='lat' dir='ltr'>1325,g·</span> <span class='ocrx_word' id='word_1_287' title='bbox 1644 2191 1680 2244; x_wconf 71' lang='lat'>1,</span> <span class='ocrx_word' id='word_1_288' title='bbox 1708 2190 1833 2246; x_wconf 64' lang='lat'>1258,</span> 
     </span>
     <span class='ocr_line' id='line_1_31' title="bbox 209 2259 1833 2318; baseline -0.001 -15"><span class='ocrx_word' id='word_1_289' title='bbox 209 2260 236 2318; x_wconf 64' lang='grc' dir='ltr'>ξ</span> <span class='ocrx_word' id='word_1_290' title='bbox 271 2262 287 2303; x_wconf 92' lang='lat'>1</span> <span class='ocrx_word' id='word_1_291' title='bbox 321 2262 352 2315; x_wconf 72' lang='lat'>⁴,</span> <span class='ocrx_word' id='word_1_292' title='bbox 386 2261 596 2304; x_wconf 62' lang='lat' dir='ltr'>celebrare</span> <span class='ocrx_word' id='word_1_293' title='bbox 630 2261 673 2303; x_wconf 74' lang='lat' dir='ltr'>in</span> <span class='ocrx_word' id='word_1_294' title='bbox 709 2261 872 2318; x_wconf 70' lang='lat' dir='ltr'>templo,</span> <span class='ocrx_word' id='word_1_295' title='bbox 906 2261 1041 2304; x_wconf 88' lang='lat' dir='ltr'>dicato</span> <span class='ocrx_word' id='word_1_296' title='bbox 1075 2274 1222 2316; x_wconf 88' lang='lat' dir='ltr'>nempe</span> <span class='ocrx_word' id='word_1_297' title='bbox 1256 2260 1520 2304; x_wconf 88' lang='lat' dir='ltr'>habitualiter</span> <span class='ocrx_word' id='word_1_298' title='bbox 1552 2263 1693 2309; x_wconf 87' lang='lat' dir='ltr'>sacris,</span> <span class='ocrx_word' id='word_1_299' title='bbox 1738 2259 1833 2303; x_wconf 71' lang='lat' dir='ltr'>liae-</span> 
     </span>
     <span class='ocr_line' id='line_1_32' title="bbox 213 2330 1836 2388; baseline 0 -15"><span class='ocrx_word' id='word_1_300' title='bbox 213 2332 436 2374; x_wconf 68' lang='lat' dir='ltr'>retieorum</span> <span class='ocrx_word' id='word_1_301' title='bbox 477 2331 537 2374; x_wconf 73' lang='lat' dir='ltr'>vel</span> <span class='ocrx_word' id='word_1_302' title='bbox 569 2330 946 2384; x_wconf 63' lang='lat' dir='ltr'>schismalivorum,</span> <span class='ocrx_word' id='word_1_303' title='bbox 977 2336 1100 2388; x_wconf 85' lang='lat' dir='ltr'>atque</span> <span class='ocrx_word' id='word_1_304' title='bbox 1132 2331 1318 2374; x_wconf 88' lang='lat' dir='ltr'>absoluta</span> <span class='ocrx_word' id='word_1_305' title='bbox 1366 2337 1426 2374; x_wconf 90' lang='lat' dir='ltr'>est</span> <span class='ocrx_word' id='word_1_306' title='bbox 1475 2330 1708 2387; x_wconf 79' lang='lat' dir='ltr'>probibitio,</span> <span class='ocrx_word' id='word_1_307' title='bbox 1757 2330 1836 2373; x_wconf 76' lang='lat' dir='ltr'>etsi</span> 
     </span>
     <span class='ocr_line' id='line_1_33' title="bbox 211 2400 1833 2460; baseline 0 -16"><span class='ocrx_word' id='word_1_308' title='bbox 211 2402 307 2445; x_wconf 79' lang='lat' dir='ltr'>olim</span> <span class='ocrx_word' id='word_1_309' title='bbox 346 2403 426 2445; x_wconf 77' lang='lat' dir='ltr'>rite</span> <span class='ocrx_word' id='word_1_310' title='bbox 458 2402 509 2446; x_wconf 87' lang='lat' dir='ltr'>ab</span> <span class='ocrx_word' id='word_1_311' title='bbox 541 2402 725 2446; x_wconf 87' lang='lat' dir='ltr'>Ecclesia</span> <span class='ocrx_word' id='word_1_312' title='bbox 758 2402 925 2460; x_wconf 88' lang='lat' dir='ltr'>quidem</span> <span class='ocrx_word' id='word_1_313' title='bbox 960 2401 1161 2445; x_wconf 87' lang='lat' dir='ltr'>catholica</span> <span class='ocrx_word' id='word_1_314' title='bbox 1195 2408 1435 2445; x_wconf 70' lang='lat' dir='ltr'>consecrato</span> <span class='ocrx_word' id='word_1_315' title='bbox 1480 2407 1557 2444; x_wconf 69' lang='grc' dir='ltr'>ἀτιῐ</span> <span class='ocrx_word' id='word_1_316' title='bbox 1609 2400 1833 2444; x_wconf 74' lang='lat' dir='ltr'>benedicto.</span> 
     </span>
    </p>

    <p class='ocr_par' dir='ltr' id='par_1_6' title="bbox 210 2507 1833 2599">
     <span class='ocr_line' id='line_1_34' title="bbox 327 2507 1833 2553; baseline 0 -11"><span class='ocrx_word' id='word_1_317' title='bbox 327 2511 336 2530; x_wconf 73' lang='lat'><strong>¹</strong></span> <span class='ocrx_word' id='word_1_318' title='bbox 365 2509 410 2542; x_wconf 77' lang='lat'>23</span> <span class='ocrx_word' id='word_1_319' title='bbox 436 2509 527 2542; x_wconf 90' lang='lat' dir='ltr'>Dec.</span> <span class='ocrx_word' id='word_1_320' title='bbox 552 2509 656 2552; x_wconf 79' lang='lat'>1912,</span> <span class='ocrx_word' id='word_1_321' title='bbox 679 2508 716 2542; x_wconf 83' lang='lat' dir='ltr'>S.</span> <span class='ocrx_word' id='word_1_322' title='bbox 740 2508 861 2553; x_wconf 84' lang='lat' dir='ltr'>Cong.</span> <span class='ocrx_word' id='word_1_323' title='bbox 884 2508 930 2542; x_wconf 82' lang='lat' dir='ltr'>de</span> <span class='ocrx_word' id='word_1_324' title='bbox 948 2508 1157 2553; x_wconf 81' lang='lat' dir='ltr'>disciplina</span> <span class='ocrx_word' id='word_1_325' title='bbox 1176 2508 1531 2549; x_wconf 86' lang='lat' dir='ltr'>Sacramentorum,</span> <span class='ocrx_word' id='word_1_326' title='bbox 1556 2507 1630 2542; x_wconf 91' lang='lat' dir='ltr'>CO.</span> <span class='ocrx_word' id='word_1_327' title='bbox 1659 2507 1726 2549; x_wconf 87' lang='lat' dir='ltr'>IV,</span> <span class='ocrx_word' id='word_1_328' title='bbox 1750 2508 1833 2542; x_wconf 78' lang='lat'>725.</span> 
     </span>
     <span class='ocr_line' id='line_1_35' title="bbox 210 2554 1711 2599; baseline 0 -11"><span class='ocrx_word' id='word_1_329' title='bbox 210 2576 252 2581; x_wconf 84' lang='lat'>-.</span> <span class='ocrx_word' id='word_1_330' title='bbox 279 2557 291 2577; x_wconf 73' lang='lat'><strong>2</strong></span> <span class='ocrx_word' id='word_1_331' title='bbox 318 2556 363 2588; x_wconf 77' lang='lat'>22</span> <span class='ocrx_word' id='word_1_332' title='bbox 390 2556 503 2590; x_wconf 73' lang='lat' dir='ltr'>Mart.</span> <span class='ocrx_word' id='word_1_333' title='bbox 532 2557 633 2590; x_wconf 77' lang='lat'>1915.</span> <span class='ocrx_word' id='word_1_334' title='bbox 661 2555 737 2590; x_wconf 86' lang='lat' dir='ltr'>co.</span> <span class='ocrx_word' id='word_1_335' title='bbox 768 2555 854 2599; x_wconf 77' lang='lat' dir='ltr'>VII,</span> <span class='ocrx_word' id='word_1_336' title='bbox 887 2556 965 2590; x_wconf 80' lang='lat'>147.</span> <span class='ocrx_word' id='word_1_337' title='bbox 994 2575 1035 2580; x_wconf 85' lang='lat'>-</span> <span class='ocrx_word' id='word_1_338' title='bbox 1061 2556 1074 2577; x_wconf 75' lang='lat'><strong>³</strong></span> <span class='ocrx_word' id='word_1_339' title='bbox 1103 2555 1145 2589; x_wconf 81' lang='lat'>16</span> <span class='ocrx_word' id='word_1_340' title='bbox 1172 2555 1259 2589; x_wconf 74' lang='lat' dir='ltr'>cet.</span> <span class='ocrx_word' id='word_1_341' title='bbox 1292 2556 1392 2590; x_wconf 77' lang='lat'>1919.</span> <span class='ocrx_word' id='word_1_342' title='bbox 1424 2554 1502 2597; x_wconf 86' lang='lat' dir='ltr'>ce,</span> <span class='ocrx_word' id='word_1_343' title='bbox 1530 2555 1602 2598; x_wconf 84' lang='lat' dir='ltr'>Xl,</span> <span class='ocrx_word' id='word_1_344' title='bbox 1629 2555 1711 2598; x_wconf 66' lang='lat'>478.</span> 
     </span>
    </p>

    <p class='ocr_par' dir='ltr' id='par_1_7' title="bbox 208 2602 1837 2695">
     <span class='ocr_line' id='line_1_36' title="bbox 326 2602 1837 2647; baseline -0.001 -11"><span class='ocrx_word' id='word_1_345' title='bbox 326 2605 340 2624; x_wconf 66' lang='lat'>4</span> <span class='ocrx_word' id='word_1_346' title='bbox 368 2603 460 2636; x_wconf 85' lang='lat' dir='ltr'>Can.</span> <span class='ocrx_word' id='word_1_347' title='bbox 494 2603 595 2638; x_wconf 79' lang='lat'>1325.</span> <span class='ocrx_word' id='word_1_348' title='bbox 626 2607 644 2645; x_wconf 62' lang='grc' dir='ltr'>ξ</span> <span class='ocrx_word' id='word_1_349' title='bbox 674 2607 703 2637; x_wconf 87' lang='grc'><strong>1.</strong></span> <span class='ocrx_word' id='word_1_350' title='bbox 735 2603 890 2637; x_wconf 85' lang='lat' dir='ltr'>Fideles</span> <span class='ocrx_word' id='word_1_351' title='bbox 916 2602 1066 2637; x_wconf 77' lang='lat' dir='ltr'>Christi</span> <span class='ocrx_word' id='word_1_352' title='bbox 1104 2602 1219 2636; x_wconf 87' lang='lat' dir='ltr'>fidem</span> <span class='ocrx_word' id='word_1_353' title='bbox 1259 2610 1391 2647; x_wconf 81' lang='lat' dir='ltr'>aperte</span> <span class='ocrx_word' id='word_1_354' title='bbox 1430 2602 1605 2647; x_wconf 87' lang='lat' dir='ltr'>profiteri</span> <span class='ocrx_word' id='word_1_355' title='bbox 1644 2606 1837 2636; x_wconf 82' lang='lat' dir='ltr'>tenentur</span> 
     </span>
     <span class='ocr_line' id='line_1_37' title="bbox 208 2648 1836 2695; baseline -0.001 -12"><span class='ocrx_word' id='word_1_356' title='bbox 208 2650 361 2693; x_wconf 83' lang='lat' dir='ltr'>quoties</span> <span class='ocrx_word' id='word_1_357' title='bbox 387 2661 522 2684; x_wconf 89' lang='lat' dir='ltr'>eorum</span> <span class='ocrx_word' id='word_1_358' title='bbox 548 2650 766 2691; x_wconf 85' lang='lat' dir='ltr'>silentium,</span> <span class='ocrx_word' id='word_1_359' title='bbox 806 2649 1084 2695; x_wconf 78' lang='lat' dir='ltr'>tergiversatio</span> <span class='ocrx_word' id='word_1_360' title='bbox 1123 2655 1193 2683; x_wconf 86' lang='lat' dir='ltr'>aut</span> <span class='ocrx_word' id='word_1_361' title='bbox 1230 2650 1331 2695; x_wconf 81' lang='lat' dir='ltr'>ratio</span> <span class='ocrx_word' id='word_1_362' title='bbox 1369 2649 1513 2694; x_wconf 85' lang='lat' dir='ltr'>agendi</span> <span class='ocrx_word' id='word_1_363' title='bbox 1552 2648 1836 2683; x_wconf 87' lang='lat' dir='ltr'>secumferrent</span> 
     </span>
    </p>
   </div>
   <div class='ocr_carea' id='block_1_4' title="bbox 209 2696 1836 2742">
    <p class='ocr_par' dir='ltr' id='par_1_8' title="bbox 209 2696 1836 2742">
     <span class='ocr_line' id='line_1_38' title="bbox 209 2696 1836 2742; baseline 0 -13"><span class='ocrx_word' id='word_1_364' title='bbox 209 2697 442 2741; x_wconf 74' lang='lat' dir='ltr'>implicitam</span> <span class='ocrx_word' id='word_1_365' title='bbox 469 2697 560 2731; x_wconf 86' lang='lat' dir='ltr'>fidei</span> <span class='ocrx_word' id='word_1_366' title='bbox 587 2698 852 2742; x_wconf 85' lang='lat' dir='ltr'>negationem,</span> <span class='ocrx_word' id='word_1_367' title='bbox 881 2701 1151 2741; x_wconf 83' lang='lat' dir='ltr'>contemptum</span> <span class='ocrx_word' id='word_1_368' title='bbox 1182 2697 1399 2741; x_wconf 84' lang='lat' dir='ltr'>religionis,</span> <span class='ocrx_word' id='word_1_369' title='bbox 1435 2697 1621 2731; x_wconf 87' lang='lat' dir='ltr'>iniuriam</span> <span class='ocrx_word' id='word_1_370' title='bbox 1659 2696 1732 2730; x_wconf 88' lang='lat' dir='ltr'>Dei</span> <span class='ocrx_word' id='word_1_371' title='bbox 1772 2696 1836 2731; x_wconf 83' lang='lat' dir='ltr'>vel</span> 
     </span>
    </p>
   </div>
   <div class='ocr_carea' id='block_1_5' title="bbox 208 2744 1837 2835">
    <p class='ocr_par' dir='ltr' id='par_1_9' title="bbox 208 2744 1837 2835">
     <span class='ocr_line' id='line_1_39' title="bbox 208 2744 640 2789; baseline 0.002 -12"><span class='ocrx_word' id='word_1_372' title='bbox 208 2744 433 2778; x_wconf 83' lang='lat' dir='ltr'>scandalum</span> <span class='ocrx_word' id='word_1_373' title='bbox 459 2745 640 2789; x_wconf 82' lang='lat' dir='ltr'>proximi.</span> 
     </span>
     <span class='ocr_line' id='line_1_40' title="bbox 325 2790 1837 2835; baseline -0.001 -11"><span class='ocrx_word' id='word_1_374' title='bbox 325 2791 419 2825; x_wconf 84' lang='lat' dir='ltr'>Can.</span> <span class='ocrx_word' id='word_1_375' title='bbox 453 2792 553 2826; x_wconf 82' lang='lat'>1258.</span> <span class='ocrx_word' id='word_1_376' title='bbox 584 2796 603 2834; x_wconf 63' lang='grc' dir='ltr'>ξ</span> <span class='ocrx_word' id='word_1_377' title='bbox 633 2796 662 2825; x_wconf 87' lang='grc'><strong>1.</strong></span> <span class='ocrx_word' id='word_1_378' title='bbox 691 2791 808 2825; x_wconf 85' lang='lat' dir='ltr'>Haud</span> <span class='ocrx_word' id='word_1_379' title='bbox 834 2792 990 2826; x_wconf 86' lang='lat' dir='ltr'>licitum</span> <span class='ocrx_word' id='word_1_380' title='bbox 1016 2795 1078 2826; x_wconf 82' lang='lat' dir='ltr'>est</span> <span class='ocrx_word' id='word_1_381' title='bbox 1104 2790 1285 2825; x_wconf 84' lang='lat' dir='ltr'>fidelibus</span> <span class='ocrx_word' id='word_1_382' title='bbox 1311 2791 1461 2835; x_wconf 86' lang='lat' dir='ltr'>quovis</span> <span class='ocrx_word' id='word_1_383' title='bbox 1487 2790 1601 2825; x_wconf 88' lang='lat' dir='ltr'>modo</span> <span class='ocrx_word' id='word_1_384' title='bbox 1629 2791 1754 2825; x_wconf 84' lang='lat' dir='ltr'>active</span> <span class='ocrx_word' id='word_1_385' title='bbox 1778 2800 1837 2823; x_wconf 83' lang='lat' dir='ltr'>as-</span> 
     </span>
    </p>
   </div>
   <div class='ocr_carea' id='block_1_6' title="bbox 208 2837 1347 2883">
    <p class='ocr_par' dir='ltr' id='par_1_10' title="bbox 208 2837 1347 2883">
     <span class='ocr_line' id='line_1_41' title="bbox 208 2837 1347 2883; baseline -0.001 -11"><span class='ocrx_word' id='word_1_386' title='bbox 208 2839 345 2872; x_wconf 79' lang='lat' dir='ltr'>sistere</span> <span class='ocrx_word' id='word_1_387' title='bbox 373 2850 439 2872; x_wconf 78' lang='lat' dir='ltr'>seu</span> <span class='ocrx_word' id='word_1_388' title='bbox 466 2844 614 2883; x_wconf 83' lang='lat' dir='ltr'>partem</span> <span class='ocrx_word' id='word_1_389' title='bbox 641 2838 784 2874; x_wconf 88' lang='lat' dir='ltr'>habere</span> <span class='ocrx_word' id='word_1_390' title='bbox 812 2839 851 2872; x_wconf 90' lang='lat' dir='ltr'>in</span> <span class='ocrx_word' id='word_1_391' title='bbox 879 2840 1003 2873; x_wconf 82' lang='lat' dir='ltr'>sacris</span> <span class='ocrx_word' id='word_1_392' title='bbox 1028 2837 1347 2873; x_wconf 79' lang='lat' dir='ltr'>acatholicorum.</span> 
     </span>
    </p>
   </div>
  </div>
 </body>
</html>
