1971 3261
173 184 216 218 76
581 183 663 215 Lib.
695 181 765 214 ΠΙ.
795 201 807 206 -
833 181 944 214 PARS
969 179 999 212 J.
1030 199 1041 204 -
1070 179 1126 213 De
1151 180 1417 215 Sacrcwnentz's
1611 182 1703 215 Can.
1734 179 1799 214 781

173 302 293 358 cipali
328 306 475 357 agente
509 300 557 342 ad
593 300 807 342 eflectum:
834 300 886 341 ita
911 299 1033 340 etiam
1061 299 1231 340 materia
1272 300 1520 341 sacramenti
1546 298 1800 355 (cuiuscum-

171 374 269 429 que)
303 371 457 427 duplici
491 370 817 413 sanctificatione
852 368 1022 423 indiget,
1060 380 1131 423 per
1164 379 1341 422 quarum
1380 380 1503 412 uuam
1540 368 1610 425 (de
1643 381 1723 426 qua
1760 371 1798 411 iu

173 455 277 497 resp.
312 444 378 484 cit.
413 441 461 483 ad
499 440 551 482 3ΠΒ
586 444 624 483 et
658 452 782 496 quam
816 438 867 481 de
900 436 1132 481 Chrismate
1165 437 1242 480 sub
1277 438 1411 481 littera
1446 437 1485 495 b)
1519 451 1651 483 canon
1676 452 1802 482 enun-

173 511 262 567 tiat)
299 513 341 553 tit
375 513 538 567 propria
576 511 744 552 materia
779 510 1044 561 sacramenti,
1079 521 1151 565 per
1184 508 1307 551 aliam
1344 522 1443 552 vero
1477 509 1716 563 (deductam
1750 523 1801 553 ex

172 582 213 623 D.
249 581 468 635 Augustini
503 582 571 623 cit.
610 579 746 622 verbis
780 583 819 621 et
855 581 892 621 iu
928 590 1089 621 canone
1124 584 1360 621 contentam
1395 578 1472 622 sub
1491 579 1707 637 a)littera)
1730 592 1798 636 ap-

171 651 346 707 plicatur
381 651 430 693 ad
465 650 656 693 etl'ectum
681 665 720 693 ».
755 675 801 680 —
830 648 936 692 Huic
956 655 1145 704 apprime
1170 649 1396 692 concordat
1413 649 1624 693 Ecclesiae
1647 653 1802 706 praxis,

172 725 258 764 iure
291 723 444 776 scripto
478 720 720 763 confirmata
757 721 794 761 in
828 719 1100 776 sequentibus
1133 721 1303 762 canonis
1339 719 1498 763 verbis:
1533 720 1702 763 etiamsi
1733 734 1799 763 sa-

169 796 423 834 eramenlmn
457 790 624 846 supple:
650 790 977 833 confirmationis
1000 804 1026 832 (ι
1046 790 1306 848 presbytero,
1331 804 1382 832 ατ
1406 790 1499 833 iure
1524 794 1560 832 vi
1586 803 1677 834 can.
1701 791 1800 846 782,

167 866 191 915 ,ξ
224 862 247 904 3
282 862 386 903 infra
421 861 653 916 exponendi
689 859 750 902 vel
782 874 833 902 θα]
865 859 1096 917 apostolico
1141 859 1307 903 indulto
1362 874 1400 903 v.
1434 875 1494 917 gr.
1531 863 1801 905 missionariis

166 932 413 990 quibusdam
447 944 643 974 concesso
677 931 726 973 ad
763 936 924 987 tempus
961 930 1022 973 vel
1056 930 1108 974 ob
1143 933 1325 987 regionis
1358 933 1708 984 circumstantias,
1736 932 1797 975 vel

167 1003 218 1045 de
251 1016 331 1059 quo
366 1002 547 1058 loquitur
580 1013 670 1044 cau.
704 1001 803 1055 78⁶2,
836 1000 890 1058 g}
924 1002 962 1049 4,
998 1002 1021 1044 ὃ
1056 1001 1349 1052 mi‘niscrecm·;
1381 1002 1432 1046 de
1465 1015 1546 1059 quo
1573 1005 1800 1046 ministerio

173 1073 213 1115 l).
249 1072 426 1116 Thomas
452 1074 463 1094 ¹
500 1072 600 1115 haec
631 1072 792 1116 hahet:
833 1071 985 1128 «Papa
1021 1074 1059 1114 in
1100 1071 1284 1115 Ecclesia
1329 1072 1450 1116 habet
1500 1072 1797 1129 plenitudinem

171 1145 394 1200 potcstatis,
431 1156 479 1186 ex
510 1155 592 1199 qua
629 1147 760 1199 potest
793 1143 998 1200 quaedam
1033 1155 1140 1200 quae
1173 1147 1268 1186 suut
1310 1145 1571 1199 superiorum
1606 1143 1799 1186 ordinum

169 1214 366 1271 (scilicet:
402 1213 646 1271 ordinarie),
679 1216 942 1257 committere
975 1213 1225 1271 quibusdam
1263 1213 1547 1267 interioribus,
1582 1216 1686 1257 sicut
1711 1216 1799 1272 qui-

170 1285 342 1329 busdam
380 1284 633 1341 presbyteris
665 1285 860 1328 concedit
878 1285 1080 1328 conferre
1131 1287 1313 1327 minores
1351 1285 1530 1340 ordines,
1564 1285 1674 1341 quod
1710 1298 1800 1342 per-

170 1358 269 1399 tinet
301 1356 360 1398 ad.
389 1360 630 1411 potestatem
666 1355 961 1412 episcopalem.
997 1354 1045 1398 Et
1078 1369 1126 1398 ex
1164 1355 1240 1399 hac
1291 1355 1546 1411 plenitudine
1590 1359 1801 1412 potestatis

169 1428 372 1469 concessit
408 1425 451 1470 D.
487 1424 714 1482 Gregorius
749 1438 850 1482 papa
887 1426 996 1483 quod
1031 1425 1243 1482 simplices
1283 1426 1522 1469 sacerdotes
1555 1426 1632 1469 hoc
1665 1439 1800 1470 sacra.-

171 1502 353 1540 meutum
374 1498 625 1550 conferrent,
644 1497 844 1553 quamdiu
866 1496 1107 1540 scandalum
1144 1496 1358 1540 tolleretur
1378 1513 1412 1540 J).
1435 1497 1484 1540 Et
1504 1496 1653 1540 Bened.
1674 1496 1765 1540 XIV
1785 1497 1799 1518 ²

169 1570 247 1610 ait:
287 1567 418 1610 «Non
457 1567 622 1610 videtur
656 1567 778 1610 hodie-
827 1568 886 1611 tas
933 1580 1022 1611 esse
1056 1572 1299 1624 potestatem
1335 1568 1384 1610 de
1418 1580 1497 1625 qua
1542 1568 1637 1610 olim
1674 1569 1801 1612 disce-

172 1638 374 1694 ptabatur,
407 1651 570 1681 summo
606 1638 790 1681 Pontifici
827 1651 904 1680 non
930 1638 1172 1681 adiudicare
1196 1653 1234 1678 )).
1271 1637 1516 1695 praesbyter
1540 1638 1606 1681 ille
1645 1641 1798 1690 «sciat,

169 1708 244 1751 sihi
265 1721 474 1766 nunquam
504 1708 642 1762 licere,
661 1708 847 1752 Chrisma
867 1708 918 1752 ab
941 1708 1156 1765 Episcopis
1180 1708 1413 1763 haereticiS,
1436 1714 1506 1752 aut
1527 1709 1803 1753 schismaticis

172 1782 356 1835 recipere
379 1795 400 1819 ³>
430 1780 458 1819 3.
891 1792 893 1795 ’
1626 1828 1628 1831 .

287 1849 348 1892 Ad
376 1849 600 1906 pleniorem
627 1849 942 1904 intelligentiam
983 1849 1272 1906 explicationis
1295 1863 1388 1892 cuni
1414 1849 1459 1893 D.
1485 1849 1640 1893 Thoma
1666 1850 1800 1906 datae,

170 1922 258 1963 eius
280 1925 444 1963 acutam
470 1921 701 1964 doctrinam
728 1920 786 1977 (in
811 1933 926 1976 corp.
950 1920 1032 1964 cit¹.
1057 1920 1167 1975 arv.)
1203 1921 1357 1963 reterre
1391 1934 1470 1964 non
1506 1923 1629 1977 piget.
1655 1921 1796 1965 «Tota

169 1996 522 2034 sacramentorum
558 1992 830 2035 sanctificatio
863 2003 883 2034 a
919 1989 1082 2035 Christo
1125 1992 1354 2035 derivatur.
1389 1991 1459 2035 Est
1490 1996 1628 2035 autem
1665 1995 1797 2036 consi-

169 2061 400 2104 derandum
436 2062 543 2118 quod
580 2061 827 2118 quibusdam
863 2063 1135 2105 sacramentis
1167 2061 1415 2105 habentibus
1459 2064 1672 2106 materiam
1708 2076 1798 2106 cor-

171 2145 335 2188 poream
373 2135 448 2188 (uti
485 2146 570 2176 rem
604 2132 839 2177 sensibilem
877 2145 991 2176 usam
1017 2134 1055 2175 in
1079 2135 1327 2176 sacramenti
1352 2133 1589 2190 collatione)
1612 2132 1800 2178 Christus

170 2208 229 2245 est
265 2216 374 2257 usus,
409 2203 565 2246 scilicet
602 2203 805 2260 baptismo
838 2209 877 2247 et
901 2205 1024 2247 etiam
1050 2202 1323 2246 Eucharistia.
1348 2203 1395 2246 Et
1420 2204 1512 2247 ideo
1536 2217 1584 2247 ex
1611 2206 1698 2260 ipso
1723 2218 1796 2248 usu

170 2272 332 2319 Christi,
369 2275 566 2316 materiae
599 2273 744 2316 horum
780 2278 1135 2317 sacramentorum
1170 2274 1444 2332 aptitudinem
1470 2279 1721 2331 acceperunt
1744 2275 1794 2318 ad

172 2345 462 2399 perlectionem
498 2346 760 2387 sacramenti.
794 2343 911 2388 Unde
954 2342 1274 2400 Chrysostomus
1311 2344 1412 2388 dicit
1436 2345 1450 2366 4
1484 2345 1593 2402 quod
1628 2347 1652 2366 ‘⁶
1677 2358 1795 2388 num-

162 2426 291 2470 quam
327 2426 459 2471 aquae
494 2414 684 2470 baptismi
711 2428 889 2472 purgare
914 2419 1080 2472 peccata
1106 2415 1364 2458 credentium
1387 2421 1565 2472 possent,
1585 2418 1660 2459 nisi
1685 2420 1794 2459 tactu

170 2484 366 2527 dominici
400 2488 585 2540 corporis
618 2487 900 2530 sanctificatae
934 2487 1103 2530 fuissent
1130 2519 1167 2539 „.
1202 2485 1251 2528 Et
1274 2486 1464 2529 similiter
1488 2489 1574 2542 ipse
1598 2486 1798 2530 Dominus

170 2557 378 2611 accipiens
411 2568 558 2611 panem
595 2555 828 2610 benedixit,
863 2557 1053 2600 similiter
1085 2561 1222 2600 autem
1257 2561 1297 2599 et
1329 2556 1517 2610 calicem,
1542 2562 1584 2600 ut
1622 2557 1797 2601 habetur

173 2624 361 2681 (MATTH.,
397 2624 525 2668 XXVl
560 2631 598 2669 et
632 2625 775 2682 LucAn,
811 2626 952 2682 xxti).
989 2627 1035 2670 Et
1070 2631 1237 2683 propter
1272 2627 1348 2670 hoc
1384 2641 1462 2670 uon
1496 2633 1557 2671 est
1580 2628 1629 2671 de
1654 2641 1793 2671 neces-

169 2697 287 2738 sitate
321 2695 467 2738 horum
501 2701 855 2739 sacramentorum
890 2697 998 2754 quod
1036 2699 1206 2739 materia
1243 2700 1356 2753 prius
1391 2697 1674 2753 benedicatur,
1698 2701 1794 2756 quia

169 2766 319 2808 suflicit
354 2764 585 2809 benedictio
618 2766 781 2810 Christi.
816 2767 855 2810 Si
890 2780 968 2824 qua
1008 2780 1106 2809 vero
1133 2766 1364 2810 benedictio
1388 2768 1649 2823 adhibeatur,
1677 2770 1796 2824 perti-

289 2871 298 2891 ¹
328 2869 462 2914 Suppl.
493 2882 528 2915 q.
557 2871 717 2912 LXXII,
747 2876 820 2905 art.
852 2874 907 2915 11,
940 2872 987 2906 ad
1016 2874 1076 2906 1¹1¹.
1106 2892 1150 2896 —
1176 2872 1189 2893 '2
1216 2872 1272 2906 De
1300 2872 1406 2917 Syn„
1435 2873 1502 2907 lib.
1532 2873 1619 2914 VH,
1648 2884 1730 2917 cap.
1757 2873 1792 2907 7.

171 2936 211 2940 —
239 2918 252 2938 ³
278 2916 396 2951 Insbr.
436 2917 544 2961 prius
578 2918 645 2951 cit.
676 2937 719 2942 ——
744 2919 757 2939 4
786 2918 877 2963 Cap.
908 2919 1142 2964 Numquam,
1172 2919 1264 2953 dist.
1294 2920 1347 2954 41.
1377 2921 1434 2954 De
1461 2931 1610 2954 consec.
