1971 3261
187 120 257 155 608
596 121 679 155 [ΑΒ.
708 120 780 154 III.
808 140 821 146 —
847 121 957 155 PARS
982 121 1012 155 Ι.
1039 140 1052 147 -
1079 121 1136 156 De
1160 122 1426 157 Sacramentis
1493 122 1587 158 Can.
1615 123 1820 159 1085-1086

192 240 253 284 vel
288 240 517 296 simplicem
552 243 859 283 caeremoniam
894 241 1077 295 civilem,
1111 244 1193 285 imo
1230 255 1328 286 vero
1362 242 1573 286 fictionem
1612 246 1821 287 matrimo-

187 313 258 365 nii,
281 311 350 353 sed
377 311 613 353 necessario
646 324 716 354 seu
751 324 917 368 semper
949 326 1032 355 non
1055 311 1267 364 excludi&
1300 315 1410 370 quia,
1445 316 1639 370 quamvis
1674 327 1817 357 verum

186 384 235 425 sit
262 384 467 424 neminem
497 395 613 437 posse
648 384 686 424 in
713 395 797 425 rem
824 385 1058 426 consentire
1081 395 1204 440 quam
1231 388 1347 440 putat
1381 383 1695 440 impossibilem,
1718 384 1817 427 dum

187 454 245 496 sic
278 465 367 495 eam
403 457 494 495 actu
530 454 703 509 percipit
727 466 800 496 seu
824 455 992 509 cogitat,
1028 458 1158 509 potest
1190 458 1328 498 tamen
1364 453 1597 498 voluntarie
1630 454 1821 498 dubitare

191 522 253 565 vel
287 535 308 565 a
344 522 411 565 tali
448 524 698 565 matrimonii
749 523 936 566 nullitate
978 526 1273 580 cogitationem
1321 529 1526 575 avertere,
1560 530 1600 568 et
1629 527 1690 568 sic
1721 525 1821 568 dare

188 593 322 636 locum
359 595 396 635 in
431 595 585 648 animo,
621 598 661 636 ut
696 599 898 651 quantum
934 596 972 636 in
1006 607 1049 637 se
1083 599 1157 649 est,
1195 608 1340 638 verum
1386 595 1572 638 intendat
1605 597 1818 638 matrimo-

188 666 315 708 nium.
343 664 434 706 Post
458 665 610 707 factum
637 667 917 721 praesumitur
949 665 1174 708 intendisse
1197 665 1275 709 hoc
1300 666 1514 722 perficere,
1538 670 1624 709 tum
1651 670 1821 722 propter

185 734 240 793 ξω
277 735 327 777 1¹²²
360 737 572 792 sequentis
605 738 788 789 canonis,
819 740 903 778 tum
930 738 1025 793 quia
1051 740 1094 779 ut
1117 736 1239 779 docet
1271 748 1361 793 cap.
1388 736 1426 779 ἱ).
1462 735 1518 779 De
1542 736 1697 793 regulis
1720 739 1820 780 iuris

187 804 253 863 (V,
288 806 389 862 tn:
430 806 611 849 «Estote
646 807 961 862 misericordes3
1005 811 1083 852 etc.
1118 806 1206 850 Hoc
1255 806 1344 851 loco
1394 806 1493 850 nihil
1542 807 1652 851 aliud
1702 807 1820 852 nobis

187 879 368 934 praecipi
403 879 613 931 existimo,
649 880 724 920 nisi
772 882 813 921 ut
852 891 898 921 ea
945 878 1064 932 tacta,
1098 890 1205 936 quae
1238 877 1413 922 dubium
1448 883 1521 933 est,
1556 891 1637 936 quo
1679 881 1818 922 animo

188 948 299 1003 liant,
333 950 372 991 in
408 948 621 991 meliorem
658 953 815 1005 partem
853 951 1238 1005 interpretemur».

305 1020 402 1063 485.
429 1022 712 1067 Consensus
735 1022 1114 1067 matrimonialis
1138 1023 1307 1067 vitium
1332 1023 1380 1066 in
1403 1022 1659 1067 voluntate
1689 1025 1819 1078 potest

186 1103 275 1133 esse
308 1090 477 1146 duplex,
524 1091 585 1134 vel
639 1096 806 1147 propter
853 1091 962 1134 illius
1009 1091 1239 1135 absentiam
1274 1091 1338 1134 vel
1391 1096 1559 1148 propter
1594 1094 1817 1148 positivum

191 1161 412 1205 voluntatis
445 1167 598 1215 actum,
632 1161 727 1205 hinc
759 1162 821 1220 ξος
844 1162 948 1205 duos
990 1161 1113 1206 habet
1147 1176 1237 1205 can.
1279 1164 1412 1205 1086.
1453 1165 1478 1216 g
1510 1165 1543 1205 1.
1578 1163 1819 1206 Secundum

187 1238 300 1289 regm.
338 1234 437 1275 iuris
472 1232 617 1275 ultimo
653 1235 690 1276 in
715 1246 874 1276 canone
908 1232 1161 1277 exhibitam:
1195 1232 1394 1277 Intermcs
1428 1232 1562 1276 animi
1595 1247 1821 1277 consensus

145 1344 149 1345 γ
190 1318 213 1343 (ι
237 1303 551 1347 matrimonialis
576 1320 594 1343 »
634 1303 742 1361 (can.
771 1304 897 1357 1081,
930 1303 958 1362 ἓ
982 1303 1040 1361 ⁶2),
1075 1307 1171 1361 quia
1211 1320 1229 1345 c(
1253 1303 1442 1347 homines
1477 1304 1620 1347 vident
1643 1317 1691 1347 ea
1714 1317 1821 1361 quae

188 1379 345 1430 parent,
383 1374 490 1417 Deus
537 1379 675 1417 autem
717 1377 900 1418 intuetur
931 1388 1003 1418 cor
1025 1390 1066 1429 ›>,
1101 1388 1264 1432 semper
1308 1374 1617 1432 praesumitur,
1649 1377 1688 1418 in
1733 1376 1821 1418 foro

185 1449 324 1488 autem
367 1450 539 1488 externo
582 1449 670 1489 tum
715 1445 912 1501 iudiciali,
949 1450 1036 1489 tum
1076 1445 1396 1501 extraiudiciali‚
1437 1448 1821 1502 «praesumptione

187 1517 286 1558 iuris
317 1515 606 1572 simpliciter»
647 1515 755 1572 (can.
796 1515 926 1573 1825)
959 1521 1102 1560 contra
1142 1529 1266 1574 quam
1306 1516 1585 1559 «admittitur
1634 1516 1821 1573 probatio

188 1590 274 1628 tum
322 1587 494 1641 directa,
545 1591 629 1630 tum
682 1587 928 1631 indirecta»
968 1588 1076 1645 (can.
1115 1587 1262 1643 1826),
1297 1592 1336 1630 et
1385 1586 1487 1630 haec
1538 1589 1821 1644 praesumptio

186 1663 246 1701 est
283 1657 391 1714 quod
428 1658 495 1701 ille
532 1660 806 1701 «internus»
863 1658 1088 1701 voluntatis
1137 1664 1253 1702 actus
1301 1658 1357 1701 sit
1406 1657 1638 1717 conformis
1684 1659 1819 1715 quoad

186 1730 448 1772 existentiam
502 1733 540 1772 et
583 1728 793 1772 obiectum
838 1731 967 1785 ipsius
1014 1728 1054 1786 a)
1092 1728 1240 1782 verbis,
1292 1741 1398 1786 quae
1432 1728 1549 1771 illum
1603 1729 1822 1785 designant

187 1800 334 1842 melius
374 1799 434 1842 vet
465 1799 600 1855 siquis
635 1801 918 1855 imperfectius
969 1799 1079 1843 idem
1114 1799 1447 1856 exprimentibus
1486 1799 1533 1842 in
1576 1798 1821 1842 celebrando

186 1869 471 1926 matrimonio,
505 1869 716 1913 alterutris
750 1872 985 1913 necessario
1021 1869 1244 1922 adhibitis,
1279 1874 1322 1913 ut
1354 1872 1405 1913 sit
1452 1886 1473 1911 <‹
1497 1883 1723 1913 consensus
1771 1869 1823 1912 le·

188 1943 330 1997 gitime
367 1941 697 1984 manifestatus»
737 1941 848 1998 (can.
876 1941 1001 1996 1081,
1026 1943 1054 1998 ξ
1082 1943 1135 1998 l).

306 2011 375 2054 llla
414 2025 510 2055 vero
556 2015 894 2069 praesumptione
939 2025 1018 2055 non
1062 2012 1264 2067 obstante,
1309 2012 1539 2056 secundum
1587 2014 1820 2066 veritatem,

188 2095 311 2140 quam
338 2085 375 2125 in
403 2083 490 2126 t‘oro
515 2085 677 2126 interno
699 2085 817 2141 sequi
842 2087 1005 2140 oportet
1027 2088 1165 2140 atque,
1184 2086 1216 2127 si
1241 2088 1451 2140 appareat,
1473 2086 1511 2126 in
1537 2084 1623 2127 toro
1647 2088 1821 2127 externo

188 2167 354 2211 quoque
388 2158 447 2197 est
481 2154 752 2208 admittenda,
790 2154 907 2197 nobis
940 2154 1066 2198 edicit
1099 2156 1124 2208 ἓ
1155 2156 1200 2199 2.
1233 2154 1286 2197 Αἰ
1319 2154 1356 2197 si
1389 2153 1618 2207 alterutra,
1655 2156 1720 2197 vir
1752 2158 1822 2197 aut

190 2224 352 2278 mulier,
386 2225 494 2282 quod
529 2225 694 2277 sufficit,
728 2224 791 2267 ret
815 2231 995 2283 utraque
1015 2238 1119 2282 pars
1154 2227 1418 2268 matrimonio
1453 2225 1675 2281 iungenda,
1706 2224 1819 2282 posi-

188 2294 269 2338 tivo
304 2294 531 2337 voluntatis
565 2301 675 2344 actu,
709 2298 816 2339 sicut
849 2301 992 2339 contra
1034 2295 1265 2352 simplicem
1286 2309 1471 2339 errorem
1507 2298 1545 2338 in
1581 2308 1671 2340 can.
1708 2295 1819 2338 1084

188 2368 267 2408 iam
302 2365 369 2409 ille
392 2371 508 2409 actus
531 2367 606 2409 fuit
638 2366 887 2417 declaratus,
912 2372 951 2410 et
973 2367 1168 2410 addimus
1199 2369 1290 2410 sive
1314 2369 1352 2410 in
1378 2369 1632 2410 matrimonii
1666 2365 1820 2410 actuali

187 2435 481 2490 celebratione,
503 2439 593 2479 sive
616 2441 710 2480 ante
744 2439 874 2493 ipsam
909 2437 1047 2481 elicito
1072 2451 1147 2481 nec
1171 2442 1408 2491 retractato,
1432 2436 1631 2480 eoeclzcdat
1665 2437 1706 2494 a)
1733 2450 1818 2479 ma-

190 2506 432 2549 trimonium
466 2507 617 2564 ipsam,
652 2512 693 2550 ut
728 2507 827 2550 nolit
866 2510 1151 2551 «societatem
1175 2512 1489 2564 permanentem
1511 2523 1530 2548 J)
1568 2507 1819 2563 explicatam

189 2579 227 2620 in
261 2589 350 2620 can.
391 2577 514 2632 1082,
547 2577 574 2635 ἓ
614 2582 646 2632 l,
683 2577 724 2634 b)
759 2583 833 2620 aut
866 2591 985 2621 omne
1018 2578 1084 2621 ius
1117 2577 1173 2621 ad
1205 2577 1468 2635 eom'uyalem
1516 2583 1666 2626 actum,
1706 2577 1815 2634 quod

188 2650 422 2704 expositum
449 2647 692 2705 reliquimus
717 2651 754 2691 in
775 2661 866 2692 can.
891 2649 1019 2703 1081,
1043 2651 1067 2702 g
1092 2649 1130 2703 2,
1164 2648 1204 2705 c)
1229 2648 1291 2691 vel
1323 2647 1590 2691 essentialem
1623 2647 1815 2706 aliquam

191 2731 226 2761 v.
252 2732 313 2774 gr.
339 2721 551 2773 unitatem,
577 2719 981 2763 indissolubilitatem
1015 2719 1281 2763 matrimonii
1299 2718 1620 2777 proprietatem,
1644 2720 1719 2761 etsi
1753 2731 1816 2761 so-

189 2788 268 2831 lam
292 2791 541 2832 sacramenti
561 2789 805 2845 dignitatem
832 2792 937 2833 inter
960 2789 1200 2847 baptizatos,
1224 2789 1411 2832 invalide
1429 2787 1668 2833 contrahit:
1690 2788 1817 2832 idest:

1903 2773 1906 2775 Α
1936 2754 1952 2772 G

1939 2740 1955 2810 a}

1936 2783 1942 2790 2

1945 2930 1968 3261 Ι
