1971 3261
135 119 205 152 ‘210
529 120 615 154 Lm.
643 121 715 154 III.
745 141 757 146 -
790 121 901 156 PARS
925 122 956 155 I.
986 143 998 148 -
1024 122 1081 158 De
1105 123 1371 161 Sacramentis
1571 127 1664 164 Gan.
1691 129 1765 164 870

129 243 305 296 peccata
337 237 518 293 remitto,
553 240 647 295 quia
674 238 751 282 hoc
776 242 908 296 magis
930 244 1121 297 congruit
1147 241 1286 286 verbis
1308 256 1414 300 quae
1432 243 1633 289 Dominus
1656 246 1764 290 dixit.

139 311 331 352 virtutem
364 308 544 352 clavium
580 309 813 364 ostendens,
849 323 921 366 per
953 323 1056 368 quas
1087 313 1326 357 sacerdotes
1358 313 1594 365 absolvunt,
1632 321 1673 360 et
1706 320 1761 360 in—

135 393 259 435 super
293 384 459 435 peccata
492 384 586 422 sunt
637 380 842 436 quaedam
881 382 1057 435 vincula,
1091 384 1320 428 secundum
1364 384 1462 429 illud
1490 388 1523 428 1:
1569 387 1765 446 «lniqui·

136 455 237 494 tates
269 462 367 493 suae
399 452 567 506 capiunt
587 452 773 507 impium,
807 455 847 494 et
879 452 1047 496 funibus
1082 459 1345 510 peccatorum
1379 470 1547 500 suorum
1583 460 1762 516 quisque

135 522 430 576 constringitur
452 536 491 565 ›>.
515 546 572 552 —
597 521 768 566 Peccata
805 521 986 581 denique
1010 525 1257 569 remittenda
1291 528 1350 570 sic
1374 530 1570 584 exprimit
1603 541 1761 574 canon:

131 597 224 648 post
257 591 507 648 baptismum
539 593 775 647 commissa,
800 596 907 637 sicut
931 594 1083 638 dicitur
1107 598 1145 638 in
1169 608 1260 639 can.
1287 597 1303 639 1
1334 595 1456 641 Conc.
1492 598 1601 642 Trid.
1635 612 1758 656 supra

133 665 256 706 citato
289 667 327 705 et
360 675 381 705 a
418 662 462 707 D.
511 662 666 707 Thoma
701 667 922 721 exponitur
955 666 1090 722 quoad
1131 667 1352 711 verborum
1390 672 1681 726 proprietatem
1720 673 1760 714 in

133 739 244 777 textu
279 733 408 777 relato
441 734 489 777 ad
525 733 646 778 Tituli
683 737 1012 792 inscriptionem.

249 828 296 865 De
321 828 485 864 omnibus
512 829 697 875 praedictis
724 830 916 865 summarie
941 841 961 865 a
988 830 1054 866 Rit.
1086 830 1183 866 Rom.
1213 832 1428 868 edocemur²
1454 833 1512 869 ubi
1540 835 1681 880 exponit
1700 835 1761 871 do-

129 889 279 924 ctrinam
306 889 512 924 catholicam
550 888 593 924 de
619 889 681 923 hoc
710 894 930 924 sacramento
957 889 993 923 in
1021 889 1116 925 hunc
1143 891 1306 925 modum:
1337 890 1408 927 «S.
1444 891 1683 929 Poenitentiae
1709 905 1759 929 sa-
1818 933 1821 936 .

129 953 362 990 cramentum,
382 948 425 983 ad
452 959 509 984 eos
535 948 592 994 qui
615 953 688 994 post
716 948 929 994 baptismum
959 948 1044 994 lapsi
1073 954 1155 984 sunt
1183 949 1217 984 in
1244 950 1393 995 gratiam
1415 949 1471 986 Dei
1491 952 1759 988 restituendosa

131 1007 268 1043 Christo
295 1007 441 1043 Domino
467 1007 666 1042 institutum
687 1020 719 1042 ›>.
764 1007 802 1042 Et
828 1007 968 1053 quidem
1009 1008 1086 1043 sine
1113 1019 1340 1054 personarum
1379 1009 1590 1046 exclusione.
1627 1025 1644 1044 «
1671 1010 1759 1047 Cum

128 1071 244 1102 autem
270 1067 313 1101 ad
340 1066 427 1101 illud
452 1066 736 1101 constituendum
758 1066 824 1101 tria
841 1071 1069 1108 concurrant,
1092 1068 1250 1109 materia,
1270 1068 1382 1103 forma
1404 1074 1435 1104 et
1456 1069 1637 1105 minister:
1667 1070 1761 1106 illius

128 1126 269 1172 quidem
295 1130 428 1160 remota
455 1125 599 1160 materia
625 1130 708 1159 sunt
750 1130 888 1171 peccata
915 1138 947 1166 »‚
989 1126 1081 1171 quod
1107 1131 1160 1161 est
1197 1126 1464 1172 intelligendum
1492 1139 1563 1163 non
1589 1140 1629 1164 eo
1655 1140 1759 1164 sensu

129 1185 220 1231 quod
246 1185 335 1220 sicut
363 1184 508 1220 materia
533 1184 569 1218 in
597 1184 700 1219 rebus
727 1184 967 1230 corporalibus
995 1185 1101 1229 (unde
1129 1190 1320 1221 sumuntur
1345 1187 1579 1233 metaphorice
1604 1188 1689 1223 haec
1707 1199 1761 1223 vo-

128 1244 267 1289 cabula)
293 1244 480 1280 essentiam
508 1255 627 1279 earum
654 1243 839 1278 constituit
866 1243 1058 1290 partialiter
1084 1255 1164 1279 cum
1194 1245 1315 1286 forma,
1345 1246 1392 1280 ita
1419 1251 1558 1292 peccata
1583 1248 1655 1281 sint
1681 1257 1763 1293 pars

129 1304 232 1340 huius
257 1303 488 1344 sacramenm
514 1303 572 1338 sed
599 1302 667 1338 alio
695 1302 808 1346 modo,
837 1302 988 1338 scilicet:
1016 1303 1105 1349 quod
1143 1304 1232 1339 sicut
1270 1316 1370 1350 aqua,
1398 1305 1550 1340 chrisma
1576 1305 1613 1340 in
1651 1316 1761 1341 sacra-

129 1363 256 1398 mentis
281 1361 445 1408 baptismi
473 1367 506 1397 et
531 1361 810 1396 confirmationis
843 1361 988 1396 materia
1013 1373 1131 1397 eorum
1159 1367 1292 1398 remota
1317 1363 1495 1402 dicuntur.
1528 1365 1627 1399 cuius
1652 1364 1764 1410 appli-

128 1424 216 1459 catio
242 1423 278 1458 in
307 1422 376 1456 illis
413 1421 643 1456 sacramentis
676 1425 817 1456 voc-atur
843 1421 990 1456 materia
1021 1422 1190 1467 proxima,
1220 1422 1267 1456 ita
1301 1423 1488 1458 commissa
1515 1427 1652 1469 peccata
1677 1428 1759 1458 sunt

127 1482 300 1518 obiectum
327 1486 468 1517 actuum
498 1481 723 1527 poenitentis,
752 1480 811 1526 qui
838 1480 937 1526 quasi
966 1481 1111 1516 materia
1141 1481 1297 1526 proxima
1323 1482 1542 1517 constituunt
1570 1482 1763 1528 partialiter

127 1542 217 1577 istud
244 1545 516 1576 sacramentum.
547 1539 772 1586 Prosequitur
797 1540 976 1575 enimvero
1005 1539 1071 1575 Rit.
1102 1539 1223 1575 Rom:
1267 1554 1284 1573 «
1313 1541 1468 1586 proxima
1509 1552 1588 1577 vero
1615 1541 1759 1577 materia

127 1605 209 1636 sunt
225 1604 324 1636 actus
351 1599 572 1646 poenitentis
601 1609 727 1644 nempe
745 1610 753 1636 z
780 1598 942 1634 contritio
961 1612 994 1639 >›‚
1012 1610 1114 1645 quae,
1141 1604 1176 1634 ut
1196 1599 1310 1641 innui,
1329 1604 1380 1635 est
1397 1600 1440 1635 de
1468 1600 1629 1646 peccatis,
1649 1615 1667 1633 ‹<
1681 1611 1745 1635 con

129 1660 277 1702 fessio»,
307 1659 484 1694 videlicet:
516 1662 749 1704 peccatorum,
773 1670 792 1692 «
810 1662 843 1693 et
861 1657 1052 1693 satisfactio
1070 1670 1089 1691 >>
1110 1659 1231 1704 utique
1250 1670 1310 1704 pro
1338 1659 1497 1704 pec-catis,
1528 1659 1756 1694 Animadver-

126 1719 270 1755 tendum
297 1723 431 1759 antem,
458 1717 736 1753 satisfactionem
765 1717 800 1751 in
828 1717 1017 1752 voluntatis
1035 1717 1272 1763 acceptatione
1291 1718 1339 1752 uti
1361 1718 1543 1753 materiam
1565 1719 1757 1764 proximam

126 1778 332 1824 computari,
362 1789 445 1813 nam
471 1776 722 1812 satisfactionis
750 1787 809 1811 seu
838 1776 1017 1812 iniunctae
1044 1777 1279 1822 poenitentiae
1296 1776 1513 1823 adimpletio,
1543 1782 1660 1823 utpote
1677 1789 1753 1822 sup-

128 1849 260 1884 ponens
285 1841 544 1872 sacramentum
573 1836 642 1870 iam
670 1840 846 1881 receptum
887 1846 965 1870 cum
992 1835 1130 1876 effectu,
1156 1835 1331 1880 integrare
1356 1835 1471 1881 ipsum
1498 1835 1638 1877 dicitur,
1667 1836 1759 1871 sicut.

127 1909 264 1937 manus,
296 1907 364 1942 pes,
391 1896 568 1940 integrant
592 1905 734 1940 corpus,
765 1894 855 1940 quod
881 1894 1027 1929 existere
1056 1899 1168 1940 posset
1186 1895 1261 1929 sine
1289 1894 1385 1940 ipsis.
1414 1893 1559 1930 Constat
1577 1906 1617 1930 ex
1637 1903 1751 1942 propss.

128 1955 214 1991 Petri
242 1955 284 1990 de
310 1953 419 1990 Osma
444 1953 671 1989 damnatione
696 1964 717 1988 a
738 1952 833 1989 Sixto
863 1952 888 1987 V
916 1953 950 1987 in
978 1952 1077 1988 Bulla
1101 1966 1119 1986 ‹
1141 1953 1231 1988 Licet
1256 1964 1296 1988 ea
1322 1966 1340 1985 »
1381 1964 1476 1988 anno
1506 1951 1614 1988 1579:
1645 1966 1662 1987 ‹
1678 1953 1751 1990 Non

125 2019 207 2050 sunt
232 2013 433 2049 absolvendi
462 2012 679 2059 poenitentes
697 2012 765 2046 nisi
788 2016 924 2058 peracta
945 2011 1040 2057 prius
1070 2011 1281 2058 poenitentia
1300 2012 1350 2048 eis
1368 2012 1527 2047 iniuncta
1545 2025 1579 2046 ›>.
1600 2011 1646 2047 Ex
1668 2012 1755 2048 nit„-

127 2086 146 2107 «
174 2073 294 2108 Forma
319 2077 434 2108 autem
464 2072 521 2107 illa
545 2071 776 2106 absolutionis
803 2070 908 2106 verba
933 2072 1055 2115 (sunt):
1084 2068 1154 2117 Eyo
1181 2077 1210 2105 te
1235 2070 1379 2112 absolvo,
1409 2076 1474 2106 etc.
1512 2070 1671 2106 Minister
1696 2070 1756 2106 de-

126 2132 232 2178 nique
256 2137 307 2168 est
332 2132 492 2167 sacerdos
518 2131 651 2166 babens
679 2134 882 2176 potestatem
911 2129 1113 2165 absolvendi
1135 2130 1184 2165 vel
1203 2130 1417 2165 ordinariam
1437 2130 1489 2165 vel
1506 2130 1699 2175 delegatam
1716 2142 1751 2164 ›>.

124 2191 208 2227 Heic
233 2191 477 2237 exprimuntur
494 2191 590 2226 dotes
609 2191 644 2225 in
665 2189 826 2225 ministro
846 2188 1060 2224 necessariae
1081 2200 1140 2234 pro
1159 2189 1335 2224 validitate
1353 2190 1577 2228 sacramenti,
1597 2200 1726 2235 nempe
1743 2201 1751 2223 ε

126 2255 275 2298 potestas
300 2251 434 2286 ordinis
459 2249 705 2291 determinata,
734 2248 816 2294 quia
845 2262 863 2281 «
881 2248 1091 2289 sacerdos»,
1122 2253 1155 2283 et
1179 2262 1196 2281 «
1218 2253 1366 2294 potestas
1392 2248 1594 2283 absolvendi
1617 2261 1651 2289 »,
1680 2258 1750 2283 non

124 2311 266 2358 quidem
291 2321 331 2346 ea
356 2321 444 2356 quae
472 2320 530 2356 per
555 2319 690 2344 sacram
717 2307 973 2343 ordinationem
999 2308 1187 2346 confertur,
1214 2312 1332 2353 utpote
1358 2318 1447 2353 quae
1472 2307 1509 2342 in
1535 2307 1750 2342 ordinariam

123 2375 156 2406 et
181 2370 374 2415 delegatam
402 2380 472 2404 non
498 2367 718 2414 dispescitur,
745 2367 833 2402 sicut
860 2366 916 2401 hic
940 2366 1213 2408 determinatur3
1232 2366 1291 2401 sed
1321 2370 1471 2412 potestas
1499 2365 1750 2401 iurisdictionis

122 2440 212 2475 quae
237 2429 333 2464 illam
359 2428 566 2463 divisionem
593 2426 726 2473 recipit.
770 2425 888 2461 Postea
913 2425 1151 2460 enunciantur
1188 2425 1277 2460 aliae
1308 2424 1458 2459 ministri
1501 2424 1687 2470 qualitates
1714 2429 1751 2459 ut

122 2488 215 2524 licite
243 2492 381 2534 peragat
407 2487 470 2521 boc
495 2489 778 2521 sacramentum:
821 2498 839 2518 «
867 2484 904 2519 ln
929 2484 1004 2519 eius
1043 2484 1204 2519 ministro
1230 2483 1423 2529 requiritur
1462 2483 1567 2519 etiam
1594 2482 1747 2524 bonitas,

122 2547 269 2583 scientia
293 2551 398 2592 atque
426 2545 620 2591 prudentia,
638 2555 716 2579 cum
738 2543 852 2588 sigillo
870 2547 1019 2578 secretae
1045 2543 1275 2577 confessionis
1294 2542 1358 2577 sub
1377 2546 1496 2577 exacto
1516 2546 1752 2588 perpetuoque

123 2606 259 2642 silentio
276 2618 310 2640 ».
332 2604 371 2640 Et
398 2605 460 2640 hoc
486 2604 663 2645 ultimum,
690 2603 822 2638 scilicet
847 2601 1001 2648 sigillum
1029 2601 1291 2648 sacramentale,
1319 2605 1370 2636 est
1405 2611 1475 2636 una
1501 2612 1541 2636 ex
1569 2599 1750 2645 obligatio-

126 2665 229 2700 nibus
254 2665 352 2710 queis
378 2664 505 2708 ligatur
544 2662 705 2697 minister
730 2662 773 2697 ob
801 2660 1035 2707 poenitentiae
1060 2660 1419 2695 administrationem.
1457 2658 1555 2695 Sicut
1580 2659 1753 2695 restitutio

125 2725 159 2759 in
189 2723 247 2760 Dei
274 2723 422 2768 gratiam
448 2726 550 2768 atque
576 2720 737 2756 remissio
766 2730 895 2766 poenae
921 2723 1005 2755 sunt
1033 2718 1207 2765 praecipui
1234 2718 1443 2754 sacramenti
1475 2718 1580 2753 huius
1609 2718 1752 2753 effectus

123 2784 161 2819 in
188 2783 344 2819 subiecto
372 2786 505 2829 praeter
529 2781 627 2816 alios.

241 2880 252 2901 1
279 2878 393 2912 Prov.
420 2877 465 2919 V,
493 2878 552 2911 22.
583 2898 624 2901 —
650 2877 664 2899 ²
690 2877 767 2912 Tit.
801 2876 870 2918 III,
897 2887 978 2920 cap.
1007 2880 1036 2915 1,
1058 2886 1097 2910 n.
1126 2877 1157 2908 1.
