1971 3261
625 162 711 196 TlT.
742 163 807 197 IV.
831 184 839 187 -
861 164 917 198 De
944 165 1188 199 I'oenitentia
1204 213 1213 217 q
1653 167 1722 201 323

84 292 248 318 concessa
292 281 500 326 intelligitur
539 286 576 315 ut
610 281 636 315 si
676 282 754 326 quis
790 292 865 316 eam

86 329 212 365 lucrari
241 340 311 364 non
341 328 460 374 possit,
480 338 556 363 eam
588 332 705 363 tamen
740 329 865 374 partia-

86 377 162 412 liter
202 376 353 412 lucretur
392 387 452 421 pro
494 375 864 420 dispositione-quam

86 423 201 459 habet.

133 470 217 506 CAN.
248 467 327 505 9⁹27.
358 490 373 494 —
405 468 474 504 Nisi
495 469 589 504 aliud
617 479 656 504 ex
675 469 866 504 concessio-

86 518 140 552 nis
179 521 297 553 tenore
335 521 515 562 appareat,
548 516 786 561 indulgentias
823 516 867 551 ab

87 565 252 610 Episcopo
278 574 458 599 concessas
478 563 603 598 lucrari
626 568 768 609 possunt
793 568 865 598 tum

84 612 213 647 subditi
229 616 323 646 extra
339 611 565 654 territorium,
583 615 656 646 tum
678 611 863 656 peregrini,

86 659 159 704 vagi
189 669 379 704 omnesque
397 658 546 704 exempti
569 658 602 692 in
623 657 795 693 territorio
810 659 866 693 de-

82 712 213 752 gentes.

132 752 213 789 Cn.
235 750 315 787 928.
337 772 358 779 -·
377 756 397 795 ξ
420 753 448 786 1.
468 752 691 797 Indulgentia
711 753 867 798 plenaria

85 801 150 835 nisi
177 800 272 836 aliud
299 810 457 845 expresse
483 804 623 835 cautum
652 800 708 837 sit.
733 800 865 845 acquiri

86 852 195 895 potest
220 848 325 883 semel
354 851 490 882 tantum
523 847 557 881 in
586 847 654 887 die,
683 847 745 882 etsi
775 847 864 882 idem

83 907 170 942 opus
199 895 449 940 praescriptum
479 893 607 940 pluries
635 899 794 940 ponatur.

132 941 202 985 ἐπὶ.
242 941 400 977 Partialis
428 941 660 986 indulgentia,
690 941 757 976 nisi
785 953 865 977 con—

43 1002 46 1004 ·
86 989 230 1025 trarium
261 999 419 1035 expresse
455 993 602 1027 notetur,
634 989 773 1035 saepius
809 1000 867 1035 per

83 1037 188 1077 diem,
214 1037 333 1072 eodem
361 1047 462 1082 opere
488 1036 646 1082 repetito.
677 1041 785 1082 potest
817 1037 865 1071 lu-

82 1083 221 1120 crifieri.
813 1112 816 1115 Α

131 1130 214 1167 CAN.
243 1130 322 1165 929.
354 1151 371 1156 -
402 1130 531 1166 Fideles
559 1130 739 1177 utriusque
766 1142 867 1166 sexus

83 1179 141 1225 qui
172 1178 392 1225 perfectionis
411 1178 525 1213 studio
553 1178 604 1213 vel
636 1178 867 1214 institutionis

84 1237 143 1261 seu
171 1225 387 1260 educationis
425 1231 485 1260 aut
522 1226 626 1261 etiam
655 1225 867 1261 valetudinis

84 1284 188 1309 causa
216 1273 250 1307 in
278 1272 438 1308 domibus
469 1273 613 1308 ecclesia
650 1273 699 1308 vel
729 1273 867 1319 publico

84 1321 210 1356 sacello
247 1320 458 1361 carentibus,
485 1320 526 1356 de
564 1331 736 1355 consensu
765 1320 866 1356 Ordi-

85 1367 264 1403 nariorum
287 1367 496 1406 constitutis,
519 1368 621 1403 vitam
642 1377 866 1403 communem

83 1419 204 1459 agunt,
224 1414 375 1460 itemque
404 1425 570 1460 personae
587 1426 710 1450 omnes
735 1415 777 1450 ad
799 1415 867 1450 illis

87 1462 359 1497 ministrandum
412 1462 539 1497 ibidem
599 1467 867 1504 commorantes,

84 1510 218 1556 quoties
243 1510 284 1545 ad
309 1510 494 1545 lucrandas
514 1509 751 1554 indulgentias
772 1521 866 1557 prae-

84 1557 256 1592 scribatur
275 1556 425 1592 visitatio
444 1557 592 1592 alieuius
610 1557 777 1593 ecelesiae
797 1568 864 1593 non

84 1604 350 1645 determinatae,
368 1604 419 1640 vel
438 1604 700 1640 indeterminati
719 1605 868 1640 alieuius

86 1651 213 1698 publici
229 1651 383 1692 oratorii,
407 1652 545 1687 visitare
560 1657 694 1697 queunt
709 1652 868 1698 propriae

83 1699 208 1740 domus
233 1699 398 1734 sacellum
428 1699 461 1733 in
491 1710 559 1745 quo
576 1699 778 1744 obligationi
806 1711 866 1735 au-

84 1746 200 1782 diendi
221 1745 364 1782 Sacrum
393 1747 467 1783 iure
484 1747 683 1782 satisfacere
707 1752 865 1793 possunt,

83 1793 274 1829 dummodo
315 1798 428 1829 cetera
471 1805 575 1841 opera
602 1793 762 1831 iniuncta
803 1795 868 1830 rite

86 1841 335 1887 praestiterint.

133 1888 219 1924 cm.
250 1887 330 1923 930.
363 1909 378 1913 -
409 1887 515 1924 Nemo
547 1889 788 1934 indulgentias
813 1900 868 1924 ac—

84 1936 228 1981 quirens
256 1940 365 1982 potest
389 1946 448 1971 eas
473 1936 552 1971 aliis
580 1937 614 1970 in
642 1937 712 1972 vita
740 1936 868 1982 degen-

85 1983 179 2018 tibus
217 1983 414 2029 applicare;
453 1983 641 2019 animabus
679 1988 795 2019 autem
831 1984 867 2018 in

85 2030 284 2076 purgatorio
309 2030 458 2066 detentis
485 2031 725 2076 indulgentiae
747 2042 869 2067 omnes

84 2089 101 2113 a
148 2077 302 2113 Romano
348 2077 520 2114 Pontefiee
562 2089 759 2123 concessae,
799 2079 866 2113 nisi

83 2124 178 2160 aliud
205 2129 351 2161 constet.
379 2125 607 2171 applicabiles
634 2130 728 2161 sunt.

132 2171 216 2208 CAN.
251 2171 332 2207 931.
363 2193 379 2198 —
420 2173 438 2219 ,ξ
470 2173 497 2207 1.
529 2173 579 2208 Ad
619 2173 793 2219 quaslibet
820 2173 868 2207 in-

85 2219 284 2265 dulgentias
334 2220 522 2255 lucrandas
567 2220 739 2256 confessio
783 2221 869 2256 forte

85 2267 250 2312 requisita
280 2267 395 2313 peragi
429 2272 539 2313 potest
577 2268 670 2303 intra
695 2273 770 2304 octo
795 2268 869 2303 dies

85 2315 143 2360 qui
184 2314 385 2350 immediate
424 2315 636 2361 praecedunt
680 2315 771 2351 diem
813 2315 866 2350 cui

85 2361 307 2406 indulgentia
335 2362 398 2396 fuit
423 2362 549 2403 affixa;
578 2363 782 2398 communio
807 2374 865 2398 au-

84 2413 154 2444 tem
180 2409 217 2443 in
239 2409 418 2455 pervigilio
434 2410 590 2445 eiusdem
611 2410 699 2452 diei;
723 2415 870 2456 utraque

85 2466 165 2492 vero
190 2455 295 2491 etiam
331 2456 424 2492 intra
462 2457 732 2503 subsequentem
760 2462 866 2493 totam

85 2508 254 2540 octavam,

133 2554 153 2593 ξ
178 2552 211 2584 2.
242 2550 374 2586 Pariter
398 2551 441 2587 ad
469 2551 657 2587 lucrandas
684 2551 868 2596 indulgen-

86 2597 151 2632 tias
177 2608 238 2644 pro
257 2598 323 2644 piis
341 2598 516 2634 exercitiis
542 2599 577 2634 in
599 2599 768 2643 triduum,
792 2599 871 2634 beb-

85 2645 270 2684 domadam
310 2649 386 2687 ete,
412 2645 526 2682 ductis
563 2657 758 2687 concessas,
788 2657 867 2681 con-

87 2692 190 2728 fessio
215 2697 248 2728 et
277 2693 480 2729 communio
514 2693 586 2729 fieri
626 2694 730 2730 etiam
760 2698 869 2740 potest

87 2739 180 2775 intra
205 2744 362 2775 octavam
385 2751 474 2786 quae
492 2740 694 2777 immediate
712 2741 869 2787 sequitur

85 2786 286 2822 exercitium
314 2787 502 2833 expletum.

135 2832 212 2876 §3
247 2833 498 2870 Christifideles
536 2835 594 2881 qui
634 2835 759 2876 solent,
800 2835 867 2869 nisi

88 2879 240 2926 legitime
288 2881 537 2928 impediantur,
575 2882 697 2918 saltem
739 2882 790 2917 bis
834 2882 867 2916 in

945 293 1063 317 mense
1105 284 1146 318 ad
1190 284 1422 328 poenitentiae
1463 291 1720 320 sacramentum

941 329 1114 369 accedere,
1145 335 1203 365 aut
1242 336 1398 366 sanctam
1439 332 1721 369 communionem

942 377 977 410 in
1006 381 1096 411 statu
1125 378 1253 421 gratiae
1285 383 1316 413 et
1355 390 1434 413 cum
1471 384 1563 414 recta
1598 380 1723 426 piaque

943 429 1057 457 mente
1098 425 1247 470 recipere
1282 426 1446 471 quotidie.
1474 427 1636 471 quamvis
1673 438 1723 462 se-

942 470 1006 505 mel
1043 476 1101 505 aut
1137 472 1259 506 iterum
1305 483 1363 518 per
1401 473 1652 508 hebdomadam
1680 474 1724 510 ali

944 518 1063 552 eadem
1100 518 1313 560 abstineant,
1343 525 1482 565 possunt
1523 532 1644 555 omnes
1672 522 1721 555 in-

941 564 1139 607 ‹lulgeutias
1163 567 1341 611 consequi,
1363 568 1465 602 etiam
1494 569 1569 602 sine
1595 569 1720 604 actuali

941 612 1158 646 confessione
1186 625 1273 658 quae
1300 615 1497 659 ceteroquin
1518 616 1559 649 ad
1588 626 1645 650 eas
1673 616 1721 651 lu-

940 659 1089 693 crandas
1129 671 1320 694 necessaria
1364 662 1455 698 toret.
1483 663 1634 707 exceptis
1671 663 1720 697 in—

940 706 1129 750 dulgentiis
1157 707 1226 741 sire
1257 708 1392 742 iuliilaei
1422 709 1587 744 ordinarii
1615 715 1645 743 ct
1665 721 1720 745 ex*

940 753 1161 787 traordinarii
1179 754 1249 789 sive
1275 755 1315 788 ad
1347 755 1455 790 instar
1483 756 1635 791 iubilaei.

988 800 1067 834 (lm.
1099 800 1177 834 932.
1211 823 1225 826 -
1260 802 1383 847 Opere.
1422 804 1473 837 cui
1518 806 1721 848 praestando

941 847 1019 892 quis
1047 847 1118 891 lege
1145 853 1202 882 aut
1244 855 1422 894 praecepto
1448 850 1632 895 obligatur,
1663 863 1720 885 ne-

941 894 1015 939 quit
1043 895 1456 939 indulgentialucrilicri.
1480 898 1542 931 nisi
1571 899 1602 932 in
1632 899 1721 933 eius-

939 942 1017 976 dem
1037 942 1258 977 concessione
1276 944 1369 978 aliud
1389 955 1546 989 expresse
1565 945 1720 980 dicatur:

940 989 997 1035 qui
1026 994 1142 1024 tamen
1174 995 1321 1035 praestat
1348 1002 1434 1036 opus
1455 992 1516 1025 sitii
1548 992 1580 1025 in
1610 1004 1723 1027 sacra-

941 1036 1127 1071 mentalem
1171 1037 1418 1082 poenitentiam
1462 1039 1656 1073 iniunctum
1691 1045 1721 1074 et

940 1083 1170 1128 indulgentiis
1199 1085 1281 1119 torte
1301 1085 1462 1122 ditatum.
1486 1091 1593 1131 potest
1619 1087 1721 1121 simul

939 1136 972 1166 et
998 1131 1229 1177 poenitentiae
1256 1132 1454 1167 satisfacere
1481 1138 1511 1168 et
1540 1132 1723 1179 indulgen-

941 1178 1007 1214 tias
1033 1178 1172 1213 lucrari.

989 1224 1073 1260 CAN.
1104 1224 1183 1262 933.
1213 1247 1228 1250 -
1261 1226 1323 1261 [ni
1363 1227 1545 1272 eidemque
1586 1228 1631 1263 rei
1673 1228 1722 1262 vel

941 1273 1014 1308 loco
1040 1273 1155 1319 plures
1173 1284 1211 1308 ex
1234 1274 1337 1308 variis
1359 1274 1468 1308 titulis
1493 1275 1629 1309 adnecti
1649 1286 1723 1320 pos-

941 1325 1024 1355 sunt
1050 1320 1315 1365 indulgentiae:
1345 1322 1402 1356 sed
1433 1333 1500 1355 uno
1535 1323 1724 1367 eodemque.

940 1379 1041 1414 opere
1067 1368 1120 1403 cui
1150 1380 1188 1402 ex
1218 1368 1321 1404 variis
1348 1368 1458 1403 titulis
1488 1369 1725 1413 indulgentiae

939 1415 1095 1450 adnexae
1120 1415 1203 1451 sint,
1234 1427 1303 1449 non
1344 1420 1487 1461 possunt
1529 1417 1644 1461 plures
1670 1428 1723 1452 ac-

941 1463 1030 1508 quiri
1056 1462 1308 1505 indulgentiae,
1324 1463 1390 1497 nisi
1411 1475 1497 1509 opus
1516 1464 1722 1509 requisitum

941 1510 986 1545 sit
1019 1511 1190 1545 confessio
1229 1511 1279 1546 vel
1319 1511 1533 1554 communio,
1562 1516 1621 1545 aut
1658 1512 1721 1546 nisi

941 1557 1035 1592 aliud
1067 1568 1226 1602 expresse
1253 1563 1391 1593 cautum
1423 1558 1537 1593 fuerit.

989 1604 1074 1640 CAN.
1113 1604 1193 1640 934.
1222 1626 1245 1631 -
1273 1609 1292 1647 ξ
1327 1606 1354 1640 1.
1385 1606 1418 1640 Si
1459 1605 1500 1641 ad
1540 1606 1724 1640 lucrandas

942 1652 1182 1697 indulgentias
1209 1654 1317 1688 oratio
1351 1653 1382 1687 in
1411 1663 1536 1697 genere
1562 1653 1603 1687 ad
1633 1664 1724 1688 men-

942 1705 1010 1735 tem
1056 1700 1191 1735 Summi
1234 1699 1412 1735 Pontificis
1457 1700 1723 1745 praescribatur,

943 1747 1106 1782 mentalis
1139 1753 1277 1783 tantum
1316 1748 1425 1783 oratio
1464 1758 1532 1782 non
1573 1747 1723 1782 sutlicit:

941 1794 1050 1830 oratio
1075 1800 1191 1831 autem
1221 1795 1350 1830 vocatis
1379 1796 1501 1841 poterit
1526 1794 1669 1829 arbitrio
1689 1795 1724 1828 ti-

941 1842 1071 1877 delium
1099 1843 1216 1888 deligi.
1239 1842 1306 1877 nisi
1329 1843 1514 1888 peculiaris
1540 1843 1656 1887 aliqua
1677 1854 1727 1875 as-

943 1889 1115 1934 signetur.

991 1941 1010 1979 ξ
1046 1937 1077 1971 2.
1109 1936 1143 1972 Si
1187 1937 1369 1983 peculiaris
1407 1937 1516 1972 oratio
1549 1936 1725 1981 assignata

944 1984 1060 2025 fuerit,
1080 1984 1320 2029 indulgentiae
1334 1985 1465 2029 acquiri
1489 1988 1633 2030 possunt
1647 1995 1727 2029 quo-

942 2042 1092 2077 cumque
1118 2031 1282 2067 idiomate
1300 2032 1408 2067 oratio
1435 2033 1609 2067 recitetur.
1630 2032 1726 2066 duni-

944 2079 1045 2114 modo
1071 2079 1112 2114 de
1140 2079 1304 2114 fidelitate
1332 2079 1499 2114 versionis
1525 2083 1659 2114 constet
1686 2090 1724 2113 ex

941 2126 1176 2162 declaratione
1202 2126 1253 2162 vel
1282 2125 1407 2161 Sacrae
1436 2125 1726 2161 poenitentiariao

944 2174 995 2209 vel
1023 2173 1128 2209 unius
1155 2185 1197 2209 ex
1229 2172 1429 2209 Ordinariis
1468 2174 1529 2209 loci
1570 2173 1627 2208 ubi
1658 2173 1727 2207 vul-

943 2221 1036 2266 garis
1062 2227 1113 2256 est
1142 2221 1263 2266 lingua
1292 2221 1326 2255 in
1355 2232 1460 2266 quam
1482 2221 1626 2256 vertitur
1651 2232 1722 2255 ora

943 2268 1009 2310 tio;
1048 2268 1106 2304 sed
1136 2268 1377 2313 indulgentiae
1417 2269 1555 2314 penitus
1590 2274 1723 2302 cessant

942 2315 986 2351 ob
1020 2316 1214 2361 quamlibet
1251 2316 1479 2352 additionem.
1508 2315 1725 2350 detractatio-

944 2374 1023 2399 nem
1052 2363 1103 2398 vel
1134 2363 1450 2409 interpolationem.

990 2411 1008 2455 ξ
1035 2409 1068 2445 3.
1099 2411 1150 2445 Ad
1187 2410 1487 2455 indulgentiarum
1526 2409 1724 2454 acquisitio-

945 2468 1023 2493 nem
1051 2457 1135 2492 satis
1161 2463 1212 2493 est
1246 2458 1438 2492 orationem
1477 2457 1622 2491 alternis
1647 2467 1725 2491 cum

943 2505 1035 2540 socio
1061 2505 1218 2547 recitare,
1239 2510 1298 2540 aut
1318 2510 1433 2540 mente
1451 2515 1527 2539 eam
1557 2504 1727 2549 prosequi,

942 2552 1025 2587 dum
1053 2552 1097 2587 ab
1123 2552 1193 2588 alio
1219 2552 1394 2587 recitatur.

991 2598 1074 2634 CAN.
1107 2598 1186 2634 935.
1219 2620 1236 2625 -
1267 2599 1326 2634 Pia
1351 2610 1450 2644 opera
1479 2599 1521 2634 ad
1543 2598 1727 2633 lucrandas

944 2646 1182 2691 indulgentias
1225 2647 1384 2681 iniuncta
1422 2645 1622 2682 confessarii
1654 2655 1726 2690 pos-

943 2699 1026 2729 sunt
1054 2694 1087 2728 in
1127 2694 1196 2729 alia
1234 2699 1449 2729 commutare
1489 2704 1548 2738 pro
1589 2692 1630 2726 iis
1656 2692 1727 2737 qui,

945 2741 1098 2785 legitimo
1135 2741 1264 2776 detenti
1306 2741 1569 2786 impedimento.
1606 2740 1725 2774 eadem

945 2793 1121 2834 praestare
1147 2793 1337 2833 nequeant.

992 2835 1075 2870 CAN.
1098 2833 1179 2869 936.
1204 2856 1220 2861 -
1242 2835 1326 2870 Muti
1357 2834 1480 2869 lucrari
1512 2838 1653 2879 possunt
1675 2833 1725 2866 in-

943 2882 1142 2926 dulgentias
1171 2882 1324 2918 adnexas
1365 2881 1512 2927 publicis
1553 2880 1723 2926 precibus,
