1971 3261
231 143 300 177 578
627 141 711 174 [ΛΒ.
740 140 813 174 ΠΙ.
843 160 855 165 -
882 140 991 175 PARS
1017 140 1047 174 Ι.
1077 160 1089 166 ·
1116 140 1174 175 De
1198 140 1463 176 &loramentis
1536 140 1629 176 Can.
1656 140 1858 176 1070-1071

232 266 329 304 tunc
363 259 657 315 intelligendus
690 263 750 302 est
782 261 841 310 {¹¹⁵
875 258 898 300 2
933 258 984 301 de
1021 263 1177 314 «parte
1197 274 1235 314 ³),
1269 271 1376 316 quae
1408 260 1615 302 contraxit
1637 272 1730 303 cum
1767 272 1858 316 per-

231 343 327 374 sona
362 334 475 373 certo
512 328 648 372 valide
685 327 988 384 «baptizata»,
1022 328 1266 385 nullamque
1301 331 1405 385 parit
1438 328 1723 372 difficultatem
1762 342 1858 373 cum

231 400 352 443 dictis
384 399 435 442 de
471 398 661 455 baptismi
697 399 1034 454 praesumptione
1067 399 1105 440 in
1130 398 1276 441 ordine
1299 398 1348 440 ad
1376 399 1700 441 matrimonium.
1723 397 1856 441 Etiam

232 469 498 525 intelligenda
532 473 592 512 est
624 468 676 512 de
723 473 948 525 «parte»,
989 480 1095 526 quae
1137 471 1343 512 contraxit
1387 481 1480 512 cum
1528 481 1700 524 persona
1745 472 1860 512 certo

236 557 258 581 ((
281 554 360 583 non
397 539 662 595 baptizata»,
696 543 767 582 aut
799 543 912 582 certo
947 541 1100 595 pariter
1138 552 1259 582 «11011
1296 538 1538 595 baptizata»
1580 538 1731 593 valide,
1763 541 1860 596 quia

232 624 325 654 cum
361 611 412 654 de
448 609 514 652 illa
552 615 667 666 parte
701 611 739 652 in
776 611 981 665 praesenti
1014 609 1186 652 dubium
1223 609 1483 666 baptismatis
1515 609 1634 663 adsit,
1659 608 1860 666 (alioquin

232 694 417 724 essemus
451 683 489 722 in
526 685 712 736 tempore
752 695 771 720 «
794 693 876 737 qno
909 684 1022 723 certo
1048 679 1282 736 probetur»
1313 680 1656 736 impedimentum
1685 679 1748 723 vel
1773 682 1863 724 eius

232 751 448 805 absentia),
484 753 639 808 pariter
678 750 852 794 dubium
896 750 1013 794 adest
1045 750 1096 793 de
1129 750 1414 806 impedimenti
1458 752 1675 793 existentia
1715 765 1737 790 α
1757 754 1858 793 16111-

234 835 331 877 pore
365 823 565 865 contracti
600 823 853 864 matrimonii
879 836 899 861 »
937 833 984 863 ac
1018 822 1301 877 praesumptio
1326 823 1364 863 in
1388 820 1573 863 favorem
1609 822 1861 863 matrimonii

235 896 365 949 urget.
401 891 577 936 Demum
614 905 661 935 ex
698 894 969 949 consequenti
1006 895 1173 948 propter
1205 893 1338 934 maius
1372 903 1568 947 praesens
1600 890 1773 934 dubium
1800 893 1859 934 in-

233 963 483 1019 telligendus
516 967 576 1006 est
608 962 669 1020 §¹¹⁵
700 966 725 1006 2
760 963 811 1006 de
847 964 1121 1006 matrimoniis
1167 974 1274 1019 quae
1321 962 1647 1017 consideramus,
1694 961 1862 1019 quando

233 1033 525 1077 conditionalis
563 1036 638 1077 «si
674 1046 860 1090 pars»...
894 1037 971 1076 616.
1010 1033 1250 1076 verificetur
1283 1032 1334 1075 de
1367 1037 1544 1089 utroque
1577 1034 1767 1088 coniuge.

353 1105 449 1147 468.
476 1106 785 1162 Applicanda
804 1118 1000 1161 quoque
1019 1107 1128 1150 huic
1151 1106 1514 1161 impedimento.
1536 1129 1586 1133 —
1610 1102 1712 1146 Can.
1734 1105 1861 1148 1071.

239 1175 356 1228 Quae
389 1175 439 1218 (le
474 1175 620 1218 mixtis
653 1175 830 1233 nuptiis,
863 1175 1042 1218 scilicet:
1068 1175 1118 1218 de
1142 1174 1439 1230 impedimento
1463 1174 1729 1230 impediente,
1752 1173 1862 1231 quod

240 1249 424 1302 vigorem
460 1260 625 1303 quoque
669 1245 805 1301 habet,
854 1248 961 1289 sicut
1009 1258 1217 1302 praesens,
1251 1259 1298 1288 ex
1337 1248 1426 1288 iure
1472 1245 1629 1302 divino,
1662 1245 1706 1287 111
1739 1258 1859 1288 cano-

237 1317 355 1360 nibus
389 1319 655 1360 1060-1064
683 1317 953 1375 praescripta
986 1321 1095 1371 sunt,
1124 1316 1339 1359 videlicet:
1380 1318 1488 1359 iussa
1521 1320 1607 1358 tum
1641 1316 1691 1359 de
1726 1315 1864 1372 prohi-

237 1389 389 1432 bitione
440 1388 652 1432 Ecclesiae
700 1401 747 1431 ac
796 1390 896 1431 iuris
937 1388 1083 1442 divini,
1133 1392 1219 1430 tum
1254 1387 1304 1431 de
1338 1386 1524 1443 possibili
1559 1387 1865 1443 dispensatione

237 1463 361 1517 atque
394 1459 660 1502 cautionibus
693 1459 924 1515 exigendis,
959 1463 1043 1501 tum
1078 1458 1130 1501 de
1163 1460 1352 1514 coniugis
1384 1457 1575 1501 catholici
1600 1456 1868 1512 obligatione,

238 1535 322 1572 tum
360 1529 410 1572 de
448 1531 573 1572 vetito
610 1529 672 1572 vel
709 1531 908 1585 permisso
942 1531 1054 1572 aditu
1089 1528 1138 1572 ad
1174 1530 1407 1571 ministrum
1452 1527 1742 1583 acatholicum,
1777 1532 1863 1570 tum

238 1599 381 1643 ultimo
424 1600 476 1642 de
524 1596 735 1643 Ordinarii
786 1599 974 1656 aliusque
1024 1601 1198 1655 pastoris
1241 1600 1474 1641 animarum
1520 1597 1865 1654 obligationibus;

236 1672 374 1714 omnia
405 1669 509 1713 haec
543 1669 758 1727 applicari
806 1683 967 1727 quoque
1008 1668 1169 1721 debent,
1216 1668 1396 1712 scilicet:
1439 1668 1645 1712 servanda
1679 1671 1774 1711 sunt
1806 1670 1864 1712 uti

239 1742 491 1797 praescripta
536 1753 614 1797 pro
663 1739 963 1791 iizatri‘moniis‚
1008 1741 1097 1783 sive
1147 1741 1184 1782 in
1236 1740 1322 1782 lieri
1371 1741 1460 1782 sive
1499 1740 1537 1781 in
1580 1752 1682 1792 esse,
1718 1738 1866 1796 quibus

238 1811 428 1855 ineundis
471 1810 606 1854 obsta!
651 1811 850 1853 dirimens
882 1810 919 1864 ξι
957 1810 992 1852 1ί
1032 1809 1374 1868 impedimentum
1416 1808 1690 1867 disparitatis
1728 1808 1866 1852 cultus

239 1896 311 1939 pro
345 1884 463 1925 cuius
512 1886 696 1925 retentae
744 1881 1033 1937 appellationis
1081 1885 1191 1924 recta
1241 1880 1512 1937 intelligentia
1550 1882 1745 1923 convenit
1778 1881 1862 1923 ani-

240 1952 503 1996 madvertere
537 1965 631 1995 cum
667 1951 712 1994 D.
746 1951 900 1994 Thema
927 1951 964 1996 ¹:
999 1952 1108 2008 quod
1149 1950 1272 1994 ((1106
1297 1950 1639 2007 impedimentum
1665 1949 1866 1993 dirimens

238 2037 316 2066 non
352 2023 504 2066 dicitur
536 2022 757 2079 disparitas
791 2022 900 2077 tidei,
934 2022 1004 2065 sed
1041 2021 1175 2065 cultus
1208 2022 1442 2077 disparitas.
1467 2023 1537 2078 qui
1563 2023 1729 2077 respicit
1752 2024 1863 2064 exte-

240 2095 323 2136 rius
355 2095 588 2136 servitium.
622 2092 724 2136 Nam
761 2094 1072 2135 matrimonium
1108 2096 1168 2135 est
1200 2095 1522 2135 sacramentum.
1546 2090 1594 2134 Et
1620 2091 1712 2134 ideo
1735 2103 1864 2148 quan—

241 2170 324 2207 tum
361 2166 537 2219 pertinet
569 2163 619 2206 ad
655 2165 943 2206 necessitatem
977 2165 1240 2218 sacramenti,
1277 2164 1451 2219 requirit
1485 2164 1700 2218 paritatem
1735 2174 1864 2218 quan-

241 2239 323 2277 tum
349 2234 398 2276 ad
423 2238 729 2277 sacramentum
756 2233 867 2286 111161,
887 2232 1045 2276 scilicet
1070 2232 1332 2289 baptismum,
1360 2234 1491 2288 magis
1514 2245 1637 2290 quam
1662 2236 1863 2289 quantum

239 2305 287 2348 ad
325 2306 562 2347 interiorem
588 2304 755 2349 tidem...
784 2303 830 2346 Et
855 2308 1025 2359 propter
1048 2302 1125 2346 hoc
1148 2305 1180 2346 si
1204 2303 1354 2360 aliquis
1379 2302 1512 2346 tidelis
1534 2315 1628 2346 cum
1654 2302 1862 2346 haeretica

242 2375 440 2431 baptizata
477 2376 785 2417 matrimonium
812 2374 1042 2429 contrahat,
1071 2387 1215 2416 verum
1240 2377 1300 2416 est
1325 2375 1650 2427 matrimonium,
1675 2374 1867 2429 quamvis

242 2449 384 2501 peccet
417 2444 714 2496 contrahendo,
747 2446 779 2488 si
813 2447 915 2487 sciat
938 2457 1028 2487 eam
1055 2444 1331 2498 haeretican13
1356 2445 1462 2487 sicut
1486 2447 1690 2499 peccaret,
1713 2445 1744 2486 si
1769 2456 1863 2486 cum

241 2517 599 2558 excommunicata
635 2514 910 2565 contraheret,
946 2527 1026 2557 non
1060 2519 1198 2557 tamen
1243 2519 1410 2570 propter
1443 2513 1520 2557 hoc
1555 2515 1864 2556 matrimonium

241 2585 531 2637 dirimeretur;
564 2589 603 2627 et
636 2598 656 2627 e
690 2586 898 2629 contrario
921 2586 952 2627 si
977 2583 1127 2641 aliquis
1159 2583 1512 2627 cathechumenus
1536 2582 1692 2626 liabens
1710 2587 1864 2626 rectam

244 2656 382 2710 tidem,
416 2655 485 2698 sed
522 2655 703 2698 noudum
741 2654 980 2711 baptizatus,
1014 2667 1108 2697 cum
1158 2654 1294 2711 aliqua
1330 2654 1438 2697 tideli
1476 2653 1675 2710 baptizata
1709 2658 1869 2698 contra-

243 2726 372 2780 heret,
407 2738 484 2768 non
520 2730 625 2768 esset
665 2739 807 2768 verum
845 2726 1212 2768 matrimonium».

361 2879 372 2900 1
401 2877 534 2922 Suppl.
564 2889 599 2922 q.
630 2877 720 2910 LIX
746 2882 820 2911 art.
851 2879 883 2919 1,
912 2878 958 2912 ad
984 2878 1047 2911 3¹¹¹.
