1971 3261
214 152 283 186 646
600 151 686 184 [ΑΒ.
714 150 786 183 III.
815 170 828 175 -
862 149 971 183 PARS
996 149 1028 183 Ι.
1055 170 1067 174 -
1093 149 1150 184 De
1175 149 1444 184 Sacramentz‘s
1626 148 1719 184 Can.
1750 148 1840 183 1099

213 285 336 329 quam
374 271 754 325 interpretationem
799 270 1076 312 restrictivam
1119 267 1352 324 expostulat
1394 271 1624 323 contextus,
1658 270 1754 325 quia
1788 268 1839 311 dc

212 342 274 385 his
307 342 397 384 aliis
430 340 669 384 acatholicis
710 353 759 382 ex
804 340 1034 382 defectione
1083 340 1163 381 iam
1218 341 1432 394 provisum
1474 342 1535 381 est
1571 337 1648 382 sub
1686 338 1745 382 n.⁰
1781 338 1839 386 10,

212 414 406 469 quamvis
429 428 448 452 <‹
466 411 695 454 secuudum
719 412 926 467 propriam
948 409 1064 453 verbi
1084 409 1430 466 significationem
1450 424 1472 450 »
1494 408 1603 466 (can.
1628 409 1695 465 18)
1715 412 1839 465 possit

211 484 370 526 admitti
407 484 691 538 interpretatio
730 497 749 521 «
774 494 867 524 cnm
903 480 1189 524 acatholicis»
1228 480 1346 534 idest,
1380 485 1474 523 actu
1508 493 1588 523 non
1627 479 1841 524 catholicis

212 568 477 612 quacumque
510 554 561 596 de
594 565 740 605 causa;
778 552 1017 595 indifferens
1049 557 1185 595 tamen
1210 556 1271 594 est
1295 564 1367 608 pro
1392 550 1471 594 illis
1508 551 1834 595 «acatholicis»

212 625 255 682 a)
287 625 372 668 sive
404 623 629 682 baptizatis
662 626 736 666 etsi
776 622 911 666 valide
936 625 973 665 in
998 635 1141 666 eorum
1172 626 1282 665 secta
1309 621 1347 676 b)
1369 621 1455 664 sive
1485 635 1568 665 non
1600 621 1840 679 baptizatis,

215 699 296 739 imo
330 697 378 739 ad
416 695 670 739 innuendum
706 695 783 738 sub
815 695 1123 750 dispensatione
1159 693 1444 748 impedimenti
1479 693 1718 736 alterutrius
1740 699 1842 750 seq.³

215 781 294 810 non
330 766 501 823 intelligi
536 767 886 821 dispensationem
921 778 941 808 a
979 766 1228 807 matrimonii
1263 765 1394 807 forma
1429 766 1641 818 canonica,
1665 764 1839 808 dicit-ur:

216 837 256 895 c)
289 838 416 881 etiam
448 840 479 880 si
515 836 706 880 catholici
740 836 817 880 sub
852 837 909 880 n.⁰
948 835 989 877 1⁰
1021 840 1115 892 post
1146 834 1355 878 obtentam
1397 833 1754 893 dispensationem
1791 833 1841 877 ab

214 908 509 966 impedimento
542 907 582 964 a)
619 908 776 950 mioetae
806 906 1030 963 reliqionis
1065 905 1107 962 b)
1140 905 1203 949 vel
1235 905 1508 962 disparitatis
1540 905 1678 948 eutius
1702 919 1840 948 neces-

214 983 364 1024 sariam
403 985 443 1023 ut
481 995 499 1020 ((
524 993 617 1022 cum
652 978 936 1022 acatholicis»
977 979 1208 1033 respective
1246 977 1322 1020 suh
1356 977 1396 1033 a)
1433 982 1472 1020 et
1505 976 1582 1020 sub
1618 976 1660 1033 b)
1694 977 1839 1019 matri—

215 1052 400 1095 monium
433 1049 699 1094 contrahant.

334 1122 373 1165 ln
409 1122 486 1166 hac
521 1135 563 1165 re
596 1120 734 1165 Codex
780 1134 873 1164 cum
921 1121 1164 1163 limitatione
1203 1135 1223 1160 <r
1246 1119 1457 1163 Ecclesiae
1495 1132 1660 1177 quoque
1693 1117 1840 1163 Orien-

215 1194 307 1237 talis
339 1193 600 1248 disciplinam
637 1193 802 1235 refert»
842 1191 950 1246 (can.
987 1192 1029 1248 1)
1063 1191 1140 1235 sub
1174 1192 1231 1233 n.⁰
1263 1190 1326 1233 3⁰.
1366 1189 1621 1241 Orientales,
1653 1193 1742 1233 sive
1775 1203 1840 1233 ca-

216 1265 353 1308 tholici
389 1266 477 1307 sive
511 1263 728 1307 acatholici
763 1263 909 1306 eodem
948 1262 1062 1306 verbi
1097 1275 1219 1305 sensu
1254 1261 1445 1318 ampliori
1480 1275 1527 1304 ac
1562 1264 1599 1304 in
1636 1260 1694 1304 n.⁰
1723 1261 1780 1315 2⁰,
1805 1261 1843 1304 si

215 1350 306 1378 eam
339 1334 488 1378 latinis
521 1332 777 1378 contrahant
820 1332 898 1376 hac
939 1332 1078 1391 forma
1111 1332 1331 1376 adstrictis
1366 1346 1666 1388 nempe1-‹tum
1702 1331 1841 1376 catho-

216 1408 304 1451 licis
340 1406 400 1449 vel
436 1405 676 1449 acatholicis
709 1404 761 1448 oh
794 1400 1084 1452 defectionem,
1119 1409 1299 1447 attamen
1334 1417 1428 1447 cuin
1475 1403 1536 1446 his
1578 1403 1841 1461 quandoque.

216 1478 322 1522 Hinc
359 1480 496 1534 vigent
533 1476 827 1533 praecedentes
859 1488 1039 1519 canones
1073 1475 1194 1518 huius
1223 1474 1378 1530 Capitis
1409 1474 1544 1532 quoad
1581 1475 1843 1518 matrimonia

215 1551 255 1606 a)
289 1551 397 1592 inter
429 1547 655 1592 catholicos
693 1547 865 1590 latinum
916 1551 955 1590 et
1003 1545 1260 1596 orientalem,
1295 1545 1337 1602 b)
1373 1544 1564 1589 catholici
1601 1545 1712 1588 latini
1747 1558 1840 1588 cum

215 1620 402 1664 orientali
448 1619 677 1662 acatholico
720 1621 810 1662 sive
853 1617 905 1661 ob
949 1618 1221 1661 defectionem
1269 1622 1340 1660 aut
1386 1630 1550 1673 semper
1598 1616 1842 1671 acatholico,

216 1692 382 1734 demum
418 1691 455 1745 c)
489 1689 601 1732 latini
636 1688 854 1733 acatholici
889 1688 940 1731 ob
974 1688 1263 1742 detectionem,
1298 1701 1391 1731 cum
1436 1687 1625 1730 orientali
1660 1691 1745 1730 tum
1779 1700 1844 1730 ca-

216 1761 379 1808 tholico,
417 1767 501 1804 tum
535 1760 765 1804 acatholico
789 1759 841 1803 oh
863 1759 1151 1814 defectionem,
1178 1772 1256 1801 non
1281 1763 1420 1802 autem
1444 1772 1540 1802 cum
1563 1771 1728 1815 semper
1749 1770 1841 1801 aca-

216 1833 380 1876 tholico.
419 1831 506 1875 Huc
540 1833 747 1888 pertinent
778 1830 915 1874 adhuc
952 1842 1075 1873 verae
1113 1829 1422 1873 Declarationes
1449 1829 1487 1872 S.
1510 1830 1659 1886 Congr.
1685 1830 1806 1873 t'onc.
1829 1830 1841 1850 ¹

218 1903 361 1947 Dubia.
399 1903 424 1945 l.
460 1903 521 1946 An
556 1901 730 1945 Decreto
772 1917 790 1942 (c
812 1901 870 1945 Ne
909 1906 1109 1944 temere»
1147 1900 1459 1956 adstringantur
1492 1902 1615 1943 etiam
1651 1899 1841 1943 catholici

217 1977 318 2018 ritus
351 1973 574 2017 orientalis.
610 1999 666 2004 —
698 1972 746 2016 Et
780 1977 984 2030 quatenus
1019 1973 1225 2028 negative.
1263 1971 1307 2014 ll.
1341 1970 1485 2015 Utrum
1511 1971 1560 2014 ad
1587 1971 1752 2013 eosdem
1776 1971 1842 2013 de-

216 2051 374 2089 cretum
408 2044 634 2088 extendere
666 2043 891 2100 expediat?
917 2069 970 2073 —
994 2043 1042 2086 Et
1074 2047 1279 2100 quatenus
1310 2042 1454 2085 saltem
1490 2055 1562 2098 pro
1591 2041 1729 2099 aliquo
1754 2041 1843 2084 loco

215 2117 430 2161 decretum
474 2129 552 2158 non
598 2116 720 2159 fuerit
758 2119 990 2158 extensum.
1029 2114 1089 2157 lll.
1127 2113 1271 2158 Utrum
1311 2113 1494 2157 validum
1537 2115 1588 2156 sit
1633 2115 1841 2155 matrimo-

217 2191 327 2231 nium
363 2192 620 2230 contractum
655 2199 675 2229 a
710 2186 914 2230 catholico
940 2188 1043 2228 ritus
1068 2186 1182 2228 latini
1207 2198 1301 2228 cum
1335 2184 1539 2228 catholico
1575 2186 1676 2227 ritus
1708 2185 1842 2226 orien-

217 2259 321 2313 talis,
358 2272 434 2300 uon
469 2262 634 2300 servata
668 2258 797 2300 forma
832 2256 884 2300 ab
917 2256 1061 2300 eodem
1096 2256 1270 2299 Decreto
1304 2259 1468 2299 statuta.

336 2329 396 2372 Ad
424 2329 448 2371 l.
470 2328 684 2384 Negative.
711 2328 771 2371 Ad
798 2327 843 2370 ΙΙ.
867 2327 929 2371 Ad
955 2328 993 2371 S.
1012 2325 1170 2383 Cong.m
1188 2327 1238 2370 (le
1265 2326 1534 2383 Propaganda
1559 2325 1669 2368 Fide.
1696 2325 1756 2367 Ad
1780 2323 1842 2367 lll.

220 2400 365 2451 Dilata„
399 2404 438 2442 et
470 2401 714 2456 exquiratur
752 2403 891 2442 votum
925 2399 1102 2441 duorum
1148 2397 1445 2444 consultorum,
1480 2399 1547 2454 qui
1584 2409 1681 2452 prae
1714 2396 1845 2439 oculis

218 2471 393 2514 habeant
429 2470 538 2525 leges
571 2469 648 2513 hac
681 2470 732 2512 de
767 2483 809 2513 re
847 2471 1034 2525 vigentes
1057 2469 1193 2526 quoad
1219 2466 1466 2513 Orientales.
1494 2493 1544 2498 —
1572 2466 1586 2488 2
1609 2466 1789 2510 Dubium
1816 2465 1841 2508 l.

216 2541 360 2586 Utrum
401 2541 581 2584 validum
616 2543 667 2583 sit
703 2542 1011 2583 matrimonium
1047 2543 1304 2583 contractum
1330 2551 1351 2581 a
1375 2537 1578 2582 catholico
1606 2539 1707 2580 ritus
1731 2537 1843 2580 latini

216 2626 308 2656 cuin
343 2611 545 2654 catholico
582 2614 683 2655 ritus
717 2610 943 2665 orientalis,
980 2624 1057 2653 non
1103 2615 1268 2653 servata
1313 2611 1440 2652 torma
1474 2621 1494 2652 a
1531 2608 1704 2652 Decreto
1744 2607 1844 2650 «Ne

217 2689 372 2725 temero
400 2702 414 2721 »
453 2687 617 2725 statuta.
653 2681 715 2725 Ad
753 2681 781 2724 1.
816 2680 1019 2737 Negative
1042 2696 1082 2725 ».

340 2768 357 2792 «
387 2752 561 2795 Dubium
599 2752 644 2794 ll.
680 2756 741 2795 An
777 2754 815 2795 in
850 2757 924 2795 art.
952 2750 1020 2806 XI,
1044 2751 1071 2809 ξ
1095 2751 1118 2794 ⁶2
1152 2751 1337 2794 eiusdem
1375 2749 1534 2793 Decreti
1569 2748 1645 2792 sub
1679 2750 1844 2791 nomine

335 2860 345 2881 ¹
377 2862 389 2892 1
423 2858 514 2892 Feb.
548 2859 650 2899 1908,
679 2860 779 2893 Acta
805 2859 843 2892 S.
874 2858 997 2899 Sedis,
1024 2858 1108 2893 Vol.
1135 2857 1240 2900 XLI⁷
1274 2869 1364 2903 pag.
1397 2857 1473 2891 108.
1518 2875 1560 2881 —
1599 2855 1612 2876 ‘2
1639 2855 1683 2889 28
1708 2854 1844 2889 Martii

221 2907 320 2947 18ιο8,
349 2907 448 2939 Acta
476 2906 511 2939 S.
543 2906 666 2947 Sedls,
696 2906 781 2940 Vol.
812 2905 916 2943 XLI.
946 2917 982 2950 p.
1003 2904 1086 2939 287.
