1971 3261
215 161 259 195 36
613 161 697 194 Lus.
727 160 797 195 ΙΙΙ.
824 180 834 185 -
864 160 972 194 PARS
999 160 1027 194 ]..
1055 180 1066 184 -
1097 160 1153 193 De
1178 159 1444 194 Sacramentz's
1565 160 1659 196 Gan.
1688 161 1842 196 745-746

215 282 424 335 suscipere
459 279 722 335 baptismum,
746 278 959 334 subiungit
991 290 1146 320 canon:
1181 276 1237 320 ad
1259 276 1379 320 illum
1403 277 1670 322 admittatur.
1700 268 1840 324 Addu-

215 356 278 394 cta
313 351 518 393 distinctio
554 349 655 392 bene
691 349 867 392 notanda
893 353 951 391 est
977 352 1143 403 propter
1175 348 1388 391 diversum
1423 349 1610 393 ordinem
1646 350 1840 407 baptismi

218 434 287 475 pro
321 421 529 463 alterutris
561 418 842 462 adhibendum
878 420 991 460 iuxta
1025 417 1104 461 Rit.
1139 417 1254 462 Rom.
1278 419 1305 459 ¹.

334 491 399 533 30.
435 491 641 542 Quando
665 493 713 535 et
738 491 986 546 quomodo
1010 490 1221 534 nondum
1244 490 1388 546 plene
1410 492 1512 536 nati
1535 495 1648 537 sunt
1679 495 1837 549 bapti-

214 563 371 607 zandi.
404 586 430 590 —
466 559 567 603 Huic
602 561 830 616 quaestioni
868 561 948 601 iam
982 560 1180 602 satisfecit
1213 558 1258 603 D.
1282 558 1461 603 Thomas
1479 561 1508 610 ²,
1542 563 1660 604 cuius
1692 562 1841 606 doctri-

215 644 288 674 nae
321 632 511 686 congruit
545 629 621 673 Rit.
658 629 772 672 Rom.
794 628 808 649 ³
842 642 890 671 ex
928 642 1011 686 quo
1054 629 1297 686 desumptus
1334 635 1395 674 est
1427 644 1516 675 can.
1550 644 1740 689 sequens.
1773 633 1839 677 Sic

216 701 431 756 respondet
479 699 521 742 D.
557 699 628 742 Th.
669 715 687 739 (ι
713 699 822 755 quod
869 699 1127 755 Augustinus
1169 700 1290 744 dicit:
1325 700 1471 757 (Epist.
1506 702 1556 745 ad
1600 701 1838 746 Dardanum

213 773 237 791 '⁸‘
261 771 388 814 Nemo
425 773 664 823 renascitur,
691 771 767 812 nisi
802 771 936 825 prImo
972 776 1165 814 nascatur
1187 804 1225 825 „.
1251 770 1329 815 Sed
1363 771 1592 828 baptismus
1623 778 1683 816 est
1715 786 1840 831 quae-

213 842 304 884 dam
339 839 564 896 spiritualis
598 842 871 896 regeneratio.
907 839 995 883 Non
1032 853 1131 897 ergo
1155 840 1277 885 debet
1299 841 1448 899 aliquis
1472 842 1682 900 baptizari,
1709 847 1839 900 prius-

212 924 335 968 quam
369 924 417 953 ex
454 915 569 954 utero
604 915 860 955 nascatur».
896 910 945 954 Et
978 913 1016 953 in
1053 924 1227 968 corpore
1274 913 1436 956 articuli
1484 914 1604 957 affert
1636 913 1743 958 hanc
1777 928 1839 959 ra-

212 984 386 1024 tionem:
417 996 436 1021 «
460 981 510 1024 de
544 983 789 1023 necessitate
826 980 1018 1037 baptismi
1043 986 1104 1025 est
1127 982 1234 1038 quod
1260 995 1410 1039 corpus
1435 983 1664 1040 baptizandi
1700 985 1840 1043 aliquo

213 1051 333 1094 modo
366 1063 469 1108 aqua
505 1050 710 1105 abluatur,
736 1064 829 1095 cum
868 1051 1100 1108 baptismus
1132 1054 1181 1095 sit
1215 1053 1420 1110 quaedam
1453 1053 1608 1097 ablutio
1641 1059 1685 1098 ut
1715 1069 1840 1112 supra

211 1122 364 1165 dictum
410 1126 483 1164 est.
516 1121 673 1177 Corpus
722 1127 858 1165 autem
912 1123 1092 1178 infantis,
1125 1127 1345 1180 antequam
1380 1129 1574 1167 nascatur
1614 1139 1665 1168 ex
1709 1131 1839 1171 utero.

211 1205 288 1234 non
325 1196 455 1248 potest
486 1191 624 1248 aliquo
658 1192 786 1235 modo
819 1192 931 1236 ablui
964 1205 1095 1250 aquag
1130 1195 1205 1236 nisi
1242 1193 1344 1236 torte
1366 1193 1529 1238 dicatur
1551 1195 1659 1252 quod
1685 1195 1840 1240 ablutio

212 1262 478 1318 baptismatis,
503 1274 583 1319 qua
617 1275 770 1319 corpus
805 1265 949 1306 matris
983 1263 1161 1317 lavatur,
1185 1264 1234 1307 ad
1269 1264 1398 1308 tilium
1425 1267 1461 1308 in
1490 1270 1634 1309 ventre
1666 1269 1841 1310 existen-

210 1338 290 1376 tem
326 1335 554 1389 perveniat.
577 1333 655 1376 Sed
692 1333 774 1377 boc
807 1347 896 1377 esse
928 1347 1007 1377 non
1043 1339 1187 1391 potest,
1213 1340 1297 1378 tum
1333 1338 1429 1393 quia
1462 1339 1597 1380 anima
1635 1339 1765 1392 pueri,
1787 1338 1836 1381 ad

209 1406 325 1447 cuius
357 1404 726 1447 sanctificationem
764 1404 981 1448 ordinatur
1016 1404 1255 1462 baptismus,
1290 1406 1482 1450 distincta
1516 1412 1576 1450 est
1608 1407 1660 1451 ab
1702 1410 1836 1451 anima

211 1476 373 1529 matris3
408 1479 492 1517 tum
528 1477 623 1531 quia
656 1488 810 1532 corpus
845 1478 960 1531 pueri
995 1478 1166 1519 animati
1199 1478 1278 1519 iam
1324 1482 1384 1520 est
1423 1479 1661 1529 formatum,
1695 1483 1734 1522 et
1768 1492 1839 1535 per

209 1557 463 1602 consequens
494 1558 515 1588 a
549 1558 722 1602 corpore
775 1548 920 1590 matris
963 1546 1216 1603 distinctum,
1261 1552 1300 1591 et
1347 1548 1439 1591 ideo
1482 1548 1712 1605 baptismus
1754 1563 1837 1607 quo

210 1620 340 1658 mater
373 1615 613 1672 baptizatur,
639 1629 717 1659 non
756 1617 961 1661 redundat
984 1619 1022 1660 in
1048 1617 1204 1674 prolem
1240 1620 1278 1661 in
1312 1623 1429 1662 utero
1464 1621 1606 1663 matris
1638 1623 1835 1664 exsisten-

209 1691 333 1729 tem.‚.
352 1685 400 1729 Et
434 1688 486 1729 ita
522 1686 771 1743 relinquitur
804 1688 914 1745 quod
939 1687 1051 1731 nullo
1075 1688 1196 1732 modo
1229 1689 1403 1732 infantes
1426 1692 1464 1732 in
1489 1693 1687 1734 maternis
1710 1693 1838 1734 uteris

209 1759 450 1800 exsistentes
484 1757 681 1814 baptizari
719 1763 891 1814 possunt
912 1774 954 1801 )).
979 1758 1085 1803 Hinc
1108 1762 1247 1803 statuit
1272 1774 1362 1804 ean.
1387 1762 1493 1803 746.
1516 1760 1544 1819 ἓ
1567 1761 1605 1802 1.
1629 1760 1759 1805 Nemo
1792 1761 1834 1804 in

210 1833 325 1870 utero
370 1828 518 1871 matris
566 1828 739 1872 clausus
791 1829 1040 1887 lmptizetm‘⁷
1076 1835 1119 1874 ut
1150 1830 1302 1883 dicitur
1334 1844 1498 1888 quoque
1534 1834 1570 1874 in
1606 1831 1682 1875 Rit.
1717 1831 1835 1877 Rom.

208 1898 284 1941 Sed
320 1901 415 1956 quia
451 1898 639 1942 hodierni
677 1900 824 1943 medici
862 1905 1063 1956 asserunt,
1098 1914 1175 1958 ope
1208 1903 1468 1945 instrumenti
1519 1915 1636 1958 posse
1683 1915 1833 1959 aquam

209 1982 337 2026 usque
369 1972 419 2013 ad
456 1970 619 2013 infantis
663 1985 816 2028 corpus
860 1972 1082 2024 introduci,
1118 1972 1282 2015 videtur
1315 1975 1418 2016 ratio
1452 1972 1495 2015 D.
1530 1972 1711 2017 Thomae
1744 1987 1832 2018 cor-

209 2052 343 2093 ruere,
385 2044 424 2082 et
471 2043 566 2097 quia
615 2041 828 2085 efficacius
875 2047 935 2084 est
983 2042 1137 2085 donum
1184 2040 1333 2086 Christi
1381 2043 1431 2086 ad
1481 2043 1670 2095 salutem,
1709 2057 1832 2101 quam

207 2114 420 2165 peccatum
456 2111 570 2154 Adae
604 2111 652 2154 ad
691 2112 1016 2165 damnationem,
1050 2117 1093 2155 ut
1124 2113 1344 2168 Apostolus
1377 2114 1489 2163 (licit,
1524 2114 1688 2157 videtur
1733 2117 1834 2157 ratio

208 2178 252 2223 D.
287 2179 505 2236 Augustini
550 2184 691 2238 urgeri
727 2195 805 2225 non
842 2196 961 2239 posse
996 2185 1033 2225 in
1068 2182 1232 2226 casibus
1278 2185 1445 2227 omnino
1478 2183 1832 2229 extraordinariis.

206 2263 298 2292 cum
323 2256 627 2294 sacramentum
656 2251 850 2308 baptismi
872 2255 923 2296 sit
946 2266 1134 2296 summae
1157 2255 1425 2297 necessitatis.
1448 2251 1514 2298 Ob
1547 2253 1620 2297 has
1652 2254 1835 2297 fortassis

209 2323 398 2375 rationes,
434 2321 697 2377 prohibitioni
735 2325 943 2380 praefatae
977 2326 1014 2367 in
1049 2336 1206 2367 canone
1248 2324 1415 2367 additur
1458 2324 1672 2368 limitatio:
1707 2323 1835 2367 donec

203 2390 432 2447 probabilis
464 2405 556 2449 spes
590 2392 646 2435 sit
678 2398 723 2435 ut
757 2394 841 2436 rite
874 2393 1012 2437 editus
1043 2394 1252 2451 baptizari
1271 2395 1417 2451 possit.
1442 2394 1480 2438 Si
1505 2408 1604 2451 ergo
1627 2395 1719 2438 talis
1740 2408 1833 2451 spes

207 2461 429 2517 prudenter
467 2469 703 2517 evanescat,
742 2464 963 2520 prohibitio
996 2470 1140 2509 cessat.
1173 2490 1231 2496 —
1262 2464 1320 2508 De
1354 2465 1422 2508 tali
1456 2470 1594 2508 autem
1630 2465 1832 2522 baptismo

204 2531 329 2574 clausi
366 2535 479 2588 pueri
515 2532 696 2590 loquitur
731 2534 769 2577 S.
793 2534 836 2579 C.
860 2534 903 2579 C.
940 2536 1137 2593 quando⁴
1182 2535 1391 2579 decrevit:
1443 2535 1608 2579 «Fetus
1641 2538 1679 2578 in
1715 2541 1832 2579 utero

201 2614 322 2657 supra
359 2605 555 2646 verticem
593 2603 840 2660 baptizatus,
877 2610 966 2662 post
998 2610 1133 2649 ortum
1167 2605 1302 2649 denuo
1334 2605 1411 2649 sub
1443 2606 1679 2650 conditione
1714 2606 1830 2650 reba-

207 2674 377 2727 ptizetur
400 2690 437 2716 ».

323 2742 361 2785 ln
398 2748 661 2801 responsione
711 2753 849 2791 autem
892 2749 940 2791 ad
989 2749 1043 2791 4¹¹³
1083 2748 1168 2806 (cit.
1202 2749 1295 2803 art.)
1329 2748 1373 2792 D.
1409 2747 1586 2793 Thomas
1633 2751 1829 2805 optimam

320 2849 329 2869 ¹
358 2848 435 2882 Tit.
478 2850 528 2889 ΙΙ,
568 2862 619 2885 cc.
660 2853 680 2884 2
725 2857 763 2886 et
804 2853 836 2886 4.
878 2874 920 2877 —
958 2853 971 2875 2
1012 2853 1102 2887 Loc.
1143 2853 1225 2893 eit„
1255 2859 1327 2886 art.
1360 2854 1413 2886 ll.
1443 2873 1487 2878 —-
1512 2854 1526 2875 3
1552 2853 1630 2886 Tit.
1660 2853 1711 2893 ΙΙ,
1741 2864 1771 2887 c.
1797 2852 1828 2895 Ι,

201 2905 265 2926 nn.
300 2894 339 2927 18
367 2906 445 2940 seq.
477 2916 521 2923 —
547 2898 559 2918 ⁴
589 2899 630 2931 12
661 2899 737 2932 [ul.
776 2900 877 2934 1794.
909 2900 1073 2934 Collect.
1103 2900 1148 2934 de
1176 2899 1289 2944 Prop.
1319 2899 1424 2940 Fide,
1451 2912 1489 2934 n.
1519 2900 1599 2934 647.
