1971 3261
190 149 260 183 720
611 157 616 160 ·
902 154 1107 182 APPENDIX

189 270 319 318 zione,
342 267 418 311 che
452 269 510 310 ivi
532 269 564 310 si
599 268 651 319 fa,
673 267 736 310 del
771 266 1039 310 Sacramento
1062 266 1129 310 del
1161 266 1398 323 Battesimo,
1422 282 1501 312 non
1530 269 1693 313 devono
1717 269 1815 326 pero

191 341 200 380 i
237 338 453 381 medesimi
487 337 665 381 cattolici
701 339 879 380 invitare
912 337 966 393 gli
1001 340 1143 381 cretici
1175 338 1227 381 ad
1263 340 1529 392 intervenire,
1553 340 1815 396 cooperando

189 407 420 452 coll’invito
469 408 548 451 alla
591 410 926 451 comunicazione
959 408 1004 450 in
1044 407 1214 463 divinis,
1248 422 1270 452 a
1313 411 1379 453 cui
1421 411 1454 453 si
1498 423 1743 467 oppongono
1777 410 1814 453 lo

192 481 336 536 spirito
370 492 391 522 e
425 478 460 522 le
494 478 602 535 leggi
627 478 735 522 della
759 477 906 523 Cliiesa
931 481 970 521 in
996 484 1098 522 tutte
1121 479 1158 523 le
1180 482 1387 523 occasioni
1413 479 1649 536 pubblicate
1671 494 1693 523 6
1717 482 1815 524 fatte

189 555 283 593 note
316 550 352 593 al
388 563 544 606 gregge
578 549 783 604 cattolicO,
809 549 858 593 ed
892 562 915 592 a
947 549 1074 607 quelli
1108 553 1173 593 cui
1198 564 1248 594 ne
1281 549 1303 594 e
1326 564 1557 594 commessa
1591 551 1626 594 la
1656 564 1813 596 cura».

188 621 429 678 Eademque
462 621 499 664 S.
535 620 686 677 Congr.
722 623 733 642 ²
768 620 818 663 ad
854 620 1051 664 dubium:
1090 622 1196 664 «An
1241 624 1380 678 graeci
1414 621 1666 666 schismatici
1700 622 1815 666 adire

190 694 345 749 possint
377 690 676 745 catholicorum
711 691 924 746 ecclesias,
956 690 1097 749 ibique
1131 692 1399 735 materialiter
1431 696 1589 736 tantum
1623 695 1814 736 assistere

188 775 331 806 eorum
364 764 494 806 sacris
527 766 568 805 et
600 762 766 806 divinis.
801 761 846 806 R.
876 767 1102 806 Accessum
1135 775 1380 819 graecorum
1416 776 1494 806 nou
1529 765 1737 806 unitorum
1762 764 1813 807 ad

186 832 385 876 ecclesias
416 831 723 890 catholicorum
760 846 879 889 posse
927 833 1124 889 permitti,
1159 833 1386 876 dummodo
1420 835 1468 876 iis
1517 846 1594 876 non
1639 833 1815 877 admini-

187 908 370 948 strentur
403 901 678 958 sacramenta,
702 917 776 947 nec
810 916 977 961 quoquo
1002 904 1125 947 modo
1143 906 1452 947 communicent
1485 906 1523 946 in
1547 904 1716 957 divinis,
1739 917 1814 948 nec

185 975 236 1018 ad
273 973 508 1016 huiusmodi
543 974 769 1017 adventum
806 975 958 1017 fuerint
991 975 1216 1017 invitati».
1250 973 1445 1018 Rationes
1468 987 1633 1032 quoque
1667 979 1815 1031 urgent

187 1059 259 1102 pro
306 1044 554 1088 inlidelibus.
594 1044 768 1088 Demum
813 1047 1192 1089 excommunicatio
1237 1045 1347 1088 illam
1392 1047 1811 1089 communicationem

191 1120 301 1159 vetat
341 1116 625 1159 diversimodo
653 1118 730 1159 «si
763 1118 1187 1173 (excommunicatus)
1223 1119 1386 1173 passive
1434 1118 1597 1160 assistat
1643 1117 1815 1170 (divinis

185 1187 350 1243 officiis)
388 1186 449 1230 vel
484 1200 578 1230 cum
613 1189 843 1230 assistentia
876 1189 1013 1230 activa
1037 1203 1057 1228 )>
1096 1187 1205 1245 (can.
1241 1187 1368 1243 2259,
1401 1189 1424 1243 ξ
1457 1186 1514 1244 ζ2).
1546 1187 1608 1230 Ad
1648 1187 1813 1231 vitanda

188 1261 313 1315 igitur
358 1260 711 1301 missionariorum
761 1257 886 1302 dubia
934 1263 972 1301 et
1006 1260 1249 1313 anxietates,
1299 1259 1549 1316 quandoque
1586 1271 1683 1301 vero
1716 1260 1813 1316 quia

184 1331 416 1386 praesentia
451 1331 598 1372 missae
630 1330 836 1373 3361111610
870 1329 990 1372 facile
1024 1334 1156 1386 potest
1187 1343 1276 1373 esse
1310 1343 1388 1372 non
1427 1343 1540 1372 mere
1575 1329 1812 1384 materialis,

184 1412 381 1444 concessa
414 1405 474 1443 est
508 1400 680 1444 facultas
714 1402 751 1443 in
786 1400 977 1444 Formula
1013 1405 1187 1459 utraque
1220 1402 1362 1444 tertia:
1392 1416 1414 1442 «
1438 1400 1705 1444 Permittendi
1728 1402 1813 1444 suis

189 1473 459 1514 missionariis
493 1477 536 1514 111
568 1470 743 1515 Missam
776 1471 989 1516 celebrare
1024 1474 1222 1529 possint...
1255 1470 1543 1528 praesentibus
1580 1470 1812 1526 haereticis,

184 1541 474 1597 schismaticis,
510 1542 747 1586 infidelibus
788 1543 974 1600 (quando
1023 1548 1066 1586 ut
1107 1556 1231 1599 supra
1268 1544 1446 1599 permitti
1497 1544 1623 1599 possit
1664 1547 1704 1585 et
1735 1541 1812 1585 sub

186 1613 308 1657 dictis
341 1613 664 1671 conditionibus)
699 1619 738 1657 et
770 1616 1142 1658 excommunicatis
1175 1613 1319 1671 (etiam
1354 1615 1512 1657 notorie
1545 1618 1687 1657 contra
1721 1625 1810 1656 can.

188 1684 316 1740 2259,
348 1687 373 1738 g
407 1684 474 1741 ⁶2),
501 1687 533 1728 si
568 1684 686 1728 aliter
718 1685 920 1729 celebrari
956 1699 1034 1729 non
1069 1687 1195 1742 possit
1217 1700 1236 1726 ))
1267 1684 1482 1742 (equidem
1517 1686 1556 1727 in
1582 1683 1671 1727 1060
1693 1696 1811 1727 sacro

184 1757 273 1798 sine
307 1757 424 1811 gravi
460 1756 752 1807 incommodo).

306 1859 338 1895 ἓ).
372 1861 597 1898 Permittendi
625 1867 662 1897 111
690 1861 797 1898 Missa
824 1863 985 1899 celebrari
1011 1864 1117 1910 possit
1153 1875 1227 1898 cum
1253 1874 1319 1897 uno
1345 1860 1520 1904 luminari,
1550 1861 1748 1897 adhibendo
1775 1860 1811 1895 in

183 1932 267 1956 casu
294 1921 539 1967 quodcumque
565 1922 695 1963 lumen,
722 1923 912 1958 dummodo
937 1933 1016 1959 cera
1051 1934 1091 1958 ex
1125 1934 1231 1968 apum
1260 1921 1433 1957 industria
1472 1921 1630 1956 confecta
1654 1920 1812 1961 deficiat;

185 1990 249 2015 1166
276 1991 345 2015 11011
376 1981 597 2026 permittendi
626 1986 662 2017 ut
688 1981 794 2017 Missa
820 1981 941 2029 absque
967 1981 1191 2017 luminaribus
1225 1981 1390 2017 celebrari
1427 1980 1548 2026 possit,
1577 1980 1613 2014 in
1641 1979 1726 2014 locis
1752 1978 1810 2014 ubi

185 2049 257 2073 non
283 2039 515 2074 inveniuntur
540 2039 651 2076 olivae
675 2045 709 2076 et
734 2040 831 2076 nulla
858 2041 927 2076 alia
953 2040 1150 2076 substantia
1174 2040 1217 2076 ad
1237 2040 1416 2086 lampades
1443 2036 1810 2074 nutriendasiuveniri

186 2101 317 2143 potest:
345 2099 381 2132 in
408 2109 490 2133 casu
516 2103 634 2135 tamen
662 2110 762 2135 verae
787 2100 1017 2140 necessitati&
1043 2104 1077 2135 et
1109 2100 1260 2145 graviter
1284 2103 1427 2134 onerata
1462 2097 1676 2133 conscientia
1702 2096 1811 2142 ipsius

185 2154 380 2192 Ordiuarii.
405 2157 605 2203 (Peculiaris
625 2158 803 2195 Formulae
821 2160 1001 2205 utriusque
1015 2159 1148 2195 tertiae.
1174 2158 1257 2194 Vide
1274 2157 1545 2193 declarationem
1565 2156 1600 2191 in
1621 2167 1694 2202 pag.
1715 2153 1809 2199 133).

304 2253 409 2297 Ante
443 2267 482 2297 n.
507 2255 531 2297 5
565 2254 719 2311 (Form.
745 2257 876 2312 prima
911 2260 951 2298 et
975 2259 1149 2312 utraque
1181 2252 1405 2310 secunda):
1436 2268 1456 2294 ((
1477 2251 1742 2296 Permittendi
1768 2255 1811 2294 ut

188 2322 323 2367 Missa
341 2324 542 2369 celebrari
562 2328 688 2382 possit
706 2326 750 2369 in
768 2326 892 2376 mari,
910 2326 1138 2370 dummodo
1158 2338 1270 2369 mare
1288 2327 1339 2368 sit
1358 2323 1642 2381 tranquillum,
1661 2324 1699 2365 111
1721 2321 1809 2365 1060

190 2398 327 2437 13111611
347 2395 533 2450 (16661111;
558 2401 682 2454 atque
700 2403 756 2451 ut,
777 2399 815 2440 in
840 2411 936 2441 casu
961 2399 1217 2440 necessitatis
1236 2395 1363 2453 (quod
1382 2397 1577 2452 supponit
1596 2393 1808 2436 vitandum

185 2477 315 2521 grave
350 2467 689 2524 incommodum),
724 2467 844 2512 Missa
879 2467 1081 2511 celebrari
1113 2471 1238 2524 queat
1270 2480 1354 2509 una
1387 2464 1493 2508 hora
1512 2469 1608 2523 post
1629 2462 1808 2507 mediam

190 2543 350 2581 noctem
374 2554 411 2582 ›).
439 2537 541 2582 Vide
560 2539 694 2595 quoad
720 2544 858 2583 cetera
875 2539 1197 2582 declarationem
1224 2540 1263 2580 in
1288 2550 1381 2594 pag.
1407 2536 1500 2591 145,
1525 2535 1607 2579 138
1641 2539 1734 2578 nota
1769 2533 1806 2576 2.

303 2635 337 2679 6'.
380 2644 605 2681 Permittendi
634 2650 671 2680 ut
709 2645 745 2679 in
779 2650 926 2691 utraque
957 2643 1190 2691 purificatione
1215 2643 1331 2679 calicis
1368 2654 1458 2690 aqua
1495 2647 1625 2676 tantum
1649 2639 1808 2675 adhiberi

188 2703 308 2749 possit.
336 2704 525 2739 dummodo
551 2709 667 2740 tamen
693 2709 847 2739 extrema
863 2703 955 2739 adsit
981 2703 1052 2737 vini
1078 2702 1278 2738 deficientia
1297 2700 1370 2747 (Sic
1387 2701 1492 2737 etiam
1520 2700 1556 2734 in
1575 2699 1688 2735 Form.
1707 2697 1809 2734 tertia

185 2762 273 2797 min.
307 2761 390 2798 Vide
415 2763 685 2798 declarationem
713 2763 749 2797 in
777 2774 854 2809 pag.
887 2761 980 2807 133).

303 2907 314 2928 ¹
342 2907 387 2940 22
414 2905 521 2951 Sept.
555 2905 657 2941 1763.
687 2905 776 2940 Loc.
806 2905 873 2940 cit.
902 2917 940 2939 n.
969 2905 1051 2939 450.
