1971 3261
602 162 816 197 Formulae
840 161 1083 205 facultatum
1109 161 1146 196 S.
1182 159 1222 195 C.
1250 160 1296 195 dc
1324 160 1368 194 P.
1400 160 1444 193 F.
1769 158 1843 194 729

211 283 246 317 in
266 280 353 318 Can.
381 280 479 323 1349,
498 285 518 324 ς
540 282 570 322 l,
594 281 685 317 ultra
712 280 930 317 medietatem
962 280 1194 320 interfuerint,
1215 278 1447 315 benedictioni
1474 289 1552 314 cum
1573 276 1682 313 Crurc
1710 277 1743 311 in
1774 277 1844 312 tine

211 346 404 387 postremae
429 341 609 377 concionis
628 341 881 387 impertiendae
901 352 977 376 vere
998 341 1229 386 poenitentes,
1246 339 1393 375 confessi
1413 350 1452 373 ac
1470 349 1568 373 sacra
1587 336 1842 373 Communione

208 400 325 436 retecti
350 400 566 438 adstiterint.
585 405 690 446 atque
716 400 911 440 ecclesiam,
937 400 971 434 in
1000 411 1069 445 qna
1095 399 1281 434 conciones
1308 398 1505 433 huiusmodi
1536 396 1759 432 habebuntur
1784 395 1842 430 ‹le-

209 464 285 495 vote
312 459 541 500 visitaverint,
571 459 689 505 ibique
717 470 776 505 per
801 459 942 504 aliquod
971 460 1138 505 temporis
1164 458 1314 504 spatium
1345 458 1418 503 pias
1443 457 1484 491 ad
1516 456 1621 491 Deum
1652 466 1769 501 preces
1793 455 1842 490 ef—

211 518 364 554 fuderint
391 528 451 564 pro
477 523 619 553 sanctae
647 517 736 553 Fidei
767 518 1014 563 propagatione
1040 522 1073 553 et
1100 518 1193 552 iuxta
1221 521 1372 551 mentem
1402 515 1536 551 Summi
1566 513 1754 550 Pontiticis.

325 576 346 596 ’κ
363 575 419 612 37.
450 576 670 612 Concedendi
693 577 726 611 iu
746 582 825 612 actu
842 576 1048 611 visitationis
1070 576 1320 622 paroeciarum,
1335 575 1432 621 qnasi
1452 574 1687 621 paroeciarum
1707 578 1739 608 ct
1760 573 1840 607 mis-

208 636 361 676 sionum,
385 646 534 671 necnon
557 641 625 671 tam
654 636 885 671 saecularium
914 646 1018 681 quam
1048 636 1300 680 religiosorum,
1317 639 1353 669 ut
1380 632 1625 679 ludvilqentiam
1650 632 1838 679 plenariam

209 706 279 730 una
298 694 371 730 vice
390 699 527 729 tantum
548 694 673 729 lucrari
697 695 831 741 possint
848 694 1092 729 christifideles
1110 693 1299 728 dummodo
1317 692 1468 732 contriti,
1484 691 1631 726 confessi
1647 702 1686 726 ac
1702 703 1728 726 S.
1744 690 1843 726 Com-

208 754 378 789 munione
403 753 519 789 refecti
551 754 624 799 pias
641 754 683 788 ad
707 754 812 788 Deum
844 764 960 799 preces
988 753 1141 788 fuderint
1170 764 1230 798 pro
1248 765 1274 786 s.
1296 751 1385 787 Fidei
1416 751 1662 796 propagatione
1687 755 1720 785 et
1747 750 1843 785 iuxta

209 818 360 849 mentem
390 812 525 848 Summi
556 813 744 849 l'ontitiriS.

326 872 345 891 ᾗ
365 871 421 907 38.
451 872 673 908 Concedendi
702 872 989 907 christifidelibus
1010 877 1045 906 nt
1065 870 1308 917 lrrdzzlqenffas,
1332 875 1469 916 propter
1487 881 1574 915 quas
1593 869 1756 915 confessio
1774 869 1839 903 sal-

206 936 275 966 tem
305 932 357 966 bis
385 931 419 966 in
448 942 569 967 mense
595 931 794 977 requiritur,
823 931 948 966 lucrari
980 931 1125 976 possint,
1154 930 1216 966 etsi
1250 930 1293 964 ob
1327 929 1519 973 legitimum
1549 928 1841 973 impedimentum

208 991 334 1026 iudea
362 1002 481 1026 mense
514 991 555 1026 ad
595 990 828 1036 poenitentiae
863 994 1121 1025 sacramentum
1160 1000 1230 1023 non
1266 988 1489 1023 accesserint.
1522 987 1622 1028 (Yide
1651 998 1727 1032 pag.
1757 986 1840 1027 333,

208 1055 288 1085 nota
322 1051 364 1094 t).

325 1110 345 1128 ³⁶
363 1108 419 1144 39.
446 1108 667 1145 Concedendi
690 1114 727 1144 nt
745 1120 867 1144 omnes
895 1109 1091 1155 praedictae
1109 1107 1342 1154 Indulqentiae
1359 1107 1527 1154 applicari
1548 1106 1679 1152 possint
1698 1118 1756 1153 per
1774 1118 1841 1140 mo-

205 1169 282 1204 dum
309 1167 469 1216 sitffraqii
493 1169 682 1204 animabus
709 1170 743 1203 in
774 1168 972 1215 purgatorio
998 1168 1159 1203 detentis,
1190 1166 1293 1211 (Vide
1319 1168 1355 1201 in
1385 1177 1449 1212 pag
1475 1164 1557 1209 296,
1586 1170 1667 1200 nota
1701 1167 1707 1199 t
1738 1193 1743 1199 .

325 1228 345 1248 ἕ
363 1227 419 1263 40.
447 1227 678 1264 Benedicendi
707 1227 891 1264 crucifixos
917 1238 996 1262 cum
1024 1227 1248 1272 indulgentia
1277 1226 1434 1272 plenaria
1462 1225 1565 1270 vulgo
1592 1225 1686 1259 toties
1713 1224 1842 1271 quoties

206 1292 434 1333 nuncupata:
472 1287 560 1322 idest
585 1298 602 1322 a
631 1298 852 1332 quocumque
878 1297 917 1321 ex
947 1286 1108 1321 fidelibus
1144 1285 1177 1319 in
1217 1285 1337 1320 mortis
1371 1284 1524 1330 periculo
1557 1283 1757 1318 constitutis
1790 1283 1839 1318 lu-

204 1346 346 1382 cranda.
374 1345 626 1382 Grassantibus
652 1351 767 1381 autern
796 1345 1000 1391 epidemicis
1028 1345 1078 1380 vel
1105 1344 1317 1389 contagiosis
1337 1342 1479 1385 morbis,
1498 1342 1708 1378 concedendi
1738 1347 1773 1377 ut
1801 1342 1840 1376 fi-

204 1405 298 1441 deles
324 1405 357 1440 in
381 1405 532 1452 periculo
558 1405 674 1440 mortis
700 1405 880 1440 constituti
901 1402 1147 1451 Indalqentiam
1172 1403 1360 1450 plenariam
1389 1402 1514 1438 lucrari
1546 1402 1692 1448 possint,
1710 1400 1836 1436 Christi

203 1464 357 1500 crucifixi
386 1465 576 1509 imaginem
604 1465 654 1499 vel
683 1475 819 1500 crucem
847 1463 1099 1501 deosculando:
1129 1463 1194 1503 vel,
1219 1474 1259 1498 ea
1284 1462 1480 1498 deficiente.
1510 1460 1649 1496 Ssmum
1680 1460 1750 1496 lesu
1781 1471 1840 1495 no-

205 1535 284 1560 men
311 1524 414 1560 corde
439 1524 576 1565 saltem,
603 1524 630 1558 si
658 1535 716 1559 ore
742 1534 813 1558 non
842 1523 1032 1569 potuerint,
1060 1522 1269 1557 invocando.
1301 1521 1401 1566 (Vide
1427 1521 1463 1555 in
1493 1532 1569 1567 pag.
1601 1519 1696 1556 3⁴20).

1014 1665 1034 1685 ,χ-

993 1691 1056 1711 *Χ-

323 1773 378 1808 ti.
406 1772 627 1810 Concedendi
657 1779 706 1816 ut,
730 1774 864 1820 expleto
891 1773 1016 1808 Divino
1035 1771 1157 1809 Officio
1183 1772 1264 1813 diei,
1282 1771 1439 1817 legitima
1464 1774 1694 1805 concurrente
1720 1780 1835 1804 causa.

205 1833 370 1880 privatim
396 1833 534 1869 recitari
571 1834 678 1880 possit
702 1833 904 1868 matutinum
931 1845 1004 1868 cum
1032 1832 1188 1867 laudibus
1213 1832 1280 1868 dici
1316 1831 1508 1877 sequentis,
1538 1829 1649 1865 statim
1673 1836 1747 1876 post
1774 1840 1839 1863 nie-

203 1892 334 1928 ridiem.
361 1892 585 1936 (Communis
611 1894 768 1939 quinque
794 1892 1069 1936 Formularum).

322 1989 385 2033 Ad
421 2003 459 2034 n.
494 1989 562 2032 41.
599 2015 651 2019 —
686 1988 726 2031 ln
761 1988 884 2031 huius
916 1990 1196 2031 concessionis
1240 2000 1329 2041 usu,
1363 1986 1529 2030 diversa
1567 1989 1628 2029 est
1674 1987 1734 2028 ris
1769 1987 1836 2027 tri-

206 2059 368 2104 buenda
404 2059 612 2103 clausulis.
651 2059 718 2103 llla
758 2059 967 2116 «expleto
1002 2058 1151 2101 Divino
1184 2055 1334 2102 Officio
1368 2057 1449 2101 diei
1473 2058 1701 2100 »continet
1734 2058 1837 2098 anti-

203 2134 451 2188 cipationem
488 2131 641 2174 licitam
686 2143 952 2187 vesperarum
988 2142 1081 2173 cum
1117 2129 1388 2185 completorio
1423 2130 1460 2170 in
1497 2132 1701 2184 postrema
1737 2126 1835 2169 liora

203 2207 298 2246 ante
332 2202 564 2255 meridiem,
596 2201 667 2244 sed
705 2204 873 2257 insuper
906 2213 984 2243 non
1020 2204 1081 2243 est
1118 2200 1344 2243 «conditio
1377 2197 1651 2243 essentialis»
1679 2197 1728 2240 ad
1768 2209 1835 2239 xa-

205 2273 332 2317 lidum
367 2274 646 2316 concessionis
678 2285 813 2325 usum,
837 2262 1044 2329 quamvis,
1069 2271 1215 2314 eadem
1251 2283 1329 2313 non
1360 2275 1540 2322 servata,
1566 2268 1706 2312 illicita
1730 2272 1840 2310 esset

203 2346 413 2402 sequentis
445 2344 527 2387 diei
564 2345 749 2387 recitatio
785 2345 998 2399 permissa.
1021 2342 1161 2385 Altera
1185 2341 1369 2385 clausula
1399 2341 1627 2396 «legitima
1662 2352 1833 2382 concur-

205 2420 319 2459 rente
351 2428 475 2459 causa
501 2431 519 2456 ›)
560 2415 668 2458 idem
702 2415 909 2471 significat
942 2427 990 2457 ac
1012 2429 1034 2455 «
1057 2415 1162 2456 iusta
1194 2417 1235 2456 et
1268 2411 1500 2455 rationabili
1535 2424 1673 2463 causa,
1698 2409 1835 2453 habita

204 2488 362 2530 ratione
395 2487 614 2543 gravitatis
648 2485 749 2541 legis
772 2497 793 2528 a
818 2497 898 2542 qua
932 2484 1260 2541 dispensatur»,
1283 2497 1319 2525 v.
1339 2497 1401 2540 gr.
1426 2485 1503 2525 iter
1535 2482 1835 2538 arripiendum,

203 2557 506 2600 administratio
542 2558 832 2612 poenitentiae,
866 2560 1169 2611 superventura
1214 2555 1445 2611 occupatio,
1485 2552 1630 2596 «alias
1672 2553 1834 2608 dispen-

203 2629 306 2670 satio
339 2627 461 2684 (haec
493 2629 604 2670 circa
640 2626 772 2682 legem
820 2626 1053 2682 liturgic-am
1099 2625 1399 2669 consuetudine
1434 2622 1659 2680 tirmatam)
1695 2622 1833 2666 illicita

203 2702 243 2740 et
277 2697 457 2740 invalida
493 2703 551 2741 est
575 2713 597 2739 »
637 2697 744 2755 (can.
781 2697 849 2751 84,
883 2699 908 2751 g
944 2695 999 2753 1).
1037 2722 1089 2727 —
1123 2693 1230 2749 Quia
1264 2696 1417 2739 dicitur
1455 2696 1694 2751 «privatim
1732 2696 1833 2736 reci-

203 2770 279 2810 tari
316 2758 485 2824 possit»
523 2768 650 2825 liquet
685 2769 1036 2824 interpretationis
1072 2769 1226 2810 vei-itas
1258 2766 1309 2810 de
1345 2768 1475 2823 prima
1510 2764 1709 2817 clausula,
1739 2777 1832 2807 cuin

203 2839 458 2882 concedatur
485 2854 507 2880 <‹
529 2841 664 2882 statim
696 2843 791 2896 post
824 2837 1042 2881 meridiem
1065 2854 1105 2893 »‚
1131 2839 1168 2880 in
1194 2850 1273 2894 qua
1309 2839 1551 2881 recitatione
1580 2852 1601 2876 «
1627 2836 1719 2878 licet
1754 2834 1833 2877 alia

203 2911 254 2952 sit
288 2909 442 2953 usualis
476 2909 551 2953 loci
585 2911 837 2966 supputatio,
863 2914 994 2965 potest
1017 2911 1109 2966 quis
1139 2910 1255 2965 sequi
1291 2908 1368 2952 loci
1403 2914 1566 2964 tempus
1598 2911 1666 2949 aut
1702 2904 1831 2948 locale
