1971 3261
159 150 230 183 490
564 148 647 181 Lus.
674 148 745 182 111.
772 167 784 173 -
811 148 922 183 PARS
947 148 976 182 Ι.
1005 168 1015 175 -
1043 149 1100 183 De
1125 149 1390 185 Sacramentz‘s
1574 151 1667 187 Gan.
1697 152 1790 187 1013

279 267 378 309 401.
415 269 717 312 Matrimonii
749 268 877 313 fines
909 270 1060 324 atque
1092 271 1442 325 proprietates.
1461 295 1514 300 -
1541 268 1791 314 szswffl.

156 336 437 390 lllalrimom'i,
471 338 561 379 sive
598 350 669 392 pro
704 341 942 380 contractus
975 338 1279 394 significatione
1312 341 1486 395 accepti,
1521 341 1612 382 sive
1645 339 1795 383 sorma-

158 407 251 451 liter
286 421 358 463 pro
392 411 558 450 causata
608 409 713 450 inter
760 409 893 450 virum
924 412 964 450 et
997 407 1213 451 mulierem
1266 409 1439 453 iuridica
1489 412 1794 465 coniunctione,

154 478 249 534 finis
284 480 372 520 iure
406 483 577 520 naturae
611 477 666 519 illi
702 480 948 533 assignatus
984 481 1052 536 qui
1090 483 1132 521 ut
1167 482 1369 535 posterior
1402 482 1667 523 matrimonio
1709 481 1790 524 fru-

155 550 275 591 strari
310 552 443 604 potest
479 550 515 590 in
550 547 739 604 singulis,
774 552 859 591 tum
896 552 1069 592 naturae
1107 549 1264 593 viribus
1297 551 1433 607 quoad
1468 550 1676 603 effectum,
1706 556 1790 594 tum

158 621 380 674 coniugum
421 618 631 661 voluntate
680 620 789 661 circa
839 623 956 662 actus
988 621 1058 676 qui
1092 619 1144 663 ab
1179 622 1264 676 ipsa
1300 621 1497 676 pendent,
1530 621 1601 664 sed
1637 620 1678 676 a)
1705 621 1794 679 pri-

157 689 334 739 nmrius,
367 702 414 732 eo
448 689 557 746 quod
608 691 696 732 sine
745 688 944 732 relatione
977 690 1027 733 ad
1064 689 1178 733 illum
1215 692 1336 734 {inem
1376 705 1447 746 per
1483 694 1544 735 ius
1575 692 1794 749 (implicite

157 760 299 803 saltem
349 759 519 803 volitum
557 762 595 802 in
631 765 862 815 contractu,
896 765 935 803 et
967 773 1201 817 possessum
1244 764 1281 804 in
1326 766 1434 805 statu
1480 763 1792 820 matrimoniali)

156 829 205 873 ad
241 835 356 872 actus
389 829 522 872 eidem
545 830 627 872 ·tini
662 834 779 886 aptos
811 832 974 886 concipi
1009 833 1152 887 nequit
1187 833 1439 874 matrimonii
1475 834 1704 876 institutum
1741 846 1791 876 ex

156 905 317 954 natura,
341 906 399 942 est
422 899 679 957 procreatio,
702 902 809 943 sicut
832 901 925 944 finis
945 900 1100 944 diversi
1135 915 1259 944 sexus
1284 904 1321 944 in
1346 905 1496 945 ceteris
1528 903 1791 956 animalibus,

156 977 281 1028 atque
323 970 516 1014 edueam'o
559 970 695 1027 prolis
735 984 783 1013 ex
822 973 986 1027 propria
1038 971 1216 1015 bominis
1264 976 1423 1027 natura,
1458 973 1593 1030 quoad
1642 987 1793 1030 corpus

157 1047 324 1098 propter
358 1045 446 1084 eius
480 1041 736 1085 debilitatem
761 1044 868 1085 sicut
903 1044 941 1085 in
976 1042 1297 1099 quamplurimis
1325 1043 1576 1087 animalibus
1607 1049 1790 1101 apparet,

155 1113 290 1170 quoad
328 1112 581 1156 intellectum
617 1117 656 1155 et
690 1126 827 1156 mores
860 1115 900 1156 in
934 1112 1087 1170 quibus
1120 1115 1288 1156 omnino
1320 1113 1371 1157 ab
1404 1116 1462 1157 eis
1495 1114 1619 1158 homo
1652 1115 1794 1159 distin-

155 1186 318 1240 guum-3
356 1183 397 1240 b)
432 1183 725 1234 secundarius,
748 1185 836 1226 sine
859 1197 942 1241 quo
966 1178 1276 1227 matrimonium
1315 1187 1352 1226 in
1387 1189 1496 1228 statu
1531 1187 1792 1229 innocentiae

155 1253 379 1298 subsistere
410 1258 558 1310 posset,
579 1253 649 1297 sed
677 1258 766 1309 post
802 1258 1017 1309 peccatum
1053 1256 1176 1297 etiam
1212 1254 1262 1298 ad
1296 1254 1406 1298 hunc
1439 1255 1623 1298 deservit
1657 1258 1793 1299 matri-

155 1327 340 1368 monium
376 1338 424 1367 ex
460 1336 532 1367 sua
578 1324 755 1367 naturali
806 1326 1075 1379 institutione,
1109 1330 1170 1368 est
1217 1325 1385 1381 duplex,
1420 1339 1570 1382 nempe
1601 1332 1791 1369 ‘inzctuum

156 1397 290 1438 mariti
315 1400 355 1438 et
380 1397 520 1438 uxoris
544 1394 806 1438 acliutorium
832 1397 869 1438 in
896 1395 1136 1438 domesticis
1170 1395 1294 1439 rebus
1327 1409 1376 1439 ex
1411 1399 1791 1441 communicatione

153 1479 340 1522 operum,
360 1478 466 1524 quae
500 1470 560 1509 est
595 1468 700 1508 inter
727 1468 860 1509 virum
896 1470 936 1509 et
971 1479 1158 1518 uxorem„
1182 1471 1220 1509 et
1243 1466 1474 1510 remedium
1498 1468 1789 1526 concupiscen-

157 1536 241 1579 tiae
274 1539 387 1579 iuxta
422 1542 611 1580 naturam
646 1539 868 1591 exercitae,
889 1550 940 1580 ne
964 1537 1013 1580 ad
1038 1536 1179 1580 illicita
1205 1537 1468 1594 pertrahatur
1490 1537 1594 1582 haec
1628 1544 1792 1595 praeter

155 1612 223 1650 aut
257 1612 399 1650 contra
434 1621 558 1650 sexus
592 1612 798 1653 naturam.

272 1678 299 1735 ξ
331 1680 372 1722 ⁶3.
402 1677 663 1720 Essenoales
696 1677 961 1721 matrimonii
994 1679 1175 1723 scilicet:
1211 1682 1513 1723 coniunctionis
1536 1694 1607 1723 seu
1636 1681 1788 1725 vinculi

156 1748 485 1800 matrimonialis,
510 1761 557 1791 ac
583 1749 757 1804 proinde
790 1761 869 1792 non
905 1749 1193 1794 excludendae
1227 1752 1265 1793 in
1300 1755 1538 1794 contractus
1571 1764 1787 1807 consensu,

155 1822 250 1877 quia
284 1824 379 1862 sunt
409 1819 695 1877 proprietates
729 1818 780 1863 ab
814 1833 861 1862 eo
897 1820 1194 1876 inseparabiles
1228 1824 1317 1864 iure
1361 1826 1533 1864 naturae
1566 1834 1613 1865 ac
1647 1821 1788 1865 divina

156 1891 425 1944 institutione,
449 1895 545 1932 sunt
579 1889 619 1947 a)
657 1890 942 1947 unitas‚quae
975 1903 1023 1933 ex
1062 1896 1176 1947 parte
1210 1893 1288 1934 viri
1323 1896 1464 1934 contra
1500 1891 1786 1949 polyandriam

155 1965 215 2003 est
248 1974 295 2003 ex
333 1963 475 2016 primis
510 1963 742 2017 praeceptis
790 1960 892 2017 legis
940 1966 1127 2016 naturae,
1160 1964 1256 2019 quia
1293 1962 1533 2019 polyandria
1568 1965 1789 2020 opponitur

155 2031 333 2088 quodam
370 2032 492 2074 modo
527 2034 801 2087 procreationi
837 2036 876 2074 et
911 2031 1015 2075 tollit
1048 2033 1337 2076 educationem
1380 2033 1504 2089 prolis
1536 2033 1588 2077 ob
1623 2036 1786 2077 incerti-

155 2102 340 2145 tudinem
376 2104 515 2158 patris,
550 2116 650 2158 ergo
684 2103 861 2146 adversa
896 2107 956 2145 est
991 2105 1187 2159 primario
1238 2104 1306 2146 sini
1355 2109 1474 2147 antea
1508 2104 1714 2160 explicato
1748 2107 1786 2148 in

155 2175 179 2226 ξ
217 2174 260 2226 1;
301 2175 480 2215 «unitas
506 2189 524 2213 υ
567 2186 664 2216 vero
709 2175 963 2216 matrimonii
997 2187 1046 2216 ex
1083 2179 1198 2230 parte
1243 2176 1386 2217 uxoris
1428 2179 1570 2218 contra
1619 2175 1789 2232 polyga-

156 2245 278 2286 miam
314 2257 391 2285 non
427 2248 487 2286 est
520 2257 568 2286 ex
605 2246 763 2300 primis,
786 2244 858 2287 sed
892 2258 940 2287 ex
976 2245 1170 2288 secundis
1203 2247 1435 2301 praeceptis
1468 2244 1570 2302 legis
1601 2250 1787 2300 naturae,

154 2327 202 2356 eo
225 2314 332 2370 quod
362 2313 575 2369 pluralitas
610 2327 786 2357 uxorum
822 2319 1028 2371 repugnat
1061 2319 1219 2358 tantum
1254 2315 1503 2358 secundario
1534 2318 1786 2359 matrimonii

157 2386 240 2437 tini,
265 2386 334 2441 qui
369 2389 430 2427 est
464 2385 657 2440 proprius
692 2384 929 2428 bominum:
955 2399 1004 2427 oc
1028 2385 1069 2441 b)
1094 2384 1466 2438 indissolubililas,
1489 2385 1659 2443 quae‘vi
1685 2386 1787 2443 legis

156 2460 327 2498 naturae
360 2467 407 2497 ac
441 2455 609 2497 divinae
651 2457 709 2498 sic
756 2457 879 2511 viget,
914 2460 1118 2512 quatenus
1165 2455 1249 2503 sola
1298 2458 1523 2512 coniugum
1576 2457 1786 2500 voluntate

154 2523 345 2580 abrumpi
371 2527 525 2581 nequit,
545 2537 592 2567 ac
613 2527 781 2580 insuper
807 2527 1116 2569 matrimonium
1138 2525 1366 2569 infidelium
1386 2528 1476 2568 sive
1495 2526 1676 2568 nondum
1697 2528 1787 2569 sive

157 2597 235 2637 iam
270 2599 602 2637 consummatum
639 2597 781 2651 nequit
816 2600 1015 2652 potestate
1049 2595 1161 2638 civili
1196 2595 1365 2638 dissolvi
1401 2596 1535 2652 quoad
1573 2588 1801 2638 vinculum'

156 2678 205 2708 ex
241 2667 329 2707 iure
373 2670 557 2713 naturae,
594 2667 706 2707 iuxta
750 2665 989 2709 damnatam
1024 2668 1062 2708 in
1097 2665 1264 2718 Syllabo
1300 2665 1355 2708 Pii
1390 2665 1443 2708 lx
1477 2679 1592 2722 prop.
1628 2664 1784 2709 LXVll.

161 2735 297 2778 «lure
341 2740 512 2778 naturae
557 2737 807 2778 matrimonii
857 2736 1069 2779 vinculum
1114 2749 1192 2779 non
1237 2741 1297 2779 est
1341 2735 1639 2791 indissolubile,
1672 2738 1782 2779 etin

159 2807 283 2848 variis
316 2804 479 2848 casibus
511 2805 737 2848 divortium
778 2808 944 2862 proprie
988 2807 1143 2850 dictum
1189 2809 1435 2850 auctoritate
1476 2806 1590 2850 civili
1632 2809 1783 2850 sanciri
