1971 3261
174 165 268 202 Gan.
297 163 500 201 1044-1045
741 163 826 198 ΤιΤ.
856 163 910 197 VI
938 183 949 188 -
976 161 1032 196 De
1060 163 1320 199 Matrimonio
1739 164 1806 199 537

173 283 242 327 sed
289 282 345 325 illi
389 294 479 326 eam
525 281 720 338 delegare
753 294 830 324 non
871 286 1085 337 «possunt
1128 281 1195 325 alii
1238 282 1508 332 sacerdoti»,
1549 285 1621 326 etsi
1648 285 1682 326 ei
1709 283 1807 326 dent

180 369 199 394 «
225 354 432 397 licentiam
459 357 499 396 ut
526 354 631 396 intra
667 354 768 395 lines
801 354 862 395 sui
899 354 1094 395 territorii
1121 355 1385 396 matrimonio
1418 353 1552 397 valide
1581 357 1740 397 assistat
1766 370 1803 405 n,

173 424 225 468 ob
260 426 459 468 rationem
505 426 543 466 in
589 435 725 480 praec.
760 436 850 467 can.
885 423 1124 478 indicatam,
1158 429 1197 467 et
1239 428 1300 467 est
1345 423 1534 467 limitatio
1581 424 1700 468 valde
1735 438 1802 468 no-

173 495 310 539 tanda.
336 495 402 538 Sic
437 499 573 538 manet
611 496 755 551 vigens
789 493 855 537 illa
893 493 1125 537 Declaratio
1148 496 1185 537 5.
1206 494 1355 552 Congr.
1382 494 1481 553 ΜΨ.
1508 495 1583 539 hac
1618 496 1668 539 de
1705 508 1746 539 re
1768 496 1802 540 ¹:

174 568 340 610 nomine
375 565 651 622 parochorum
682 564 1024 621 «comprehendi
1060 579 1205 609 omnes
1238 568 1307 623 qui
1342 571 1435 610 actu
1471 579 1612 610 curam
1649 569 1805 610 anima-

173 651 262 681 rum
297 642 507 685 exercent,
542 636 722 680 exclusis
757 636 1065 693 viee-parochis
1088 641 1125 680 et
1150 637 1404 693 cappellanis
1427 653 1474 685 »2
1504 638 1573 681 sed
1609 651 1629 681 e
1663 643 1805 682 contra

173 708 292 765 plene
340 709 612 752 confirmatur
662 712 840 764 potestas
889 712 1058 750 extensa
1110 721 1181 763 per
1225 707 1349 752 Decm.
1384 721 1431 752 ac
1473 707 1803 752 Declarationem

170 781 210 824 S.
244 778 394 836 Congr.
430 779 479 822 de
513 778 730 835 disciplina
766 779 1180 833 Saci·amentoruni²‚
1216 779 1314 822 dum
1353 781 1542 836 sequitur
1577 782 1613 822 in
1648 792 1806 823 canone

173 849 215 907 b)
251 855 337 892 lum
369 849 564 907 equidem
615 862 687 906 pro
737 853 911 906 utroque
961 850 1062 902 loro,
1095 848 1166 892 sed
1208 862 1301 892 «ex
1337 852 1629 893 commissione
1664 850 1802 908 (iuris)

171 921 279 964 facta
312 932 558 977 personae»
586 919 860 977 (can.197‚§
884 919 944 976 1),
976 931 1084 976 quae
1117 921 1167 962 sit
1200 919 1397 963 sacerdos
1431 921 1503 978 qui
1535 921 1804 965 nialrimom'o

169 991 399 1036 secundum
435 993 605 1035 canonis
638 990 761 1034 huius
799 993 976 1044 initium,
1010 995 1049 1034 et
1082 990 1138 1033 ad
1172 1005 1361 1034 normam,
1393 1006 1483 1034 can.
1519 995 1651 1048 1098,
1686 1007 1725 1036 η.
1759 997 1802 1043 2,

171 1062 350 1113 assistit,
384 1075 556 1119 nempe:
597 1077 616 1103 «
639 1064 671 1105 si
707 1061 849 1106 haberi
888 1061 950 1105 vel
986 1062 1091 1105 adiri
1132 1068 1308 1119 nequeat
1353 1065 1441 1106 sine
1485 1066 1602 1119 gravi
1650 1067 1804 1107 incom-

173 1134 294 1177 modo
330 1132 535 1190 parochus
571 1133 634 1177 vel
670 1130 920 1177 Ordinarius
957 1133 1019 1176 vel
1053 1133 1249 1176 sacerdos
1291 1133 1507 1190 delegatus
1550 1138 1618 1192 qui
1666 1137 1804 1178 matri-

171 1207 310 1248 monio
343 1207 535 1248 assistant
558 1220 597 1258 »,
618 1209 738 1261 prout
771 1217 820 1247 ex
854 1203 1066 1247 ordinario
1100 1206 1189 1247 iure
1223 1205 1459 1248 faciendum
1495 1210 1601 1248 esset
1634 1206 1683 1249 ad
1720 1218 1804 1249 ma-

171 1275 653 1328 trimonii·validitatem,
678 1274 718 1331 c)
745 1280 828 1317 lum
863 1274 1151 1332 confessarius
1184 1277 1242 1318 sic
1276 1275 1412 1319 dictus
1435 1289 1482 1319 eo
1506 1277 1614 1332 quod
1653 1278 1803 1319 intirmi

169 1347 473 1390 confessionem
511 1348 586 1389 rite
619 1345 749 1400 audit,
773 1344 918 1389 saltem
959 1348 995 1387 vi
1031 1348 1202 1389 canonis
1226 1346 1309 1389 882
1335 1348 1593 1403 incipientis:
1623 1363 1642 1388 ((
1668 1350 1705 1390 in
1743 1361 1806 1404 pe·

171 1416 303 1461 riculo
337 1418 482 1460 mortis
514 1429 658 1460 omnes
690 1416 990 1471 sacerdotes»,
1025 1416 1098 1459 secl
1132 1415 1214 1470 laic,
1235 1430 1356 1460 secus
1379 1430 1426 1461 ac
1449 1418 1501 1462 de
1524 1418 1614 1461 aliis
1647 1418 1803 1462 dictum

169 1493 230 1532 est
262 1501 310 1532 ac
343 1501 392 1532 ex
427 1501 513 1545 seq.
549 1487 732 1531 clausula
767 1488 1055 1542 confirmatur,
1078 1487 1119 1545 a)
1152 1501 1231 1546 pro
1265 1487 1359 1546 foro
1393 1488 1579 1542 interno,
1607 1492 1658 1532 ita
1694 1490 1802 1547 quod

125 1605 129 1613 ,
169 1558 421 1616 dispensatio
456 1558 558 1602 haec
596 1573 616 1599 (ι
641 1571 720 1601 non
748 1557 858 1601 valet
882 1572 955 1615 pro
989 1559 1076 1601 foro
1110 1563 1282 1602 externo
1310 1577 1325 1597 ι)
1355 1571 1445 1603 can.
1472 1559 1570 1614 ⁶202,
1593 1560 1620 1618 g
1646 1560 1700 1617 1),
1726 1573 1802 1604 uec

175 1645 195 1670 ι(
219 1631 407 1673 exerceri
434 1633 567 1685 potest
589 1631 712 1672 etiam
737 1631 776 1672 in
801 1629 888 1672 foro
914 1631 1075 1672 interno
1099 1629 1531 1673 extra-sacramentali
1559 1646 1577 1669 »
1605 1629 1678 1685 (il).
1699 1632 1723 1684 ξ
1742 1629 1802 1687 2),

171 1714 219 1744 eo
253 1700 360 1758 quod
396 1705 457 1744 est
491 1699 677 1744 additum
714 1702 753 1743 in
787 1712 946 1743 canone
981 1698 1025 1756 b)
1059 1699 1104 1742 in
1139 1705 1236 1743 actu
1280 1700 1607 1744 sacrmnentalz's
1645 1700 1804 1758 confes·

171 1770 304 1814 sionis
330 1776 508 1824 tantum,
539 1773 628 1814 sive
661 1773 803 1815 stricte
842 1771 1095 1828 perdurante
1133 1773 1235 1827 ipso,
1267 1773 1358 1815 sive
1400 1776 1494 1815 ante
1532 1787 1553 1812 α
1579 1785 1723 1828 preces
1754 1771 1806 1816 ab

169 1841 353 1886 Ecclesia
389 1842 592 1886 formulae
635 1841 914 1886 absolutoriae
957 1842 1220 1886 adiunctas»
1260 1842 1367 1899 (can.
1405 1842 1507 1899 885)
1542 1847 1638 1886 tunc
1673 1843 1803 1900 expli—

171 1918 296 1968 catas,
320 1925 402 1971 qua
426 1913 599 1957 formula
627 1914 841 1970 perficitur
863 1913 1177 1957 sacramentalis
1211 1914 1430 1968 confessio,
1454 1916 1543 1957 sive
1580 1918 1665 1970 post
1690 1914 1805 1957 abso-

171 1984 367 2028 lutionem
403 1984 747 2028 sacramentalem
775 1985 1024 2028 ‘immediate
1059 1987 1181 2028 unico
1214 1989 1425 2037 contextu,
1460 1987 1554 2042 quia
1593 1985 1804 2029 moraliter

169 2060 288 2099 actus
320 2055 635 2099 sacramentalis
658 2057 930 2100 confessionis
953 2061 1050 2099 tunc
1074 2056 1382 2112 dispensatione
1407 2058 1487 2098 iam
1513 2057 1626 2112 prius
1650 2058 1803 2100 intenta

169 2126 413 2184 completur,
434 2140 512 2170 non
547 2129 656 2170 enim
691 2126 845 2171 dicitur
879 2129 916 2170 in
952 2139 1111 2170 canone
1149 2142 1167 2167 c(
1194 2128 1297 2170 intra
1323 2141 1342 2167 ))
1384 2127 1613 2183 praefatum
1650 2132 1802 2170 actum.

171 2195 386 2241 Praedicta
419 2197 600 2254 denique
629 2212 649 2239 «
673 2197 867 2241 facultate
902 2197 1023 2254 pollet
1049 2198 1328 2240 confessarius
1350 2212 1391 2251 n,
1409 2199 1569 2240 etiamsi
1598 2197 1803 2253 parochus

170 2267 342 2325 physice
375 2268 479 2312 adiri
515 2272 673 2325 posset:
709 2281 805 2312 casu
844 2281 942 2311 vero
976 2281 1057 2325 quo
1081 2267 1252 2324 physice
1274 2280 1322 2311 ac
1347 2267 1558 2311 moraliter
1581 2268 1684 2311 adiri
1713 2282 1801 2325 pos-

167 2343 241 2394 set,
277 2343 401 2396 atque
433 2343 581 2395 agatur
611 2339 662 2383 de
696 2339 995 2395 impedimento
1030 2337 1209 2395 publico,
1234 2339 1283 2382 ad
1321 2338 1547 2395 pai-ochum
1586 2352 1801 2382 recurren-

168 2409 266 2453 dum
301 2415 420 2465 esset,
454 2409 600 2454 saltem
635 2410 685 2453 ad
723 2409 1035 2464 liceitaten1,ex
1071 2409 1280 2453 clausula:
1320 2415 1523 2453 «remoto
1557 2410 1752 2454 scandalo
1776 2425 1797 2450 ›>

168 2493 258 2526 can.
293 2487 443 2537 praec⁸.

290 2552 387 2595 437.
434 2555 616 2599 Eadem
663 2553 878 2599 facultas
929 2554 1252 2610 dispensandi
1300 2567 1391 2610 pro
1439 2554 1551 2599 aliis
1601 2555 1799 2598 casibus

170 2626 314 2669 extra
355 2626 528 2670 mortis
570 2625 853 2681 periculum.
888 2649 938 2654 —
976 2623 1016 2666 ln
1053 2625 1142 2667 iure
1184 2624 1448 2681 praecedenti
1483 2624 1803 2668 considerarunt

167 2691 366 2736 Doctores
408 2706 550 2737 casum
586 2696 624 2737 in
659 2707 741 2751 quo
785 2695 987 2751 angustiis
1031 2699 1321 2751 premerentur
1365 2694 1533 2751 parochi
1570 2699 1607 2738 et
1642 2695 1799 2738 conses-

168 2764 279 2815 sarii‚
315 2775 423 2821 quae
455 2776 565 2807 nunc
598 2769 781 2807 remotae
813 2769 908 2807 sunt
941 2777 1015 2821 per
1046 2770 1163 2821 seqm.
1197 2771 1316 2807 cama.
1353 2767 1485 2809 1045.
1509 2765 1536 2822 g
1561 2767 1595 2807 1.
1625 2762 1799 2807 Possunt

284 2918 296 2939 1
324 2917 369 2951 2³3
396 2917 490 2962 Apr.
515 2917 617 2952 1890.
649 2938 691 2943 -
719 2917 733 2940 ²
760 2918 803 2951 16
829 2917 938 2958 Maii,
970 2917 1013 2952 16
1040 2917 1143 2964 Aug.
1177 2918 1278 2960 1909,
1305 2918 1382 2954 CO.
1411 2918 1441 2960 Ι,
1468 2918 1538 2953 468
1565 2924 1603 2952 et
1632 2919 1711 2952 556.
