1971 3261
219 136 288 170 530
597 135 681 169 Lm.
710 134 782 168 III.
811 155 824 159 -
851 134 961 169 PARS
986 135 1016 169 I.
1046 155 1058 160 -
1084 135 1142 170 De
1167 135 1431 172 Sam-amentis
1527 137 1621 174 Can.
1650 139 1856 174 1039-1040

341 254 467 297 Valde
501 254 707 297 notandus
730 255 754 307 ἓ
776 255 819 296 2.
857 252 987 296 Vetilo
1023 254 1248 310 praedicto,
1276 255 1337 299 vel
1374 269 1446 313 per
1469 255 1585 300 Rom.
1608 256 1851 301 Pontificem

219 326 328 379 «lato,
363 323 598 368 clausulam
635 323 892 381 irritantem,
927 326 980 367 ita
1019 329 1061 367 ut
1100 327 1409 369 matrimonium
1460 329 1573 370 vetiti
1619 332 1853 385 transgres-

219 399 332 440 sione
365 399 623 439 contractum
667 396 719 438 sit
761 394 935 450 nullum,
971 408 1055 438 aaa
1089 394 1215 439 Sedes
1246 396 1488 454 Apostoliea
1531 411 1652 441 seusu
1678 412 1853 443 normae

218 466 426 524 generalis
449 468 487 509 in
513 479 602 509 can.
624 466 663 521 7,
687 464 844 508 addere
871 471 1022 524 potest,
1056 479 1163 524 quae
1199 467 1325 511 verba
1358 473 1598 525 supponunt
1632 474 1850 526 peccatum

218 551 239 580 a
276 536 616 580 contrahentibus
652 541 690 579 et
724 535 906 592 parocho
939 536 1076 580 adhuc
1111 540 1280 594 patrari.

336 607 433 651 43⁶2.
472 609 703 654 Potestas
747 609 1097 664 impedimenta
1137 610 1393 655 auferendi
1432 612 1609 657 saltem
1653 626 1742 668 per
1774 613 1851 657 di--

218 680 602 736 spensationem.
638 703 689 708 —
724 677 943 721 stabilitati
987 690 1193 721 canonum
1238 680 1534 736 impedimenta
1579 683 1850 724 statuentium

217 762 265 792 ac
298 762 442 792 eorum
478 747 770 792 observantiae
804 750 1002 804 prospicit
1034 762 1125 793 can.
1146 751 1277 792 1040.
1303 749 1725 794 PraeterRomamcm
1750 750 1851 795 Pon·

220 819 368 876 tifieem
418 833 490 876 per
536 821 734 875 seipsum,
771 818 832 862 vel
884 820 1066 863 fortassis
1114 821 1430 864 confirmantem
1483 823 1573 865 sive
1616 822 1849 866 Concilium

217 889 561 943 Oecumenicum,
595 892 684 934 sive
718 893 756 934 in
793 891 923 934 forma
957 892 1152 947 specitica
1195 904 1266 935 seu
1305 891 1542 948 specialiter
1575 899 1660 936 tum
1698 892 1846 937 Decre-

219 966 303 1005 tum
337 960 512 1004 alicuius
545 962 583 1005 S.
607 961 723 1005 Rom.
749 961 914 1018 Cong1·⁸.
939 966 1025 1005 tum
1061 961 1312 1018 particulare
1344 961 1852 1019 Conciliun],aeiizo,sive

220 1044 393 1089 persona
427 1032 596 1089 physica
620 1035 710 1076 sive
733 1032 900 1076 moralis
934 1033 1260 1077 iurisdictionem
1287 1039 1494 1091 exerceat,
1518 1034 1650 1092 (ipsae
1683 1048 1852 1093 quoque

220 1104 429 1148 Romanae
448 1103 833 1161 Congregationes),
849 1109 987 1162 potest
1004 1103 1301 1162 impedimenta
1319 1105 1428 1148 iaris
1446 1105 1734 1157 ecelesiastici,
1754 1119 1846 1150 nam

220 1177 319 1218 iuris
362 1175 492 1217 (livini
537 1188 613 1218 nec
657 1178 742 1231 ipse
783 1174 994 1219 Romanus
1029 1175 1212 1219 Pontifex
1257 1181 1495 1233 «potest»,
1530 1177 1571 1234 a)
1604 1177 1690 1220 sire
1721 1177 1851 1236 impe-

218 1245 381 1288 dientia
414 1244 455 1300 b)
485 1245 571 1288 sire
603 1244 851 1289 dirimenda
885 1246 924 1302 a)
959 1245 1165 1303 abrogare
1196 1246 1378 1291 scilicet:
1418 1260 1616 1291 canonem
1662 1247 1740 1292 hoc
1784 1248 1847 1292 vel

220 1316 318 1360 illud
353 1321 600 1360 statuentem
635 1319 911 1374 supprimere,
946 1317 989 1375 b)
1021 1322 1095 1360 aut
1128 1317 1219 1360 illis
1252 1317 1473 1376 derogare,
1503 1319 1699 1363 videlicet
1737 1332 1854 1376 prae-

220 1389 396 1431 fatorum
431 1400 636 1431 canonum
670 1387 986 1445 amplitudinem
1023 1390 1298 1446 restringere;
1344 1395 1467 1448 atque
1513 1403 1606 1447 pars
1649 1390 1750 1434 haec
1782 1403 1854 1434 ca—

220 1460 338 1502 nonis
370 1463 430 1502 est
464 1463 675 1515 perpetua.
712 1485 763 1489 —
798 1459 984 1516 Sequens
1016 1464 1154 1503 autem
1199 1460 1514 1517 exceptionibus
1557 1463 1850 1517 coniungitur:

220 1529 317 1572 item
350 1529 427 1572 hoc
460 1534 542 1573 est:
583 1544 604 1570 <c
628 1529 794 1573 Praeter
826 1529 1058 1574 Romanum
1096 1530 1350 1585 Pontificem,
1379 1536 1421 1574 ut
1453 1544 1592 1588 supra,
1629 1545 1751 1575 nemo
1786 1545 1858 1588 po·

221 1605 296 1644 test
317 1616 357 1655 »‚
393 1614 466 1643 nee
498 1600 541 1643 ia
575 1600 730 1643 eisdem
763 1600 1002 1645 alterutrius
1034 1604 1186 1658 speciei
1233 1602 1541 1659 impedimentis
1583 1602 1756 1659 singulis
1787 1601 1847 1646 da·-

157 1704 161 1708 .
218 1685 432 1729 spensare,
467 1672 574 1728 quod
611 1677 694 1715 est:
735 1687 755 1713 z(
780 1672 882 1728 legis
916 1674 953 1715 in
989 1685 1085 1716 casu
1130 1672 1298 1729 speciali
1344 1673 1590 1717 relaxatio»
1627 1677 1731 1726 (ean.
1767 1673 1853 1727 802.

221 1741 304 1785 nisi
336 1748 614 1799 congruenter
645 1745 792 1787 canoni
828 1743 882 1786 80
916 1742 956 1800 a)
990 1743 1084 1786 iare
1118 1743 1325 1787 conzmum‘
1359 1744 1488 1788 idest:
1522 1743 1685 1788 Codicis
1720 1758 1758 1786 v.
1787 1758 1846 1801 gr.

219 1814 286 1857 SS.
310 1812 475 1870 Congi··.
510 1827 582 1870 per
615 1827 794 1858 canones
829 1814 975 1868 asts
1010 1814 1048 1869 3,
1074 1814 1175 1867 ⁶249,
1200 1817 1225 1868 ἓ
1259 1815 1296 1868 2,
1320 1820 1414 1870 etc,
1451 1814 1514 1859 vel
1551 1815 1697 1859 melius
1730 1817 1855 1859 inter·

222 1884 421 1940 pretamlo
460 1887 593 1928 «iure
626 1888 837 1929 communi
861 1901 883 1926 ³>
921 1899 993 1942 per
1026 1885 1175 1942 legem,
1209 1898 1316 1943 quae
1359 1885 1552 1930 omnibus
1595 1886 1739 1930 saltem
1777 1886 1848 1930 ali-

218 1958 337 1999 cuius
370 1955 524 2013 gradus
565 1956 862 2000 iurisdictionis
905 1956 1059 2000 tribuat
1108 1960 1366 2012 potestatem,
1402 1956 1444 2013 b)
1479 1956 1542 1999 vel
1574 1955 1754 2014 speciali
1786 1956 1851 1999 in·

219 2026 352 2081 (lullo,
387 2028 424 2071 itl
460 2032 542 2071 est:
591 2029 859 2071 concessione
893 2030 1071 2084 gratiosa
1117 2029 1185 2070 uni
1222 2027 1286 2070 vel
1321 2027 1510 2084 pluribus
1544 2028 1646 2071 facta
1683 2041 1706 2070 a
1740 2026 1853 2070 Sede

219 2097 462 2155 Apostoliea
497 2098 804 2154 interpretanda
839 2097 889 2141 ad
925 2110 1112 2141 normam
1157 2103 1262 2141 cam.
1299 2098 1320 2139 ’ἲ
1354 2097 1607 2154 generalem,
1642 2096 1746 2140 haec
1775 2111 1851 2155 po·

222 2173 350 2210 [estas
384 2169 556 2212 iut·i‹lica
601 2169 883 2224 dispensandi,
917 2174 960 2211 ut
991 2181 1132 2225 supra,
1165 2182 1358 2211 comessa
1391 2168 1539 2226 faerit,
1576 2167 1641 2211 illa
1675 2167 1751 2212 sub
1785 2167 1848 2210 lit-

222 2244 307 2282 tera
342 2241 382 2294 a)
417 2252 465 2282 ex
501 2239 725 2291 ordinaria,
761 2239 863 2283 haec
895 2238 972 2283 sub
1010 2239 1145 2282 littera
1179 2238 1216 2288 b)
1249 2253 1298 2282 ex
1333 2239 1523 2295 delegata
1564 2238 1851 2282 iurisdictione

220 2310 468 2353 exercenda.
501 2309 700 2366 Exempla
737 2310 992 2353 indultorum
1032 2309 1234 2353 habemus
1269 2311 1307 2352 in
1342 2308 1454 2353 Dec³.
1488 2309 1528 2353 S.
1561 2307 1711 2365 Congr.
1746 2308 1849 2353 Con-

219 2380 436 2424 sistorialis
461 2381 488 2435 ¹,
524 2380 675 2438 quibus
714 2381 975 2424 «facultates
1008 2378 1244 2425 Ordinariis
1276 2392 1493 2424 concessas
1532 2379 1669 2423 adhuc
1705 2382 1742 2423 in
1774 2393 1851 2423 suo

223 2450 369 2494 robore
403 2465 673 2508 perseverare
697 2454 838 2509 eisque
861 2448 1108 2496 Ordinarios
1142 2453 1199 2494 uti
1235 2464 1351 2503 posse
1386 2464 1516 2508 usque
1550 2451 1599 2494 ad
1635 2464 1704 2494 sex
1741 2464 1849 2494 men-

220 2534 285 2564 ses
320 2524 500 2578 integros
533 2521 600 2578 (ad
637 2534 825 2565 normam
865 2534 954 2566 can.
991 2521 1059 2576 34,
1091 2521 1118 2577 ξ
1152 2522 1190 2577 3,
1225 2520 1283 2576 1⁰,
1319 2520 1375 2576 ⁶2⁰,
1412 2520 1474 2578 3⁰)
1512 2526 1599 2578 post
1643 2523 1848 2577 signatam

222 2594 328 2635 inter
372 2594 570 2648 nationes,
615 2605 721 2650 quae
767 2592 872 2636 bello
915 2592 1233 2645 contenderunt,
1268 2603 1410 2648 pacem
1438 2607 1478 2646 ›>,
1510 2604 1590 2634 non
1637 2594 1714 2634 iam
1760 2596 1850 2648 post

224 2665 409 2719 vigorem
445 2663 629 2706 eiusdem
666 2666 852 2719 signatae
887 2665 1012 2720 pacis,
1045 2663 1235 2707 decrevit
1268 2662 1357 2707 ead.
1381 2663 1421 2706 S.
1445 2661 1642 2718 Congr.².
1673 2662 1773 2705 Item
1809 2664 1848 2704 iu

223 2888 276 2922 XI
322 2841 422 2921 :5025
449 2841 541 2885 Apr.
570 2847 610 2875 et
636 2842 657 2874 2
683 2843 784 2886 Aug.
814 2842 914 2876 1918.
946 2841 1022 2876 CO.
1052 2840 1191 2882 X·190‚
1215 2840 1297 2877 363.
1323 2861 1368 2865 —
1399 2841 1413 2863 ‘2
1437 2842 1460 2875 4
1486 2840 1601 2874 Mart.
1635 2840 1738 2883 1919,
1769 2839 1847 2874 CO.

1931 3037 1971 3261 t
