1971 3261
148 150 242 186 Can.
269 150 338 186 881
685 151 770 185 Τιτ.
799 151 863 185 IV.
883 172 895 176 -
916 151 972 186 De
1000 153 1240 187 Poenitenticz
1710 155 1781 187 233

141 267 318 315 Superiori
357 279 398 303 ac
427 268 688 314 poenitentibus
716 269 823 304 latere
863 275 1023 314 nequeat.
1055 269 1121 305 Sed
1150 270 1290 316 qnando
1318 271 1400 306 baec
1425 271 1629 317 approbatio
1657 284 1781 306 conce-

141 328 324 364 deudasit
340 328 384 363 ab
400 325 590 363 Ordinatio
618 327 680 362 loci
709 328 766 362 ubi
795 328 1031 363 confessiones
1059 329 1262 371 audiuntur,
1289 341 1328 365 co
1354 330 1443 375 quod
1467 330 1547 365 baet-
1576 331 1706 365 auditio
1729 336 1778 365 cst

142 398 196 423 res
222 386 458 422 communiter
486 386 636 432 publiea.
669 386 768 421 facile
806 387 1024 431 dignoscitur
1050 388 1092 422 al»
1124 387 1299 434 Episcopo.
1327 394 1431 434 atque
1465 389 1679 434 poenitentes
1709 401 1774 423 mo-

143 445 261 482 raliter
286 445 369 480 certi
399 445 487 480 fiunt
513 445 555 480 de
581 445 723 480 obtenta
763 446 1002 481 iurisdictione
1029 447 1072 481 ab
1102 447 1300 482 huiusmodi
1341 448 1515 483 sacerdote
1552 448 1775 483 confessario.

262 504 287 539 E
313 514 575 540 converso-non
603 508 691 539 esset
722 504 833 539 facilis
871 505 959 540 scitu
989 517 1048 551 pro
1077 507 1300 547 confessario,
1329 507 1355 540 si
1388 508 1546 552 penderet
1575 507 1782 553 approbatio

144 563 189 600 ab
215 561 404 599 Ordinario
445 563 669 609 poenitentiS‚
700 573 761 598 nec
790 574 850 609 pro
890 564 1088 609 poenitente
1115 566 1140 598 si
1172 566 1335 610 penderet
1361 565 1405 600 ab
1433 564 1620 600 Ordinario
1647 566 1779 601 confes-

145 623 225 658 sarii
256 622 398 657 forsitan
428 621 618 667 incognito⁷
648 626 680 656 et
706 621 850 657 absente
877 633 895 657 a
925 622 995 657 loco
1023 623 1079 657 ubi
1110 624 1282 658 consessio
1311 624 1505 669 peragenda
1533 624 1592 665 sit;
1628 624 1781 669 exceptis

145 681 304 728 parochis
331 686 488 727 respectu
519 680 824 727 parochianorum.
856 703 898 706 -
926 680 1035 716 ltem:
1081 680 1258 717 Ordinarii
1289 683 1349 717 loci
1378 688 1426 718 est
1458 694 1577 717 curare
1606 688 1639 718 ut
1667 683 1778 718 admi-

142 740 304 775 nistratio
330 751 508 775 sacrorum
537 739 572 774 in
603 739 752 774 Dioeccsi
782 740 846 774 ritc
873 741 1066 775 secundum
1096 754 1142 775 ss.
1174 752 1326 777 canones
1355 742 1423 777 liat.

265 824 362 867 20¹5.
399 825 692 870 Commissio
726 825 1078 870 iurisdictionis
1110 839 1141 869 a
1174 827 1278 870 iure
1308 840 1397 882 pro
1427 829 1708 882 poenitente
1732 829 1779 871 in

144 897 354 941 articulo
393 897 581 940 mortis.
603 920 660 924 —
683 893 807 938 Cone.
841 893 985 939 Trid.¹
1032 898 1156 938 ait:...
1198 912 1214 935 (t
1241 896 1307 938 Pie
1345 896 1585 945 admodum,
1621 910 1669 939 ne
1705 896 1779 939 liuc

144 968 230 1022 ipsa
264 968 482 1009 occasione
517 964 833 1022 (reservationis
868 979 1015 1021 nempe
1051 967 1243 1023 casuum)
1277 966 1428 1023 aliquis
1458 972 1609 1022 pereat,
1646 970 1681 1009 in
1718 980 1783 1010 ea-

145 1036 239 1080 dem
267 1035 450 1080 Ecclesia
475 1035 548 1080 Dei
584 1035 836 1079 custoditum
861 1049 1028 1092 semper
1062 1037 1147 1084 t'uit,
1185 1042 1227 1079 ut
1260 1037 1369 1079 nulla
1404 1039 1452 1079 sit
1489 1040 1714 1080 rosei-xant)
1740 1040 1778 1079 in

145 1107 320 1150 articulo
355 1109 522 1161 mortis3
558 1111 684 1164 atque
720 1106 812 1149 ideo
844 1120 989 1149 omnes
1022 1107 1261 1150 sacerdotes
1294 1108 1497 1165 ‹pioslibet
1526 1110 1783 1164 poenitentes

145 1190 165 1221 a
201 1177 421 1235 quibusvis
468 1180 649 1234 peccatis
682 1182 722 1220 et
753 1179 941 1220 censuris
987 1177 1205 1221 absolvere
1242 1183 1467 1234 possunt».
1501 1177 1673 1220 Tantum
1709 1179 1778 1221 ad—

147 1253 308 1292 vertere
341 1252 502 1305 oportet
536 1250 572 1290 in
611 1249 795 1304 praefato
829 1252 945 1290 textu
979 1248 1215 1304 expeditam
1260 1252 1499 1303 potestatem
1537 1247 1779 1291 absolvendi

146 1318 314 1362 attribui
349 1321 462 1362 omni
496 1319 726 1374 sacerdoti3
776 1332 876 1374 ergo
911 1321 1034 1362 etiam
1083 1319 1304 1373 sacerdoti,
1340 1321 1408 1376 qui
1445 1331 1669 1375 numquam
1707 1319 1783 1361 fuit

146 1389 414 1447 approbatus,
448 1391 572 1433 etiam
608 1389 828 1446 irregulari
866 1388 929 1432 vel
964 1403 1180 1446 suspenso,
1215 1394 1253 1432 et
1287 1389 1455 1433 cuilibet
1490 1390 1570 1433 alii.
1609 1389 1735 1431 lmmo
1759 1402 1780 1431 a

145 1461 183 1505 S.
208 1459 251 1506 C.
277 1460 363 1519 lnq.
399 1474 642 1518 responsum
671 1459 803 1504 fuit2:
845 1459 971 1503 «Non
1007 1465 1099 1503 sunt
1137 1461 1392 1517 inquietandi
1428 1462 1495 1517 qui
1538 1465 1674 1503 tenent
1712 1472 1779 1503 va-

146 1531 271 1576 lidam
307 1545 396 1576 esse
429 1531 731 1575 absolutionem
768 1534 807 1574 in
843 1531 1019 1575 articulo
1057 1534 1201 1575 mortis
1239 1544 1475 1575 concessam
1512 1543 1530 1574 a
1567 1531 1783 1574 sacerdote

148 1616 226 1646 non
262 1602 504 1660 approbato,
542 1605 665 1646 etiam
701 1603 868 1660 quando
904 1602 1023 1646 facile
1069 1603 1267 1646 advocari
1301 1616 1370 1645 seu
1407 1602 1550 1645 adesse
1587 1604 1782 1657 potuisset

145 1673 341 1717 sacerdos
373 1672 645 1730 approbatus3
680 1686 757 1717 nec
791 1675 860 1731 qui
896 1677 1035 1717 tenent
1079 1673 1257 1717 validam
1283 1687 1372 1716 esse
1405 1673 1704 1716 absolutionem
1743 1675 1780 1714 in

146 1744 294 1788 eodem
327 1744 503 1788 articulo
553 1746 697 1787 mortis
729 1757 968 1788 concessam
1004 1758 1024 1787 a
1063 1747 1243 1801 peccatis
1288 1746 1523 1792 reservatis,
1564 1746 1652 1786 sive
1685 1745 1780 1785 sim-

147 1814 323 1872 pliciter,
357 1817 448 1859 sive
481 1829 574 1859 cum
609 1828 801 1869 censura,
837 1829 909 1872 per
952 1815 1211 1859 sacerdotem
1249 1829 1325 1858 non
1361 1814 1581 1858 habentem
1619 1814 1781 1857 iurisdi-

145 1888 324 1931 ctionem
362 1889 399 1929 in
435 1891 661 1941 reservata,
698 1889 860 1930 etiamsi
905 1887 1103 1930 advocari
1137 1900 1208 1930 seu
1244 1886 1388 1930 adesse
1433 1886 1549 1928 tacite
1586 1887 1784 1941 ptuituisset.

146 1957 341 2001 sacerdos
376 1956 533 2001 habens
566 1958 821 2015 praedictam
860 1958 1190 2001 iurisdictionem
1213 1973 1251 1999 ».

264 2052 447 2088 Rationem
487 2052 716 2097 theologicam
747 2052 942 2098 praedictae
986 2052 1115 2098 praxis
1145 2062 1250 2097 quam
1291 2050 1450 2086 meminit
1489 2050 1688 2096 approbans
1718 2048 1781 2084 tiit.

147 2112 246 2148 Rom.
262 2113 289 2156 3,
317 2111 417 2148 affert
437 2111 475 2146 t).
498 2111 675 2147 Thomas⁴
704 2112 759 2146 his
787 2111 922 2147 verbis:
957 2111 1135 2157 «quilibet
1162 2110 1321 2146 sacerdos
1341 2114 1512 2155 quantum
1533 2109 1638 2144 estde
1658 2108 1785 2143 virtute

145 2170 297 2207 clavium
323 2170 553 2215 (ministerii),
583 2170 688 2206 habet
715 2175 919 2217 potestatem
949 2169 1110 2215 (ordinis)
1141 2168 1380 2204 indifferenter
1407 2169 1440 2202 in
1470 2178 1603 2207 omnes,
1622 2172 1653 2203 et
1672 2179 1782 2212 quan-

145 2235 220 2266 tum
246 2230 289 2266 ad
316 2230 436 2266 omnia
464 2235 623 2276 peccata;
652 2229 712 2265 sed
739 2228 840 2275 quod
860 2240 929 2264 non
959 2229 1063 2274 possit
1092 2239 1213 2263 omnes
1239 2227 1283 2262 ab
1310 2228 1475 2263 omnibus
1494 2227 1641 2273 peccatis
1670 2226 1782 2261 absol-

146 2300 238 2327 vere,
276 2289 340 2325 hoc
365 2293 417 2325 est
443 2288 527 2335 quia
553 2300 612 2335 per
638 2289 898 2324 ordinationem
938 2287 1109 2323 Ecclesiae
1137 2287 1241 2322 habet
1276 2286 1551 2321 iurisdictionem
1582 2286 1781 2329 limitatam,

147 2348 198 2385 vel
226 2348 372 2384 omnino
408 2348 544 2384 nullam
572 2348 687 2384 habet.
729 2347 796 2384 Sed
824 2348 907 2393 quia
933 2347 1121 2382 necessitas
1158 2346 1267 2390 legem
1296 2357 1365 2381 non
1396 2345 1511 2385 habet,
1543 2345 1617 2380 ideo
1644 2344 1785 2390 quando

147 2408 366 2444 necessitatis
391 2407 559 2443 articulus
586 2407 762 2448 imminet,
792 2418 852 2453 per
879 2406 1050 2442 Ecclesiae
1075 2405 1331 2440 ordinationem
1361 2408 1463 2450 (quac
1491 2404 1599 2439 tendit
1629 2404 1662 2438 in
1690 2404 1782 2439 acdi-

148 2466 357 2509 ficationem,
384 2473 454 2502 non
483 2467 518 2501 in
546 2466 837 2509 destructionem)
866 2476 935 2501 non
965 2464 1154 2511 impeditur
1181 2463 1264 2510 quin
1294 2463 1472 2498 absolvere
1502 2463 1619 2508 possit.
1649 2473 1686 2498 ex
1715 2474 1784 2507 quo

146 2525 251 2561 habet
276 2525 391 2561 claves
410 2525 642 2569 (ministerii),
662 2525 767 2560 etiam
789 2523 1101 2560 sacramentaliter.
1125 2528 1157 2559 et
1184 2527 1321 2558 tantum
1342 2522 1567 2567 consequitur
1587 2521 1784 2567 (poenitens

145 2589 230 2620 tune
256 2584 438 2630 temporis)
464 2595 504 2620 ex
530 2584 750 2620 absolutione
775 2584 918 2619 alterius
950 2582 1145 2628 {cuiuslibet
1171 2581 1388 2625 sacerdotis),
1426 2581 1513 2615 sicut
1542 2581 1568 2614 si
1597 2591 1615 2615 a
1645 2581 1783 2626 proprio

147 2643 205 2683 (ob
233 2643 526 2688 iurisdictionem)
554 2643 734 2679 sacerdote
760 2643 1009 2679 absolveretur.
1044 2641 1110 2677 Nec
1137 2641 1248 2676 solum
1276 2652 1296 2676 a
1325 2640 1474 2687 peccatis
1501 2645 1584 2675 tunc
1614 2644 1722 2685 potest
1763 2651 1780 2674 a

146 2701 301 2747 quolibet
338 2703 514 2738 sacerdote
536 2702 682 2745 absolvi,
722 2702 780 2737 sed
808 2702 913 2737 etiam
940 2701 983 2736 ab
1019 2699 1394 2743 excommunicatione,
1434 2710 1452 2734 a
1489 2709 1708 2744 quocumque.
1735 2699 1777 2732 sit

147 2759 229 2804 lata,
258 2761 341 2807 quia
366 2761 450 2797 haec
477 2761 650 2797 absolutio
677 2761 781 2796 etiam
809 2760 852 2796 ad
881 2759 1158 2795 iurisdictionem
1196 2758 1343 2805 pertinet
1374 2762 1407 2801 (a
1434 2758 1570 2793 Christo
1601 2758 1716 2792 datam
1747 2757 1780 2791 in

263 2856 276 2878 1
313 2855 352 2891 C.
380 2856 401 2891 7
428 2867 522 2891 sess.
552 2856 658 2891 XIV.
685 2876 730 2881 -—
756 2856 770 2878 2
803 2856 849 2889 29
876 2855 950 2889 Iul.
983 2854 1086 2888 1891.
1129 2874 1171 2878 —
1211 2853 1224 2875 3
1260 2853 1338 2887 Tit.
1369 2852 1441 2890 ΙΙΙ,
1471 2852 1509 2886 C.
1542 2854 1566 2890 Ι,
1595 2864 1632 2885 n.
1664 2853 1695 2884 1.
1738 2871 1781 2875 ——

144 2903 159 2925 4
188 2902 324 2948 Suppl.
354 2915 389 2948 q.
418 2903 526 2947 VIII,
555 2915 588 2937 a.
619 2903 652 2937 6.
