1971 3261
111 144 205 180 can.
234 141 439 179 1063-1064
625 141 708 175 T1'r.
740 141 825 175 VII.
856 161 868 167 -
895 141 952 176 De
979 141 1238 175 Matrimonia
1676 138 1745 172 5⁴33

112 261 229 306 civili
262 261 442 315 iubente,
476 273 556 303 non
593 265 820 316 spontanea
859 260 1084 313 voluntate,
1120 258 1165 316 b)
1198 258 1395 315 eoniayes
1429 272 1471 301 se
1494 258 1649 301 sistant
1673 272 1745 314 per

112 335 272 390 seipsos
303 331 431 374 etiam
466 330 593 374 idest:
643 336 737 373 aute
790 330 851 374 vet
904 330 1050 373 melius
1085 334 1173 386 post
1212 330 1568 372 «matrimonium
1603 340 1742 371 coram

114 403 296 447 Ecclesia
316 418 358 457 »,
390 415 532 445 coram
553 401 747 444 ministro
771 400 1022 455 acatholico,
1040 403 1099 444 sic
1124 400 1234 443 dicto
1258 402 1354 457 quia
1378 404 1493 443 extra
1517 398 1743 442 Ecclesiam

112 473 358 518 catholicam
393 477 455 516 est
487 471 632 515 saltem
670 477 838 528 propter
873 471 1076 515 haeresim
1116 470 1177 514 vel
1202 470 1397 525 schisma,
1422 472 1552 513 sacris
1575 471 1744 512 forsitan

112 544 293 597 addicto,
325 543 396 587 sed
432 542 473 599 c)
505 542 706 600 officialis
739 542 877 585 eit-ilis
903 547 1064 584 mutum
1090 554 1260 584 munere
1283 541 1332 584 ad
1360 540 1468 584 hunc
1491 545 1628 584 actum
1652 539 1746 598 fan-

109 620 233 673 yeme
264 614 308 672 d)
345 613 470 672 idque
501 615 700 669 coniuges
735 617 932 670 peragant
959 612 1034 656 hac
1057 612 1143 655 sola
1169 614 1416 655 intentione:
1449 610 1505 654 acl
1527 616 1665 653 actam
1690 611 1745 653 ei-

114 684 248 739 rilem,
283 684 407 728 idest:
454 686 510 727 uti
555 686 685 737 cives,
729 683 954 727 simularat
996 681 1260 740 eoeplemlwn,
1301 687 1343 725 ut
1375 683 1623 737 supponitur
1656 681 1746 738 elle-

112 761 251 799 ctuum
284 755 473 798 civilium
505 754 717 798 obtinendi
749 755 896 811 qratia
932 756 1044 797 iuxta
1083 755 1447 810 «competentiam
1472 752 1608 796 civilis
1633 757 1743 808 pote-

113 828 267 870 statis»
306 828 562 882 recognitam
599 828 637 868 in
672 838 762 870 can.
804 825 925 868 1016.

232 897 329 940 459.
370 898 601 943 Officium
651 898 1023 943 Ordinatiorum
1071 897 1289 941 locorum
1334 898 1382 940 et
1415 896 1743 951 parochorum

112 970 278 1025 quoad
297 970 610 1014 matrimonia
627 969 798 1014 mixta.
819 993 870 997 —
894 965 1043 1011 bened.
1064 964 1152 1009 XlV
1179 967 1216 1008 in
1241 964 1284 1008 C.
1314 980 1334 1005 «
1354 964 1525 1020 Magnae
1545 964 1662 1008 nobis
1684 980 1705 1004 »
1731 965 1743 986 ¹

112 1039 236 1082 tradit
261 1039 371 1082 illam
398 1038 607 1082 licentiam
631 1037 870 1082 celebrandi
899 1038 1160 1081 matrimonia
1196 1038 1322 1079 mixta
1357 1048 1435 1078 nou
1470 1035 1642 1078 concedi
1668 1037 1743 1078 nisi

118 1125 136 1150 <‹
162 1109 238 1153 hac
272 1122 468 1166 expressa
495 1109 587 1166 lege
610 1123 681 1153 seu
706 1108 943 1153 conditione
976 1107 1151 1156 adiecta,
1178 1108 1373 1149 nimirum
1408 1105 1597 1149 abiurata
1634 1108 1747 1161 prius

114 1179 332 1223 haeresi».
367 1178 456 1222 Hoc
480 1182 518 1222 in
544 1179 643 1222 illud
670 1178 835 1222 taudem
862 1177 1022 1232 recidit,
1042 1177 1152 1234 quod
1177 1176 1430 1232 dispensatio
1449 1174 1501 1219 ab
1525 1175 1601 1219 hoc
1621 1178 1746 1231 impe-

113 1249 297 1293 dimento
331 1263 410 1292 nou
445 1248 768 1293 concedebatur.
803 1248 960 1291 Deinde
996 1260 1093 1290 vero
1128 1247 1278 1290 Bened.
1315 1244 1404 1289 xlv
1438 1245 1577 1289 subdit
1602 1245 1676 1289 has
1701 1246 1745 1287 li·

111 1322 268 1364 centias
300 1322 388 1363 sine
423 1319 490 1364 illa
524 1320 761 1364 conditione
795 1319 912 1363 datas
944 1319 1082 1369 fuisse,
1115 1318 1187 1361 sed
1223 1318 1478 1368 rarissimas;
1513 1317 1744 1374 etquidem

113 1391 333 1449 plerasque
367 1403 511 1434 earum
557 1404 630 1447 pro
674 1391 951 1433 matrimoniis
994 1391 1101 1432 inter
1143 1401 1361 1445 supremos
1406 1387 1617 1443 Principes
1650 1400 1746 1430 con-

116 1462 342 1516 trahendis,
379 1475 454 1506 nec
488 1464 564 1505 nisi
599 1463 848 1518 gravissima
882 1465 1058 1518 urgente
1102 1472 1226 1504 causa
1270 1472 1402 1517 eaque
1446 1460 1496 1502 ad
1533 1458 1746 1515 publicum
1786 1503 1791 1507 ,

111 1533 261 1578 bonum
297 1535 572 1590 pertinente...
606 1532 739 1576 Hodie
771 1531 958 1576 Ecclesia
992 1531 1041 1574 ad
1078 1532 1235 1574 maiora
1281 1529 1386 1573 mala
1437 1530 1615 1581 vitanda,
1650 1542 1746 1573 sua-

110 1605 233 1649 dente
268 1605 501 1662 prudentia,
535 1603 761 1648 faciliorem
796 1617 839 1647 se
875 1602 1046 1660 praebet
1079 1604 1119 1645 in
1155 1604 1308 1645 mixtae
1345 1600 1558 1657 religionis
1581 1601 1746 1657 dispen-

111 1678 282 1731 satione,
319 1675 414 1719 licet
446 1677 576 1718 iuvita
611 1674 688 1718 hoc
723 1676 859 1729 t'aciat,
895 1678 937 1717 ut
972 1677 1081 1730 patet
1115 1686 1165 1716 ex
1200 1686 1291 1714 can.
1340 1673 1473 1714 1064.
1522 1670 1748 1715 Ordinarii

116 1747 390 1791 «locorum»
429 1745 540 1802 (can.
575 1746 672 1801 198,
707 1747 731 1799 g
766 1745 809 1802 2)
849 1744 1010 1802 aliique
1052 1744 1295 1787 animarum
1339 1748 1550 1801 pastores,
1598 1756 1669 1786 seu
1706 1748 1748 1786 ut

112 1818 265 1862 dicitur
298 1829 442 1862 curam
476 1819 711 1861 animarum
747 1816 948 1860 habentes
981 1828 1029 1859 ex
1065 1816 1225 1859 officio:
1250 1839 1306 1845 —
1330 1814 1385 1859 11³
1421 1812 1588 1857 Fideles
1622 1814 1749 1857 laicos

113 1891 330 1946 utriusque
363 1902 488 1933 sexus
521 1902 547 1931 a
579 1887 726 1931 mimis
760 1887 922 1944 nuptiis
971 1885 1022 1930 ob
1073 1886 1333 1943 praedictum
1386 1885 1748 1941 impedimentum,

112 1965 315 2018 quantum
355 1964 531 2017 possunt
575 1961 689 2003 iuxta
732 1957 992 2015 singulorum
1029 1960 1139 2001 vires
1171 1956 1245 2001 zeli
1279 1969 1327 2000 ac
1361 1956 1622 2013 prudentiae,
1656 1955 1747 1999 abs-

112 2036 301 2074 terreant
335 2030 499 2087 publice
521 2035 592 2074 aut
616 2032 813 2087 privatim
846 2029 1078 2074 secundum
1116 2030 1469 2082 circumstantias,
1504 2028 1747 2071 instruendo

112 2101 203 2146 illos
235 2102 286 2145 de
319 2102 482 2145 damnis
514 2114 622 2159 quae
655 2103 847 2145 oriuntur
879 2114 928 2144 ex
966 2102 1105 2143 mixtis
1138 2100 1306 2156 nuptiis,
1342 2101 1590 2155 tempestive
1631 2111 1749 2142 aver-

112 2172 238 2216 tendo
273 2174 446 2215 iuvenes
478 2171 530 2216 ab
562 2184 705 2215 amore
749 2171 928 2215 t'ovendo
971 2183 1069 2226 erga
1113 2168 1380 2214 acatholicos.
1419 2196 1474 2204 —-
1510 2169 1602 2212 Post
1646 2168 1749 2213 haec

114 2243 176 2286 2⁰
211 2243 257 2287 Si
288 2257 360 2286 eas
392 2243 560 2299 supple:
598 2245 747 2286 mixtas
781 2244 947 2299 nuptias
980 2240 1186 2299 impedire
1220 2253 1301 2283 non
1337 2239 1516 2292 valeant,
1549 2239 1747 2283 adhibitis

114 2313 349 2371 usquedum
392 2313 618 2370 prudenter
659 2315 711 2357 sit
755 2313 990 2357 faciendum
1037 2310 1409 2366 exhortationibus,
1452 2310 1566 2353 omni
1607 2310 1749 2353 stadio

114 2389 273 2440 carent,
306 2384 384 2428 hoc
418 2386 498 2428 iam
534 2386 796 2428 intendentes
830 2397 880 2426 ne
912 2388 1061 2426 eontra
1096 2381 1174 2425 Det·
1206 2384 1463 2438 (proximum
1491 2383 1751 2425 incurrentes

114 2457 395 2512 pei-versionis
414 2454 665 2512 periculum)
689 2461 729 2498 et
746 2453 964 2498 Ecclesiae
986 2453 1097 2511 [eyes
1116 2453 1167 2496 de
1191 2452 1414 2496 obtinenda
1440 2452 1750 2508 dispensatione

119 2531 158 2570 et
191 2527 242 2570 de
276 2539 355 2570 non
390 2526 582 2570 adeundo
616 2528 804 2570 ministro
838 2525 1069 2570 acatholico
1103 2524 1153 2568 ad
1188 2536 1376 2567 normam
1413 2523 1750 2579 praecedentium

117 2597 294 2640 duorum
328 2609 551 2652 canonum,
583 2596 907 2651 contrahantur,
941 2596 1088 2652 supple
1123 2594 1217 2638 illae
1250 2596 1432 2651 nuptiae.

233 2667 318 2712 Nec
350 2669 456 2712 sistit
488 2681 561 2725 per
593 2672 853 2712 contractum
904 2666 1253 2710 matrimonialem
1303 2666 1484 2709 officium
1538 2670 1747 2721 pastorum

116 2738 252 2796 quoad
287 2737 389 2782 haec
422 2740 631 2795 coniugia,
663 2751 757 2782 nam
791 2739 856 2782 3.⁰
890 2736 1042 2781 Jlioetis
1076 2736 1236 2795 ineptiis
1269 2734 1502 2790 celebratis,
1538 2735 1647 2779 licite
1681 2739 1751 2777 aut

238 2891 250 2912 1
277 2890 322 2925 29
348 2890 435 2926 Iun.
463 2890 567 2926 1748.
