1971 3261
124 125 194 159 236
521 123 606 157 LIB.
634 123 706 157 III.
737 142 748 148 -
776 122 886 156 PARS
915 122 946 156 I.
975 142 987 148 -
1013 121 1071 157 De
1095 122 1361 157 Sacramentz's
1568 121 1661 165 Gan,
1688 121 1761 157 883

246 243 344 288 206.
362 244 653 290 Commissio
671 243 1022 287 iurisdictionis
1040 255 1071 287 a
1088 243 1193 287 iure
1214 244 1307 287 sub
1321 242 1510 287 itineris
1527 243 1758 287 maritimi

128 316 424 361 conditione.
449 339 501 343 —
526 311 683 355 Memor
720 313 785 367 pia
820 315 954 354 mater
985 310 1171 355 Ecclesia
1203 313 1403 368 scriptum
1439 324 1527 354 esse
1562 313 1600 354 in
1635 310 1759 355 Conc.

127 383 237 427 Trid.
258 384 297 428 ²:
336 383 447 426 «Est
480 386 617 426 autem
653 381 730 424 hoc
763 386 1070 425 sacramentum
1106 383 1386 438 poenitentiae
1409 382 1534 438 lapsis
1567 385 1656 438 post
1690 380 1761 425 ba-

128 457 323 511 ptismum
374 454 423 497 ad
459 453 634 496 salutem
670 453 967 504 necessarium,
1017 457 1060 495 nt
1096 453 1279 496 nondum
1332 454 1586 509 regeneratis
1627 454 1761 508 ipsum

129 525 438 581 baptismum»,
474 528 514 566 et
548 522 818 566 considerans
851 521 997 566 nullibi
1033 524 1157 566 fuisse
1192 526 1229 565 111
1266 524 1418 567 Codice
1452 522 1648 566 tributam
1683 520 1762 567 Or·

127 596 299 638 dinariis
334 593 664 637 iurisdictionem
702 595 739 635 in
774 605 918 649 naves,
968 593 1078 636 unde
1112 607 1185 650 pro
1219 593 1515 649 navigantibus
1550 595 1760 650 poeniten-

129 665 235 709 tibus
270 665 568 708 insufficienter
603 665 817 720 provisum
852 664 955 706 toret
991 666 1028 706 111
1065 664 1270 720 1110666115,
1296 677 1347 707 ss.
1381 664 1623 719 canonibus,
1657 664 1765 708 delc-

127 740 262 792 gatam
297 747 318 778 a
354 737 442 778 iure
493 733 837 777 sacramentalem
889 734 1218 777 iurisdictionem
1253 735 1417 777 confert
1456 736 1493 777 111
1530 748 1620 777 can.
1655 735 1763 785 833,

126 808 244 850 cuius
267 808 291 860 ξ
315 808 336 848 1
372 807 500 848 refert
533 805 747 848 decretum
781 805 819 848 S.
855 802 897 848 C.
932 804 1214 861 Inquisitionis
1257 804 1531 861 approbatum
1567 817 1587 848 a
1624 804 1692 848 Pio
1725 804 1762 847 X

126 877 191 920 die
227 877 279 919 ⁶24
315 876 490 932 Augusti
528 876 664 929 19053
703 875 924 919 videlicet:
967 874 1215 918 Sacerdotes
1250 889 1391 918 omnes
1425 874 1465 932 a)
1500 874 1763 918 maritimum

128 947 208 990 iter
241 946 511 1005 arripientes,
548 946 716 1002 longum
742 950 811 989 aut
837 945 965 989 breve
989 951 1029 989 et
1052 959 1319 1003 quocumque
1354 948 1527 1000 motivo,
1563 946 1673 990 licite
1696 945 1762 989 vel

128 1018 280 1073 illicite,
317 1017 501 1074 qualibet
534 1030 582 1060 ex
619 1029 757 1070 causa,
802 1015 1024 1059 dummodo
1060 1015 1101 1073 b)
1136 1016 1390 1060 disiunctivo
1435 1015 1497 1059 rel
1530 1030 1555 1058 a
1586 1016 1764 1074 proprio

131 1087 380 1136 Ordinario‚
418 1090 576 1131 ratione
608 1087 807 1131 domicilii
843 1088 980 1130 forsan
1017 1089 1164 1130 retenti
1186 1086 1249 1130 vel
1270 1087 1610 1144 quasi-domicilii
1636 1099 1657 1130 a
1681 1100 1763 1145 quo

126 1159 325 1203 alterutro
345 1172 423 1201 non
446 1163 604 1202 retento
631 1158 774 1202 ultimo
799 1158 1015 1213 recedunt,
1034 1162 1104 1201 aut
1125 1158 1392 1214 perdurantis
1412 1158 1764 1209 incardinationis,

127 1232 277 1273 omissa
312 1232 420 1273 enim
447 1234 507 1272 est
540 1229 723 1273 clausula
749 1231 818 1272 cit.
855 1228 976 1273 l)ec.:
1017 1244 1037 1269 ((
1062 1242 1110 1271 ex
1137 1230 1256 1272 cuius
1289 1228 1467 1272 dioecesi
1501 1228 1760 1271 discedunt»

129 1300 260 1358 (iuxta
298 1300 392 1344 Dec.
427 1300 615 1343 eiusdem
639 1298 803 1356 Congr⁸.
831 1299 853 1342 4
879 1299 986 1356 Aug.
1017 1300 1164 1353 1900),
1197 1303 1237 1342 et
1260 1301 1291 1342 si
1317 1304 1464 1356 agatur
1482 1299 1533 1342 de
1557 1298 1765 1355 religioso,

128 1368 377 1415 Oi·‹linai·i11s
427 1370 681 1427 intelligatur
715 1370 793 1414 loci
827 1370 896 1413 ubi
930 1372 1006 1413 sita
1041 1375 1102 1413 est
1150 1369 1344 1426 religiosa
1382 1370 1530 1413 domus
1562 1369 1611 1413 ad
1647 1371 1767 1413 cuius

126 1441 324 1485 familiam
361 1441 505 1484 ultimo
541 1440 785 1497 pertinebat,
813 1440 873 1483 cel
905 1440 955 1483 ab
983 1439 1218 1483 Ordinario
1244 1440 1336 1497 (etsi
1362 1454 1441 1483 non
1469 1442 1633 1497 proprio
1657 1442 1763 1497 ipso-

127 1512 239 1569 rum)
269 1517 419 1569 portus
444 1512 487 1554 in
511 1525 589 1569 quo
614 1511 754 1554 navim
788 1513 921 1568 primo
957 1511 1051 1554 inde
1084 1510 1258 1554 solutam
1298 1512 1429 1567 (iuxta
1453 1510 1550 1554 Dec.
1576 1511 1762 1554 eiusdem

126 1581 276 1639 Congr.
316 1584 364 1626 17
401 1582 533 1625 Martii
572 1582 703 1639 1869)
742 1582 803 1625 vel
838 1581 1007 1626 aliunde
1040 1584 1079 1624 111
1117 1581 1229 1624 11111111
1265 1581 1540 1638 appellentem
1577 1595 1765 1625 conscen-

126 1653 231 1696 dunt
266 1656 357 1710 ipsi,
393 1653 453 1696 vel
486 1653 613 1696 etiam
647 1652 696 1695 ab
734 1652 968 1696 Ordinario
1016 1652 1200 1695 cuiusvis
1230 1657 1381 1710 portus
1419 1652 1645 1707 interiecti,
1678 1665 1761 1710 quo

127 1726 248 1768 navis
281 1724 539 1780 ingrediatur
572 1726 646 1767 etsi
683 1736 829 1780 parum
862 1725 979 1767 sistat
1013 1722 1076 1766 vel
1113 1736 1206 1778 non,
1243 1736 1337 1766 nam
1362 1723 1514 1766 dicitur
1534 1737 1611 1781 per
1643 1737 1762 1781 quem

127 1799 289 1851 portum
326 1794 369 1837 in
402 1794 556 1837 itinere
590 1800 825 1844 transeunt,
873 1793 1124 1852 facultatem
1163 1794 1299 1837 adhuc
1350 1797 1558 1850 vigentem
1593 1794 1759 1852 quando

132 1866 494 1909 «conscendunt»
532 1865 616 1908 rite
648 1865 885 1922 acceperint
920 1864 1203 1923 confessiones
1237 1864 1455 1920 aiulz'emtt,
1489 1866 1538 1909 ad
1573 1877 1762 1908 normam

129 1936 320 1980 videlicet
354 1950 561 1980 canonum
595 1936 951 1993 praecedentium,
1000 1949 1076 1979 nec
1110 1937 1233 1979 refert
1266 1948 1446 1993 quanam
1481 1939 1680 1993 temporis
1714 1936 1758 1980 li·

128 2009 340 2051 mitatione
375 2007 440 2051 illa
478 2008 601 2050 fuerit
633 2019 846 2061 concessa,
881 2020 902 2050 6
935 2012 1077 2050 contra
1114 2012 1211 2063 puto
1245 2007 1540 2051 attendendam
1577 2012 1760 2051 coarcta-

126 2083 207 2121 tam
244 2080 401 2121 ratione
424 2092 548 2121 sexus
582 2082 841 2134 potestatem,
871 2083 1050 2135 possunt
1077 2080 1113 2120 vi
1140 2077 1262 2121 liuius
1295 2080 1465 2121 canonis
1489 2091 1538 2121 ex
1564 2090 1759 2121 concessa

131 2149 467 2192 «iurisdictionis
502 2153 701 2205 potestate
737 2151 973 2206 requisita»
1009 2147 1117 2205 (can.
1155 2149 1275 2206 872),
1309 2151 1344 2203 c)
1380 2154 1463 2192 toto
1497 2148 1651 2191 itinere
1676 2161 1760 2191 ma·

126 2222 263 2263 ritimo
297 2233 440 2263 eorum
489 2220 678 2275 durante,
714 2219 758 2276 d)
794 2217 1073 2277 quorumlibet
1106 2218 1293 2275 fidelium
1341 2222 1465 2262 etiam
1501 2218 1757 2275 regularium

127 2296 415 2347 exemptorum
445 2304 492 2334 ac
517 2290 806 2347 religiosarum
830 2304 967 2334 secum
990 2290 1285 2348 naciqantiuin
1316 2289 1599 2348 consessiones
1622 2290 1759 2348 quoad

127 2361 405 2405 conditionem
457 2364 774 2418 poenitentium,
807 2362 878 2405 sed
913 2361 1047 2419 quoad
1098 2361 1232 2405 locum
1268 2361 1308 2418 c)
1342 2361 1387 2404 in
1420 2361 1518 2404 navi
1550 2361 1760 2419 excipere,

127 2444 174 2475 ac
208 2445 257 2475 ne
283 2437 418 2488 posset
440 2435 634 2490 cuiquam
661 2432 863 2489 obrepere
887 2431 1074 2487 dubium,
1099 2431 1356 2475 subinfertur
1379 2431 1586 2476 clausula:
1612 2445 1758 2489 quain—

129 2502 187 2545 cis
212 2502 330 2545 navis
353 2502 397 2545 iu
421 2502 574 2546 itinere
608 2508 798 2546 transeat
821 2502 884 2546 vel
906 2502 1034 2545 etiam
1057 2501 1312 2560 aliquandiu
1348 2516 1391 2559 v.=
1410 2516 1470 2559 gr.
1507 2515 1579 2558 per
1602 2501 1760 2559 aliquot

127 2574 214 2617 dies
248 2574 429 2616 fortassis
479 2578 646 2630 propter
681 2575 963 2630 reparationes
1001 2573 1206 2616 consistat
1241 2573 1374 2616 variis
1406 2573 1449 2616 in
1483 2572 1585 2617 locis
1618 2571 1758 2615 di'ver-

126 2657 268 2687 sorum
304 2642 634 2686 Ordinarioruin
668 2643 960 2687 iurisdictioni
991 2643 1200 2691 subiectis,
1249 2644 1417 2701 quando
1450 2657 1598 2700 nempe
1625 2648 1758 2700 posset

128 2716 267 2771 urgeri
302 2727 391 2758 can.
429 2714 525 2766 874,
549 2715 576 2772 g
604 2715 639 2763 t,
663 2719 732 2757 aut
765 2714 915 2772 aliquis
949 2727 998 2757 ex
1033 2727 1148 2772 seqq.

244 2868 255 2889 1
276 2867 366 2912 Cap.
393 2868 426 2906 2,
457 2878 550 2900 sess.
580 2866 675 2900 XIV
702 2867 757 2900 De
788 2867 1049 2901 Poenitentia.
