1971 3261
111 97 206 133 Gan.
233 93 435 131 1086-1087
618 93 701 126 TIT.
733 91 819 127 VII.
850 112 862 118 -
889 91 945 127 De
972 91 1232 126 Matrimonio
1676 88 1746 121 609

120 232 141 258 «
167 214 477 258 matrimonium
505 224 582 254 non
609 212 703 254 facit
724 227 744 250 n
783 210 832 253 ad
859 222 1046 253 normam
1081 221 1171 253 can.
1202 208 1304 250 1081
1345 207 1619 264 aliorumque,
1644 219 1748 264 quos

117 291 208 344 post
240 284 355 327 illum
388 295 436 326 ac
469 295 564 326 cum
599 281 666 324 illo
698 295 842 324 sumus
875 282 1156 324 commentati.

237 355 334 398 486.
371 356 421 399 ln
455 366 700 398 consensu
734 352 1082 397 matrimoniali
1116 353 1181 396 ob
1216 352 1312 395 vim
1346 351 1422 395 vel
1457 352 1635 395 metum
1669 350 1749 394 de-

116 429 278 474 fectus
310 423 446 482 quoad
481 422 716 466 faciendum
755 424 1063 465 matrimonium
1100 421 1370 477 perpenditur
1399 432 1446 463 ac
1473 419 1750 476 undequaque

119 497 423 543 determinatur
457 496 494 536 in
530 495 765 537 ean.1087
800 492 877 536 sub
910 496 934 544 ᾖ
959 495 992 535 1.
1029 490 1280 542 Invalidmn,
1313 503 1385 534 seu
1420 503 1499 533 uon
1524 490 1678 533 sactum
1712 493 1752 532 et

121 568 316 613 additur:
351 578 513 624 quoque
546 569 736 621 respectu
770 564 819 607 ad
858 568 1063 620 postrema
1101 561 1227 605 vei-ba
1261 567 1366 605 can·.
1391 566 1542 618 praec³.
1577 565 1637 603 es!
1670 573 1754 602 ma-

123 637 369 683 trimom‘um
404 649 476 693 pro
510 637 802 679 coniunctione
837 633 1029 689 mai-itali,
1056 637 1196 689 utpote
1230 632 1396 688 im'lum,
1431 632 1507 675 hoc
1530 637 1589 675 est
1616 643 1755 687 proce-

122 711 227 754 dens
249 721 271 752 a
297 705 591 751 matrimoniali
615 710 830 749 contractu
855 704 1065 766 celebrato
1088 703 1134 747 ob
1158 703 1237 746 vim
1264 702 1325 746 vel
1348 708 1515 755 metum,
1540 701 1752 745 videlicet:

122 794 174 832 ex
209 779 255 823 D.
288 778 362 822 Th.
397 778 410 800 ¹
465 776 663 833 «duplex
715 781 776 819 est
807 778 966 820 coactio
1018 774 1081 819 vel
1121 774 1314 817 violentia
1351 773 1502 830 (idestz
1554 771 1756 829 impulsus

123 852 347 895 exterioris
382 860 532 892 causae
551 837 826 891 ad‘actionem
862 848 1093 902 oppositam
1128 846 1314 888 interiori
1350 843 1603 887 inclinationi
1633 855 1757 900 agen-

127 924 211 979 tis).
243 920 332 965 Una
365 932 472 976 quae
508 920 605 962 facit
639 919 926 961 necessitatem
961 915 1206 964 absolutam,
1242 920 1281 958 et
1314 914 1394 958 tale
1432 914 1659 957 violentum
1698 912 1757 956 di-

125 996 236 1038 citur
269 1004 290 1035 a
326 989 596 1046 Philosopho;
636 988 863 1032 violentum
899 986 1158 1043 simpliciter,
1194 991 1236 1029 ut
1269 999 1362 1029 cum
1399 987 1492 1042 quis
1515 984 1641 1028 alium
1676 996 1763 1028 cor-

129 1063 326 1121 poraliter
360 1060 534 1118 impellit
569 1060 619 1103 ad
656 1064 827 1114 motum,
850 1060 907 1114 (v.
933 1072 995 1115 gr.
1029 1057 1177 1101 Titiam
1213 1058 1509 1112 interrogatam
1533 1067 1555 1098 a
1580 1053 1761 1111 parocho

126 1135 181 1179 de
216 1136 363 1177 marito
396 1131 641 1188 accipiendo
691 1129 862 1187 physice
898 1128 1118 1186 impulsam
1168 1127 1217 1171 ad
1268 1129 1415 1184 capitis
1463 1126 1760 1170 affirmativum

126 1206 327 1263 signum).
365 1202 454 1247 Alia
477 1214 584 1260 quae
609 1203 707 1245 facit
740 1200 1065 1245 conditionatam
1101 1200 1407 1251 necessitatem,
1431 1202 1470 1241 et
1502 1196 1609 1240 lianc
1645 1201 1764 1240 vocat

129 1274 403 1332 Philosophus
440 1273 666 1316 violentum
704 1274 895 1321 mixtum,
928 1273 1034 1314 sicut
1068 1283 1162 1313 cum
1197 1271 1289 1327 quis
1323 1270 1485 1325 proiicit
1530 1280 1691 1310 merces
1724 1269 1762 1309 in

132 1360 259 1401 mare,
296 1359 345 1389 ne
380 1344 668 1401 periclitetur:
704 1347 742 1386 et
777 1345 816 1385 in
852 1345 927 1385 isto
965 1341 1161 1395 violento,
1194 1342 1388 1397 quamvis
1431 1338 1509 1382 hoc
1553 1338 1661 1396 quod
1706 1338 1765 1391 fn,

130 1431 211 1461 non
243 1419 295 1461 sit
330 1430 400 1474 per
434 1428 478 1460 se
511 1414 788 1458 volontarium
825 1412 949 1470 (idest
982 1411 1210 1455 secundum
1236 1424 1279 1454 sc
1303 1423 1383 1453 non
1409 1409 1603 1466 placeat),
1627 1414 1765 1452 tamen

129 1487 404 1533 consideratis
437 1486 778 1538 circumstantiis,
812 1483 879 1527 hic
912 1488 950 1527 et
996 1496 1105 1526 nunc
1142 1481 1422 1525 voluntarium
1467 1484 1540 1524 est.
1589 1479 1637 1523 Et
1671 1481 1767 1536 quia

130 1563 250 1604 actus
284 1560 322 1601 in
359 1554 683 1614 particularibus
714 1559 808 1598 sunt
833 1554 1024 1610 (nempez
1062 1554 1197 1596 vestiti
1232 1551 1465 1596 actualibus
1498 1553 1768 1595 circumstan-

135 1629 236 1687 tiis),
270 1629 363 1673 ideo
395 1628 641 1685 simpliciter
673 1626 764 1683 (seu
800 1624 967 1682 revera)
1005 1623 1286 1667 voluntarium
1325 1627 1386 1666 θεῖ
1427 1622 1553 1680 (quod
1589 1622 1663 1669 nr,
1697 1621 1767 1664 sed

134 1701 368 1746 secundum
411 1699 510 1757 quid
555 1697 907 1741 involuntarium:
957 1696 1066 1739 unde
1114 1695 1217 1739 haec
1253 1693 1462 1748 violentia,
1501 1692 1564 1737 vel
1611 1695 1770 1736 coactio

138 1776 272 1829 potest
304 1783 394 1814 esse
427 1773 466 1813 in
500 1781 720 1820 consensu,
743 1769 814 1825 qui
847 1771 907 1810 est
941 1771 1058 1810 actus
1083 1765 1319 1819 voluntatis,
1350 1777 1428 1807 non
1463 1765 1773 1820 autemprima

138 1842 301 1900 (utpote
333 1853 510 1885 causans
541 1837 906 1894 involuntarium).
938 1836 988 1880 Et
1011 1838 1107 1894 quia
1130 1835 1233 1879 haec
1267 1837 1426 1879 coactio
1454 1832 1772 1891 (conditionata)

140 1914 186 1956 tit
217 1926 266 1956 ex
292 1911 385 1964 hoc,
409 1910 518 1969 quod
552 1912 723 1953 timetur
755 1907 921 1965 aliquod
948 1906 1179 1964 periculum
1214 1908 1449 1959 imminens,
1476 1905 1568 1948 ideo
1602 1906 1677 1948 ista
1713 1906 1774 1947 vis

140 1984 250 2028 idem
286 1988 347 2026 θεῖ
369 1981 478 2040 quod
514 1985 662 2030 metus,
686 1982 754 2037 qui
783 1979 1036 2022 voluntatem
1063 1979 1173 2033 cogit
1197 1975 1520 2033 quodaminodo,
1545 1975 1616 2018 sed
1641 1976 1774 2032 prima

143 2057 207 2098 vis
237 2054 390 2098 cadit...
428 2055 466 2096 in
501 2050 790 2108 corporalibus
823 2049 999 2094 actibus.
1046 2048 1095 2092 Et
1138 2050 1233 2105 quia
1269 2046 1480 2104 legislator
1527 2059 1606 2090 non
1641 2048 1774 2089 consi-

140 2127 261 2171 derat
292 2124 425 2169 solum
476 2126 695 2168 interiores
726 2126 857 2175 actus,
889 2121 960 2164 sed
998 2122 1129 2176 magis
1171 2121 1414 2173 exteriores,
1448 2118 1539 2161 idco
1584 2130 1656 2174 per
1691 2119 1774 2160 vim

144 2196 339 2253 intelligit
372 2197 631 2240 coactionem
664 2193 922 2249 simpliciter,
957 2196 1125 2248 propter
1156 2190 1267 2248 quod
1304 2192 1387 2232 vim
1431 2193 1574 2233 contra
1620 2192 1774 2232 metum

143 2268 341 2313 dividit...
374 2266 446 2310 Est
478 2271 616 2310 autem
654 2269 787 2308 metus
836 2266 948 2306 iuxta
984 2262 1246 2318 lurisperitos
1284 2262 1519 2304 «instantis
1554 2258 1617 2302 vel
1652 2259 1776 2302 futuri

145 2338 319 2396 periculi
353 2349 478 2382 causa
513 2338 662 2380 mentis
695 2334 979 2392 trepidatio».

266 2408 461 2453 Attamen
497 2407 626 2451 vei-bo
655 2410 855 2449 «metum
880 2420 902 2444 ›>
936 2416 1066 2447 canon
1100 2402 1215 2447 addit
1245 2416 1430 2460 manem,
1454 2414 1560 2459 quae
1583 2402 1783 2457 gravitas,

146 2493 245 2524 cum
280 2484 506 2524 tractemus
529 2479 580 2522 dc
603 2480 729 2522 animi
763 2476 995 2529 affectione,
1022 2474 1197 2531 pendeat
1222 2487 1390 2517 necesse
1414 2477 1488 2526 est,
1509 2478 1594 2515 tum
1629 2483 1651 2514 a
1677 2470 1782 2514 malo

146 2550 259 2610 quod
295 2552 484 2594 imminet
516 2551 555 2592 in
589 2562 649 2604 se,
673 2547 737 2591 rel
769 2551 958 2603 respectu
993 2546 1101 2589 idem
1139 2546 1311 2601 passuri,
1339 2549 1423 2587 tum
1448 2556 1469 2587 a
1494 2540 1784 2600 probabilitate

146 2620 410 2679 apprehensa
433 2621 543 2678 quod
569 2619 669 2663 illud
694 2618 849 2662 malum
874 2622 999 2674 queat
1022 2617 1207 2669 evenire,
1230 2617 1319 2658 sive
1343 2613 1630 2658 consideretur
1661 2624 1784 2655 causa

150 2695 281 2750 ipsius
314 2691 529 2748 infligendi
551 2694 642 2735 sive
667 2691 859 2747 propriae
894 2687 992 2731 illud
1027 2688 1259 2743 suscepturi
1288 2688 1396 2729 vires
1428 2685 1477 2728 ad
1503 2683 1786 2734 evadendum,

273 2848 284 2870 1
311 2848 333 2881 4
362 2845 472 2881 Sene.
503 2845 607 2879 Dist.
635 2842 788 2887 XXIX,
817 2854 853 2887 q.
883 2841 914 2885 Ι7
943 2846 1017 2876 art.
1046 2843 1077 2875 1.
1106 2852 1136 2875 c.

240 2925 338 2954 BLAT
361 2940 379 2946 -
406 2924 529 2964 Cpmm.
556 2923 642 2952 Text.
668 2922 744 2951 Cod.
768 2903 842 2949 Ῐιιν.
867 2920 949 2949 Can.
1667 2914 1705 2943 35·
