<?xml version="1.0" encoding="UTF-8"?>
<!DOCTYPE html PUBLIC "-//W3C//DTD XHTML 1.0 Transitional//EN"
    "http://www.w3.org/TR/xhtml1/DTD/xhtml1-transitional.dtd">
<html xmlns="http://www.w3.org/1999/xhtml" xml:lang="en" lang="en">
 <head>
  <title>
</title>
<meta http-equiv="Content-Type" content="text/html;charset=utf-8" />
  <meta name='ocr-system' content='tesseract 3.04.00' />
  <meta name='ocr-capabilities' content='ocr_page ocr_carea ocr_par ocr_line ocrx_word'/>
</head>
<body>
  <div class='ocr_page' id='page_1' title='image "./p1commentariumte03blatuoft_0320.png"; bbox 0 0 1971 3261; ppageno 0'>
   <div class='ocr_carea' id='block_1_1' title="bbox 184 120 1820 177">
    <p class='ocr_par' dir='ltr' id='par_1_1' title="bbox 184 120 1820 177">
     <span class='ocr_line' id='line_1_1' title="bbox 184 120 1820 177; baseline -0.004 -14"><span class='ocrx_word' id='word_1_1' title='bbox 184 128 254 163; x_wconf 83' lang='lat'><strong>306</strong></span> <span class='ocrx_word' id='word_1_2' title='bbox 312 174 315 177; x_wconf 16' lang='lat' dir='ltr'>y</span> <span class='ocrx_word' id='word_1_3' title='bbox 579 125 664 159; x_wconf 83' lang='lat' dir='ltr'>LIB.</span> <span class='ocrx_word' id='word_1_4' title='bbox 693 124 765 158; x_wconf 90' lang='lat' dir='ltr'>III.</span> <span class='ocrx_word' id='word_1_5' title='bbox 795 143 806 149; x_wconf 93' lang='lat'>-</span> <span class='ocrx_word' id='word_1_6' title='bbox 835 123 946 159; x_wconf 78' lang='lat' dir='ltr'>PARS</span> <span class='ocrx_word' id='word_1_7' title='bbox 970 123 1002 158; x_wconf 92' lang='grc' dir='ltr'><strong>Ι.</strong></span> <span class='ocrx_word' id='word_1_8' title='bbox 1030 143 1043 148; x_wconf 96' lang='grc'>-</span> <span class='ocrx_word' id='word_1_9' title='bbox 1070 122 1126 158; x_wconf 85' lang='lat' dir='ltr'><strong>De</strong></span> <span class='ocrx_word' id='word_1_10' title='bbox 1155 122 1422 157; x_wconf 65' lang='lat' dir='ltr'><strong>&amp;aeramentis</strong></span> <span class='ocrx_word' id='word_1_11' title='bbox 1628 120 1722 156; x_wconf 77' lang='lat' dir='ltr'><strong>Can.</strong></span> <span class='ocrx_word' id='word_1_12' title='bbox 1747 121 1820 156; x_wconf 79' lang='lat'><strong>916</strong></span> 
     </span>
    </p>
   </div>
   <div class='ocr_carea' id='block_1_2' title="bbox 237 183 1816 191">
    <p class='ocr_par' dir='ltr' id='par_1_2' title="bbox 237 183 1816 191">
     <span class='ocr_line' id='line_1_2' title="bbox 237 183 1816 191; baseline 0 0"><span class='ocrx_word' id='word_1_13' title='bbox 237 183 1816 191; x_wconf 95' lang='lat' dir='ltr'><strong> </strong></span> 
     </span>
    </p>
   </div>
   <div class='ocr_carea' id='block_1_3' title="bbox 182 239 1868 2703">
    <p class='ocr_par' dir='ltr' id='par_1_3' title="bbox 184 239 1820 820">
     <span class='ocr_line' id='line_1_3' title="bbox 184 239 1818 291; baseline -0.005 -9"><span class='ocrx_word' id='word_1_14' title='bbox 184 247 283 282; x_wconf 89' lang='lat' dir='ltr'><strong>altari</strong></span> <span class='ocrx_word' id='word_1_15' title='bbox 313 246 390 289; x_wconf 79' lang='lat' dir='ltr'><strong>fixo,</strong></span> <span class='ocrx_word' id='word_1_16' title='bbox 419 245 509 291; x_wconf 87' lang='lat' dir='ltr'><strong>quod</strong></span> <span class='ocrx_word' id='word_1_17' title='bbox 550 243 694 290; x_wconf 82' lang='lat' dir='ltr'>proinde</span> <span class='ocrx_word' id='word_1_18' title='bbox 731 243 800 278; x_wconf 90' lang='lat' dir='ltr'><strong>alio</strong></span> <span class='ocrx_word' id='word_1_19' title='bbox 837 246 1037 278; x_wconf 84' lang='lat' dir='ltr'><strong>consecrato</strong></span> <span class='ocrx_word' id='word_1_20' title='bbox 1075 241 1189 288; x_wconf 86' lang='lat' dir='ltr'><strong>lapide</strong></span> <span class='ocrx_word' id='word_1_21' title='bbox 1215 240 1393 287; x_wconf 91' lang='lat' dir='ltr'><strong>imposito,</strong></span> <span class='ocrx_word' id='word_1_22' title='bbox 1423 240 1644 286; x_wconf 84' lang='lat' dir='ltr'><strong>privilegium</strong></span> <span class='ocrx_word' id='word_1_23' title='bbox 1671 239 1818 275; x_wconf 89' lang='lat' dir='ltr'><strong>minime</strong></span> 
     </span>
     <span class='ocr_line' id='line_1_4' title="bbox 184 299 1815 349; baseline -0.006 -7"><span class='ocrx_word' id='word_1_24' title='bbox 184 304 445 342; x_wconf 59' lang='lat' dir='ltr'><strong>amitteretP....</strong></span> <span class='ocrx_word' id='word_1_25' title='bbox 475 302 714 349; x_wconf 69' lang='lat' dir='ltr'><strong>respondit...</strong></span> <span class='ocrx_word' id='word_1_26' title='bbox 749 301 1030 336; x_wconf 81' lang='lat' dir='ltr'><strong>Affirmative...:</strong></span> <span class='ocrx_word' id='word_1_27' title='bbox 1059 300 1238 336; x_wconf 85' lang='lat' dir='ltr'><strong>videlicet:</strong></span> <span class='ocrx_word' id='word_1_28' title='bbox 1268 299 1488 346; x_wconf 81' lang='lat' dir='ltr'><strong>privilegium</strong></span> <span class='ocrx_word' id='word_1_29' title='bbox 1524 299 1567 335; x_wconf 91' lang='lat' dir='ltr'><strong>de</strong></span> <span class='ocrx_word' id='word_1_30' title='bbox 1600 310 1668 344; x_wconf 88' lang='lat' dir='ltr'><strong>quo</strong></span> <span class='ocrx_word' id='word_1_31' title='bbox 1696 309 1815 344; x_wconf 62' lang='lat' dir='ltr'><strong>supra.</strong></span> 
     </span>
     <span class='ocr_line' id='line_1_5' title="bbox 184 357 1816 404; baseline -0.005 -4"><span class='ocrx_word' id='word_1_32' title='bbox 184 365 304 400; x_wconf 89' lang='lat' dir='ltr'><strong>datum</strong></span> <span class='ocrx_word' id='word_1_33' title='bbox 331 369 381 399; x_wconf 90' lang='lat' dir='ltr'><strong>est</strong></span> <span class='ocrx_word' id='word_1_34' title='bbox 408 362 508 398; x_wconf 86' lang='lat' dir='ltr'><strong>altari</strong></span> <span class='ocrx_word' id='word_1_35' title='bbox 537 361 785 402; x_wconf 88' lang='lat' dir='ltr'><strong>determinato,</strong></span> <span class='ocrx_word' id='word_1_36' title='bbox 805 365 838 396; x_wconf 88' lang='lat' dir='ltr'><strong>et</strong></span> <span class='ocrx_word' id='word_1_37' title='bbox 856 361 893 395; x_wconf 92' lang='lat' dir='ltr'><strong>in</strong></span> <span class='ocrx_word' id='word_1_38' title='bbox 913 360 1080 396; x_wconf 81' lang='lat' dir='ltr'><strong>bonorem</strong></span> <span class='ocrx_word' id='word_1_39' title='bbox 1107 359 1256 395; x_wconf 89' lang='lat' dir='ltr'><strong>alicuius</strong></span> <span class='ocrx_word' id='word_1_40' title='bbox 1282 357 1401 394; x_wconf 80' lang='lat' dir='ltr'><strong>Sancti</strong></span> <span class='ocrx_word' id='word_1_41' title='bbox 1429 357 1626 404; x_wconf 78' lang='lat' dir='ltr'><strong>specialiter</strong></span> <span class='ocrx_word' id='word_1_42' title='bbox 1651 358 1764 393; x_wconf 85' lang='lat' dir='ltr'><strong>dicato</strong></span> <span class='ocrx_word' id='word_1_43' title='bbox 1783 371 1816 392; x_wconf 83' lang='lat'><strong>».</strong></span> 
     </span>
     <span class='ocr_line' id='line_1_6' title="bbox 185 416 1817 467; baseline -0.005 -9"><span class='ocrx_word' id='word_1_44' title='bbox 185 422 283 466; x_wconf 84' lang='lat' dir='ltr'><strong>Quod</strong></span> <span class='ocrx_word' id='word_1_45' title='bbox 314 422 391 457; x_wconf 86' lang='lat' dir='ltr'><strong>Dec.</strong></span> <span class='ocrx_word' id='word_1_46' title='bbox 423 425 518 467; x_wconf 88' lang='lat' dir='ltr'><strong>patet</strong></span> <span class='ocrx_word' id='word_1_47' title='bbox 544 419 698 466; x_wconf 90' lang='lat' dir='ltr'><strong>amplius</strong></span> <span class='ocrx_word' id='word_1_48' title='bbox 725 430 765 455; x_wconf 87' lang='lat' dir='ltr'><strong>ex</strong></span> <span class='ocrx_word' id='word_1_49' title='bbox 791 419 900 455; x_wconf 90' lang='lat' dir='ltr'><strong>altero</strong></span> <span class='ocrx_word' id='word_1_50' title='bbox 933 419 1089 454; x_wconf 89' lang='lat' dir='ltr'><strong>eiusdem</strong></span> <span class='ocrx_word' id='word_1_51' title='bbox 1116 417 1152 454; x_wconf 87' lang='lat' dir='ltr'><strong>S.</strong></span> <span class='ocrx_word' id='word_1_52' title='bbox 1181 416 1312 463; x_wconf 87' lang='lat' dir='ltr'><strong>Congr.</strong></span> <span class='ocrx_word' id='word_1_53' title='bbox 1331 418 1364 451; x_wconf 83' lang='lat'><strong>1:</strong></span> <span class='ocrx_word' id='word_1_54' title='bbox 1399 431 1413 449; x_wconf 87' lang='lat'>«</span> <span class='ocrx_word' id='word_1_55' title='bbox 1433 417 1458 452; x_wconf 94' lang='lat' dir='ltr'><strong>l.</strong></span> <span class='ocrx_word' id='word_1_56' title='bbox 1487 417 1541 452; x_wconf 83' lang='lat' dir='ltr'><strong>An</strong></span> <span class='ocrx_word' id='word_1_57' title='bbox 1569 416 1659 463; x_wconf 86' lang='lat' dir='ltr'><strong>lapis</strong></span> <span class='ocrx_word' id='word_1_58' title='bbox 1684 416 1817 462; x_wconf 89' lang='lat' dir='ltr'><strong>simpli-</strong></span> 
     </span>
     <span class='ocr_line' id='line_1_7' title="bbox 184 475 1819 525; baseline -0.004 -9"><span class='ocrx_word' id='word_1_59' title='bbox 184 482 268 517; x_wconf 74' lang='lat' dir='ltr'><strong>citer</strong></span> <span class='ocrx_word' id='word_1_60' title='bbox 296 485 532 521; x_wconf 68' lang='lat' dir='ltr'><strong>consecratm,</strong></span> <span class='ocrx_word' id='word_1_61' title='bbox 562 490 665 525; x_wconf 85' lang='lat' dir='ltr'><strong>quem</strong></span> <span class='ocrx_word' id='word_1_62' title='bbox 694 479 804 514; x_wconf 87' lang='lat' dir='ltr'><strong>altare</strong></span> <span class='ocrx_word' id='word_1_63' title='bbox 832 478 990 524; x_wconf 83' lang='lat' dir='ltr'><strong>portatile</strong></span> <span class='ocrx_word' id='word_1_64' title='bbox 1016 488 1076 513; x_wconf 85' lang='lat' dir='ltr'><strong>seu</strong></span> <span class='ocrx_word' id='word_1_65' title='bbox 1102 477 1268 512; x_wconf 88' lang='lat' dir='ltr'><strong>viaticum</strong></span> <span class='ocrx_word' id='word_1_66' title='bbox 1295 481 1433 519; x_wconf 88' lang='lat' dir='ltr'><strong>vocant,</strong></span> <span class='ocrx_word' id='word_1_67' title='bbox 1459 475 1637 522; x_wconf 88' lang='lat' dir='ltr'><strong>privilegio</strong></span> <span class='ocrx_word' id='word_1_68' title='bbox 1669 475 1819 520; x_wconf 83' lang='lat' dir='ltr'><strong>gaudere</strong></span> 
     </span>
     <span class='ocr_line' id='line_1_8' title="bbox 186 534 1816 586; baseline -0.003 -11"><span class='ocrx_word' id='word_1_69' title='bbox 186 540 324 586; x_wconf 74' lang='lat' dir='ltr'><strong>possit?</strong></span> <span class='ocrx_word' id='word_1_70' title='bbox 344 539 438 574; x_wconf 89' lang='lat' dir='ltr'><strong>—ll.</strong></span> <span class='ocrx_word' id='word_1_71' title='bbox 470 538 572 573; x_wconf 83' lang='lat' dir='ltr'>Estne</span> <span class='ocrx_word' id='word_1_72' title='bbox 599 538 836 573; x_wconf 87' lang='lat' dir='ltr'><strong>necessarium</strong></span> <span class='ocrx_word' id='word_1_73' title='bbox 864 541 901 572; x_wconf 89' lang='lat' dir='ltr'><strong>ut</strong></span> <span class='ocrx_word' id='word_1_74' title='bbox 926 537 1035 572; x_wconf 86' lang='lat' dir='ltr'><strong>altare</strong></span> <span class='ocrx_word' id='word_1_75' title='bbox 1062 536 1106 571; x_wconf 93' lang='lat' dir='ltr'><strong>sit</strong></span> <span class='ocrx_word' id='word_1_76' title='bbox 1133 536 1240 571; x_wconf 87' lang='lat' dir='ltr'><strong>fixum</strong></span> <span class='ocrx_word' id='word_1_77' title='bbox 1267 536 1386 570; x_wconf 82' lang='lat' dir='ltr'><strong>stricto</strong></span> <span class='ocrx_word' id='word_1_78' title='bbox 1411 546 1517 571; x_wconf 91' lang='lat' dir='ltr'><strong>sensu</strong></span> <span class='ocrx_word' id='word_1_79' title='bbox 1544 534 1746 579; x_wconf 84' lang='lat' dir='ltr'><strong>liturgico...</strong></span> <span class='ocrx_word' id='word_1_80' title='bbox 1775 534 1816 570; x_wconf 87' lang='lat' dir='ltr'><strong>ad</strong></span> 
     </span>
     <span class='ocr_line' id='line_1_9' title="bbox 185 593 1820 644; baseline -0.004 -10"><span class='ocrx_word' id='word_1_81' title='bbox 185 600 246 634; x_wconf 88' lang='lat' dir='ltr'><strong>hoc</strong></span> <span class='ocrx_word' id='word_1_82' title='bbox 274 604 311 634; x_wconf 93' lang='lat' dir='ltr'><strong>ut</strong></span> <span class='ocrx_word' id='word_1_83' title='bbox 338 597 518 644; x_wconf 83' lang='lat' dir='ltr'><strong>privilegio</strong></span> <span class='ocrx_word' id='word_1_84' title='bbox 545 597 699 632; x_wconf 90' lang='lat' dir='ltr'><strong>decorari</strong></span> <span class='ocrx_word' id='word_1_85' title='bbox 727 596 869 631; x_wconf 71' lang='lat' dir='ltr'><strong>valeat?</strong></span> <span class='ocrx_word' id='word_1_86' title='bbox 888 616 931 621; x_wconf 78' lang='lat'><strong>—</strong></span> <span class='ocrx_word' id='word_1_87' title='bbox 953 595 1004 630; x_wconf 90' lang='lat' dir='ltr'><strong>lll.</strong></span> <span class='ocrx_word' id='word_1_88' title='bbox 1033 595 1086 630; x_wconf 75' lang='lat' dir='ltr'><strong>An</strong></span> <span class='ocrx_word' id='word_1_89' title='bbox 1114 594 1261 630; x_wconf 88' lang='lat' dir='ltr'><strong>sufficiat</strong></span> <span class='ocrx_word' id='word_1_90' title='bbox 1281 599 1318 629; x_wconf 93' lang='lat' dir='ltr'><strong>ut</strong></span> <span class='ocrx_word' id='word_1_91' title='bbox 1335 594 1380 628; x_wconf 91' lang='lat' dir='ltr'><strong>sit</strong></span> <span class='ocrx_word' id='word_1_92' title='bbox 1404 593 1509 629; x_wconf 87' lang='lat' dir='ltr'><strong>etiam</strong></span> <span class='ocrx_word' id='word_1_93' title='bbox 1526 593 1693 638; x_wconf 70' lang='lat' dir='ltr'><strong>ligneum</strong></span> <span class='ocrx_word' id='word_1_94' title='bbox 1720 604 1820 629; x_wconf 91' lang='lat' dir='ltr'><strong>muro</strong></span> 
     </span>
     <span class='ocr_line' id='line_1_10' title="bbox 187 651 1818 701; baseline -0.002 -9"><span class='ocrx_word' id='word_1_95' title='bbox 187 658 333 693; x_wconf 89' lang='lat' dir='ltr'><strong>minime</strong></span> <span class='ocrx_word' id='word_1_96' title='bbox 361 657 551 697; x_wconf 79' lang='lat' dir='ltr'><strong>firmatum,</strong></span> <span class='ocrx_word' id='word_1_97' title='bbox 569 667 647 691; x_wconf 89' lang='lat' dir='ltr'><strong>cum</strong></span> <span class='ocrx_word' id='word_1_98' title='bbox 676 655 790 701; x_wconf 91' lang='lat' dir='ltr'><strong>lapide</strong></span> <span class='ocrx_word' id='word_1_99' title='bbox 817 655 852 689; x_wconf 92' lang='lat' dir='ltr'><strong>in</strong></span> <span class='ocrx_word' id='word_1_100' title='bbox 881 654 996 690; x_wconf 90' lang='lat' dir='ltr'><strong>medio</strong></span> <span class='ocrx_word' id='word_1_101' title='bbox 1023 664 1164 690; x_wconf 81' lang='lat' dir='ltr'>mensae</span> <span class='ocrx_word' id='word_1_102' title='bbox 1190 657 1390 689; x_wconf 87' lang='lat' dir='ltr'><strong>consecrato</strong></span> <span class='ocrx_word' id='word_1_103' title='bbox 1407 657 1441 688; x_wconf 90' lang='lat' dir='ltr'><strong>et</strong></span> <span class='ocrx_word' id='word_1_104' title='bbox 1457 653 1561 688; x_wconf 90' lang='lat' dir='ltr'><strong>alicui</strong></span> <span class='ocrx_word' id='word_1_105' title='bbox 1589 651 1718 688; x_wconf 88' lang='lat' dir='ltr'><strong>Sancto</strong></span> <span class='ocrx_word' id='word_1_106' title='bbox 1743 663 1818 698; x_wconf 90' lang='lat' dir='ltr'><strong>spe-</strong></span> 
     </span>
     <span class='ocr_line' id='line_1_11' title="bbox 185 711 1820 758; baseline -0.004 -6"><span class='ocrx_word' id='word_1_107' title='bbox 185 717 318 752; x_wconf 73' lang='lat' dir='ltr'><strong>cialiter</strong></span> <span class='ocrx_word' id='word_1_108' title='bbox 343 716 496 751; x_wconf 87' lang='lat' dir='ltr'><strong>dicatum</strong></span> <span class='ocrx_word' id='word_1_109' title='bbox 512 715 530 750; x_wconf 54' lang='grc' dir='ltr'><em>ἢ</em></span> <span class='ocrx_word' id='word_1_110' title='bbox 558 714 669 750; x_wconf 80' lang='lat' dir='ltr'><strong>Emmi</strong></span> <span class='ocrx_word' id='word_1_111' title='bbox 689 726 729 750; x_wconf 88' lang='lat' dir='ltr'><strong>ac</strong></span> <span class='ocrx_word' id='word_1_112' title='bbox 749 713 869 750; x_wconf 78' lang='lat' dir='ltr'><strong>Redmi</strong></span> <span class='ocrx_word' id='word_1_113' title='bbox 894 713 954 750; x_wconf 89' lang='grc' dir='ltr'><strong>ΡΡ.</strong></span> <span class='ocrx_word' id='word_1_114' title='bbox 975 712 1009 749; x_wconf 86' lang='lat' dir='ltr'><strong>S.</strong></span> <span class='ocrx_word' id='word_1_115' title='bbox 1028 712 1177 758; x_wconf 81' lang='lat' dir='ltr'><strong>Congr.S</strong></span> <span class='ocrx_word' id='word_1_116' title='bbox 1197 712 1332 757; x_wconf 86' lang='lat' dir='ltr'><strong>ludulg.</strong></span> <span class='ocrx_word' id='word_1_117' title='bbox 1350 712 1620 758; x_wconf 83' lang='lat' dir='ltr'><strong>responderunt.</strong></span> <span class='ocrx_word' id='word_1_118' title='bbox 1642 712 1694 746; x_wconf 89' lang='lat' dir='ltr'><strong>Ad</strong></span> <span class='ocrx_word' id='word_1_119' title='bbox 1713 711 1736 746; x_wconf 93' lang='lat' dir='ltr'><strong>l.</strong></span> <span class='ocrx_word' id='word_1_120' title='bbox 1755 711 1820 747; x_wconf 91' lang='lat' dir='ltr'><strong>Ne-</strong></span> 
     </span>
     <span class='ocr_line' id='line_1_12' title="bbox 185 772 1130 820; baseline -0.005 -9"><span class='ocrx_word' id='word_1_121' title='bbox 185 776 310 820; x_wconf 79' lang='lat' dir='ltr'><strong>gative.</strong></span> <span class='ocrx_word' id='word_1_122' title='bbox 341 775 393 810; x_wconf 80' lang='lat' dir='ltr'><strong>Ad</strong></span> <span class='ocrx_word' id='word_1_123' title='bbox 422 774 461 809; x_wconf 93' lang='lat' dir='ltr'><strong>ll.</strong></span> <span class='ocrx_word' id='word_1_124' title='bbox 491 773 668 818; x_wconf 84' lang='lat' dir='ltr'><strong>Negative.</strong></span> <span class='ocrx_word' id='word_1_125' title='bbox 697 773 749 808; x_wconf 79' lang='lat' dir='ltr'><strong>Ad</strong></span> <span class='ocrx_word' id='word_1_126' title='bbox 778 772 831 807; x_wconf 93' lang='lat' dir='ltr'><strong>lll.</strong></span> <span class='ocrx_word' id='word_1_127' title='bbox 861 773 1077 808; x_wconf 76' lang='lat' dir='ltr'><strong>Affirmative</strong></span> <span class='ocrx_word' id='word_1_128' title='bbox 1098 786 1130 806; x_wconf 88' lang='lat'><strong>».</strong></span> 
     </span>
    </p>

    <p class='ocr_par' dir='ltr' id='par_1_4' title="bbox 185 830 1820 1047">
     <span class='ocr_line' id='line_1_13' title="bbox 303 830 1820 878; baseline -0.001 -10"><span class='ocrx_word' id='word_1_129' title='bbox 303 834 385 868; x_wconf 70' lang='lat'>2⁰2:</span> <span class='ocrx_word' id='word_1_130' title='bbox 420 848 434 864; x_wconf 87' lang='lat'>«</span> <span class='ocrx_word' id='word_1_131' title='bbox 456 834 509 868; x_wconf 77' lang='lat' dir='ltr'><strong>An</strong></span> <span class='ocrx_word' id='word_1_132' title='bbox 543 844 603 878; x_wconf 91' lang='lat' dir='ltr'><strong>pro</strong></span> <span class='ocrx_word' id='word_1_133' title='bbox 635 832 756 867; x_wconf 84' lang='lat' dir='ltr'><strong>altaris</strong></span> <span class='ocrx_word' id='word_1_134' title='bbox 795 831 975 878; x_wconf 87' lang='lat' dir='ltr'><strong>privilegio</strong></span> <span class='ocrx_word' id='word_1_135' title='bbox 1013 831 1171 871; x_wconf 88' lang='lat' dir='ltr'><strong>sufficiat,</strong></span> <span class='ocrx_word' id='word_1_136' title='bbox 1197 830 1372 872; x_wconf 85' lang='lat' dir='ltr'><strong>ecelesias,</strong></span> <span class='ocrx_word' id='word_1_137' title='bbox 1399 830 1586 876; x_wconf 83' lang='lat' dir='ltr'><strong>cappellaS‚</strong></span> <span class='ocrx_word' id='word_1_138' title='bbox 1611 835 1645 865; x_wconf 89' lang='lat' dir='ltr'><strong>et</strong></span> <span class='ocrx_word' id='word_1_139' title='bbox 1669 831 1820 866; x_wconf 87' lang='lat' dir='ltr'><strong>oratoria</strong></span> 
     </span>
     <span class='ocr_line' id='line_1_14' title="bbox 186 888 1816 940; baseline -0.003 -11"><span class='ocrx_word' id='word_1_140' title='bbox 186 893 325 940; x_wconf 87' lang='lat' dir='ltr'><strong>publica</strong></span> <span class='ocrx_word' id='word_1_141' title='bbox 351 904 424 928; x_wconf 84' lang='lat' dir='ltr'><strong>esse</strong></span> <span class='ocrx_word' id='word_1_142' title='bbox 453 891 648 927; x_wconf 86' lang='lat' dir='ltr'><strong>benedicta.</strong></span> <span class='ocrx_word' id='word_1_143' title='bbox 669 891 718 926; x_wconf 92' lang='lat' dir='ltr'><strong>vel</strong></span> <span class='ocrx_word' id='word_1_144' title='bbox 739 891 935 926; x_wconf 81' lang='lat' dir='ltr'><strong>necessario</strong></span> <span class='ocrx_word' id='word_1_145' title='bbox 951 890 1103 926; x_wconf 84' lang='lat' dir='ltr'><strong>debeant</strong></span> <span class='ocrx_word' id='word_1_146' title='bbox 1128 900 1202 925; x_wconf 86' lang='lat' dir='ltr'><strong>esse</strong></span> <span class='ocrx_word' id='word_1_147' title='bbox 1228 893 1430 924; x_wconf 81' lang='lat' dir='ltr'><strong>consecrata</strong></span> <span class='ocrx_word' id='word_1_148' title='bbox 1444 888 1462 923; x_wconf 69' lang='lat'><strong>3&gt;</strong></span> <span class='ocrx_word' id='word_1_149' title='bbox 1490 888 1615 924; x_wconf 85' lang='lat' dir='ltr'><strong>Eadem</strong></span> <span class='ocrx_word' id='word_1_150' title='bbox 1635 888 1669 924; x_wconf 90' lang='lat' dir='ltr'><strong>S.</strong></span> <span class='ocrx_word' id='word_1_151' title='bbox 1688 888 1816 935; x_wconf 85' lang='lat' dir='ltr'><strong>Congr.</strong></span> 
     </span>
     <span class='ocr_line' id='line_1_15' title="bbox 185 947 1816 995; baseline -0.003 -8"><span class='ocrx_word' id='word_1_152' title='bbox 185 952 318 988; x_wconf 76' lang='lat' dir='ltr'><strong>censuit</strong></span> <span class='ocrx_word' id='word_1_153' title='bbox 346 951 608 986; x_wconf 88' lang='lat' dir='ltr'><strong>rescribendum</strong></span> <span class='ocrx_word' id='word_1_154' title='bbox 637 961 728 985; x_wconf 84' lang='lat' dir='ltr'><strong>esse:</strong></span> <span class='ocrx_word' id='word_1_155' title='bbox 756 949 972 985; x_wconf 73' lang='lat' dir='ltr'><strong>Affirmative</strong></span> <span class='ocrx_word' id='word_1_156' title='bbox 997 949 1040 984; x_wconf 89' lang='lat' dir='ltr'><strong>ad</strong></span> <span class='ocrx_word' id='word_1_157' title='bbox 1063 949 1110 983; x_wconf 81' lang='lat' dir='ltr'><strong>lm</strong></span> <span class='ocrx_word' id='word_1_158' title='bbox 1139 953 1283 995; x_wconf 87' lang='lat' dir='ltr'><strong>partem.</strong></span> <span class='ocrx_word' id='word_1_159' title='bbox 1301 953 1334 984; x_wconf 88' lang='lat' dir='ltr'><strong>et</strong></span> <span class='ocrx_word' id='word_1_160' title='bbox 1353 947 1516 992; x_wconf 84' lang='lat' dir='ltr'><strong>Negative</strong></span> <span class='ocrx_word' id='word_1_161' title='bbox 1541 948 1583 982; x_wconf 88' lang='lat' dir='ltr'><strong>ad</strong></span> <span class='ocrx_word' id='word_1_162' title='bbox 1603 948 1649 981; x_wconf 74' lang='lat'><strong>2¹¹¹</strong></span> <span class='ocrx_word' id='word_1_163' title='bbox 1669 959 1816 994; x_wconf 83' lang='lat' dir='ltr'><strong>nempe:</strong></span> 
     </span>
     <span class='ocr_line' id='line_1_16' title="bbox 185 1009 702 1047; baseline -0.004 -2"><span class='ocrx_word' id='word_1_164' title='bbox 185 1011 340 1047; x_wconf 86' lang='lat' dir='ltr'><strong>sufficere</strong></span> <span class='ocrx_word' id='word_1_165' title='bbox 365 1021 439 1046; x_wconf 91' lang='lat' dir='ltr'><strong>esse</strong></span> <span class='ocrx_word' id='word_1_166' title='bbox 469 1009 702 1045; x_wconf 81' lang='lat' dir='ltr'><strong>benedicta».</strong></span> 
     </span>
    </p>

    <p class='ocr_par' dir='ltr' id='par_1_5' title="bbox 184 1067 1819 1292">
     <span class='ocr_line' id='line_1_17' title="bbox 305 1067 1817 1112; baseline -0.003 -8"><span class='ocrx_word' id='word_1_167' title='bbox 305 1068 387 1104; x_wconf 72' lang='lat'><strong>231.</strong></span> <span class='ocrx_word' id='word_1_168' title='bbox 418 1073 477 1104; x_wconf 88' lang='lat' dir='ltr'><strong>De</strong></span> <span class='ocrx_word' id='word_1_169' title='bbox 498 1072 766 1112; x_wconf 78' lang='lat' dir='ltr'><strong>Gregoriano</strong></span> <span class='ocrx_word' id='word_1_170' title='bbox 784 1069 1039 1106; x_wconf 83' lang='lat' dir='ltr'><strong>tricenario,</strong></span> <span class='ocrx_word' id='word_1_171' title='bbox 1059 1069 1239 1109; x_wconf 85' lang='lat' dir='ltr'><strong>eiusque</strong></span> <span class='ocrx_word' id='word_1_172' title='bbox 1259 1067 1455 1100; x_wconf 82' lang='lat' dir='ltr'><strong>iuridicis</strong></span> <span class='ocrx_word' id='word_1_173' title='bbox 1479 1067 1817 1100; x_wconf 84' lang='lat' dir='ltr'><strong>conditionibus.</strong></span> 
     </span>
     <span class='ocr_line' id='line_1_18' title="bbox 189 1123 1819 1172; baseline -0.002 -10"><span class='ocrx_word' id='word_1_174' title='bbox 189 1150 227 1154; x_wconf 85' lang='lat'>—</span> <span class='ocrx_word' id='word_1_175' title='bbox 256 1129 306 1164; x_wconf 85' lang='lat' dir='ltr'><strong>lta</strong></span> <span class='ocrx_word' id='word_1_176' title='bbox 332 1133 500 1163; x_wconf 81' lang='lat' dir='ltr'><strong>vocantur</strong></span> <span class='ocrx_word' id='word_1_177' title='bbox 531 1127 711 1172; x_wconf 78' lang='lat' dir='ltr'><strong>«triginta</strong></span> <span class='ocrx_word' id='word_1_178' title='bbox 738 1127 867 1161; x_wconf 90' lang='lat' dir='ltr'><strong>missae</strong></span> <span class='ocrx_word' id='word_1_179' title='bbox 893 1125 1098 1160; x_wconf 82' lang='lat' dir='ltr'><strong>successivis</strong></span> <span class='ocrx_word' id='word_1_180' title='bbox 1127 1124 1251 1160; x_wconf 90' lang='lat' dir='ltr'><strong>diebus</strong></span> <span class='ocrx_word' id='word_1_181' title='bbox 1282 1124 1414 1169; x_wconf 83' lang='lat' dir='ltr'><strong>absque</strong></span> <span class='ocrx_word' id='word_1_182' title='bbox 1447 1123 1700 1169; x_wconf 82' lang='lat' dir='ltr'><strong>interruptione</strong></span> <span class='ocrx_word' id='word_1_183' title='bbox 1733 1124 1819 1168; x_wconf 81' lang='lat' dir='ltr'><strong>cele-</strong></span> 
     </span>
     <span class='ocr_line' id='line_1_19' title="bbox 184 1181 1819 1233; baseline -0.003 -10"><span class='ocrx_word' id='word_1_184' title='bbox 184 1188 340 1223; x_wconf 84' lang='lat' dir='ltr'><strong>brandae</strong></span> <span class='ocrx_word' id='word_1_185' title='bbox 368 1198 427 1233; x_wconf 90' lang='lat' dir='ltr'><strong>pro</strong></span> <span class='ocrx_word' id='word_1_186' title='bbox 453 1192 545 1222; x_wconf 87' lang='lat' dir='ltr'><strong>certo</strong></span> <span class='ocrx_word' id='word_1_187' title='bbox 571 1186 736 1222; x_wconf 78' lang='lat' dir='ltr'><strong>defuncto</strong></span> <span class='ocrx_word' id='word_1_188' title='bbox 759 1200 790 1219; x_wconf 90' lang='lat'><strong>».</strong></span> <span class='ocrx_word' id='word_1_189' title='bbox 824 1183 998 1220; x_wconf 75' lang='lat' dir='ltr'><strong>Vocantur</strong></span> <span class='ocrx_word' id='word_1_190' title='bbox 1025 1183 1261 1228; x_wconf 85' lang='lat' dir='ltr'><strong>Gregorianae</strong></span> <span class='ocrx_word' id='word_1_191' title='bbox 1296 1187 1435 1228; x_wconf 89' lang='lat' dir='ltr'><strong>propter</strong></span> <span class='ocrx_word' id='word_1_192' title='bbox 1470 1183 1598 1217; x_wconf 79' lang='lat' dir='ltr'><strong>sactum</strong></span> <span class='ocrx_word' id='word_1_193' title='bbox 1624 1193 1645 1217; x_wconf 90' lang='lat' dir='ltr'><strong>a</strong></span> <span class='ocrx_word' id='word_1_194' title='bbox 1671 1181 1706 1218; x_wconf 91' lang='lat' dir='ltr'><strong>S.</strong></span> <span class='ocrx_word' id='word_1_195' title='bbox 1736 1181 1819 1218; x_wconf 90' lang='lat' dir='ltr'><strong>Gre-</strong></span> 
     </span>
     <span class='ocr_line' id='line_1_20' title="bbox 185 1242 1274 1292; baseline -0.006 -10"><span class='ocrx_word' id='word_1_196' title='bbox 185 1247 281 1292; x_wconf 86' lang='lat' dir='ltr'><strong>gorio</strong></span> <span class='ocrx_word' id='word_1_197' title='bbox 307 1246 433 1291; x_wconf 84' lang='lat' dir='ltr'><strong>Magno</strong></span> <span class='ocrx_word' id='word_1_198' title='bbox 460 1250 641 1280; x_wconf 83' lang='lat' dir='ltr'><strong>narratum</strong></span> <span class='ocrx_word' id='word_1_199' title='bbox 669 1256 688 1279; x_wconf 85' lang='lat' dir='ltr'><strong>a</strong></span> <span class='ocrx_word' id='word_1_200' title='bbox 715 1244 828 1290; x_wconf 87' lang='lat' dir='ltr'><strong>seipso</strong></span> <span class='ocrx_word' id='word_1_201' title='bbox 855 1244 897 1279; x_wconf 82' lang='lat' dir='ltr'><strong>‹le</strong></span> <span class='ocrx_word' id='word_1_202' title='bbox 923 1243 1072 1289; x_wconf 88' lang='lat' dir='ltr'><strong>quodam</strong></span> <span class='ocrx_word' id='word_1_203' title='bbox 1100 1242 1274 1277; x_wconf 80' lang='lat' dir='ltr'><strong>defuncto.</strong></span> 
     </span>
    </p>

    <p class='ocr_par' dir='ltr' id='par_1_6' title="bbox 185 1289 1868 1764">
     <span class='ocr_line' id='line_1_21' title="bbox 304 1289 1819 1346; baseline -0.003 -5"><span class='ocrx_word' id='word_1_204' title='bbox 304 1306 392 1341; x_wconf 83' lang='lat' dir='ltr'><strong>Cum</strong></span> <span class='ocrx_word' id='word_1_205' title='bbox 419 1310 534 1341; x_wconf 87' lang='lat' dir='ltr'><strong>autem</strong></span> <span class='ocrx_word' id='word_1_206' title='bbox 566 1315 633 1339; x_wconf 87' lang='lat' dir='ltr'><strong>non</strong></span> <span class='ocrx_word' id='word_1_207' title='bbox 664 1289 793 1339; x_wconf 53' lang='lat' dir='ltr'><strong>fuerint</strong></span> <span class='ocrx_word' id='word_1_208' title='bbox 822 1303 901 1338; x_wconf 87' lang='lat' dir='ltr'><strong>illae</strong></span> <span class='ocrx_word' id='word_1_209' title='bbox 922 1302 1046 1337; x_wconf 82' lang='lat' dir='ltr'><strong>Missae</strong></span> <span class='ocrx_word' id='word_1_210' title='bbox 1076 1301 1270 1337; x_wconf 78' lang='lat' dir='ltr'><strong>celebratae</strong></span> <span class='ocrx_word' id='word_1_211' title='bbox 1296 1300 1330 1335; x_wconf 83' lang='lat' dir='ltr'><strong>in</strong></span> <span class='ocrx_word' id='word_1_212' title='bbox 1359 1301 1525 1336; x_wconf 87' lang='lat' dir='ltr'><strong>honorem</strong></span> <span class='ocrx_word' id='word_1_213' title='bbox 1553 1300 1664 1346; x_wconf 83' lang='lat' dir='ltr'><strong>ipsius</strong></span> <span class='ocrx_word' id='word_1_214' title='bbox 1683 1299 1718 1336; x_wconf 91' lang='lat' dir='ltr'><strong>S.</strong></span> <span class='ocrx_word' id='word_1_215' title='bbox 1736 1300 1819 1336; x_wconf 89' lang='lat' dir='ltr'><strong>Gre-</strong></span> 
     </span>
     <span class='ocr_line' id='line_1_22' title="bbox 185 1359 1816 1410; baseline -0.004 -10"><span class='ocrx_word' id='word_1_216' title='bbox 185 1366 285 1410; x_wconf 80' lang='lat' dir='ltr'><strong>gorii,</strong></span> <span class='ocrx_word' id='word_1_217' title='bbox 311 1376 374 1400; x_wconf 79' lang='lat' dir='ltr'><strong>nec</strong></span> <span class='ocrx_word' id='word_1_218' title='bbox 402 1364 445 1399; x_wconf 92' lang='lat' dir='ltr'><strong>ab</strong></span> <span class='ocrx_word' id='word_1_219' title='bbox 473 1375 511 1399; x_wconf 92' lang='lat' dir='ltr'><strong>eo</strong></span> <span class='ocrx_word' id='word_1_220' title='bbox 539 1363 652 1398; x_wconf 86' lang='lat' dir='ltr'><strong>iussae</strong></span> <span class='ocrx_word' id='word_1_221' title='bbox 679 1362 808 1398; x_wconf 82' lang='lat' dir='ltr'><strong>fuerint</strong></span> <span class='ocrx_word' id='word_1_222' title='bbox 828 1361 1063 1407; x_wconf 83' lang='lat' dir='ltr'><strong>celebrandae</strong></span> <span class='ocrx_word' id='word_1_223' title='bbox 1089 1360 1217 1395; x_wconf 88' lang='lat' dir='ltr'><strong>missae</strong></span> <span class='ocrx_word' id='word_1_224' title='bbox 1235 1360 1487 1395; x_wconf 75' lang='lat' dir='ltr'><strong>determinatae</strong></span> <span class='ocrx_word' id='word_1_225' title='bbox 1510 1363 1570 1394; x_wconf 90' lang='lat' dir='ltr'><strong>aut</strong></span> <span class='ocrx_word' id='word_1_226' title='bbox 1587 1359 1629 1394; x_wconf 90' lang='lat' dir='ltr'><strong>de</strong></span> <span class='ocrx_word' id='word_1_227' title='bbox 1647 1360 1816 1405; x_wconf 84' lang='lat' dir='ltr'><strong>requiem,</strong></span> 
     </span>
     <span class='ocr_line' id='line_1_23' title="bbox 187 1418 1868 1470; baseline -0.004 -11"><span class='ocrx_word' id='word_1_228' title='bbox 187 1429 366 1470; x_wconf 88' lang='lat' dir='ltr'><strong>propterea</strong></span> <span class='ocrx_word' id='word_1_229' title='bbox 394 1434 488 1458; x_wconf 84' lang='lat' dir='ltr'><strong>nunc</strong></span> <span class='ocrx_word' id='word_1_230' title='bbox 515 1423 620 1458; x_wconf 90' lang='lat' dir='ltr'><strong>etiam</strong></span> <span class='ocrx_word' id='word_1_231' title='bbox 648 1432 788 1457; x_wconf 81' lang='lat' dir='ltr'><strong>necesse</strong></span> <span class='ocrx_word' id='word_1_232' title='bbox 815 1432 883 1456; x_wconf 88' lang='lat' dir='ltr'><strong>non</strong></span> <span class='ocrx_word' id='word_1_233' title='bbox 911 1425 974 1456; x_wconf 86' lang='lat' dir='ltr'><strong>est..</strong></span> <span class='ocrx_word' id='word_1_234' title='bbox 1007 1419 1051 1455; x_wconf 89' lang='lat' dir='ltr'><strong>Ex</strong></span> <span class='ocrx_word' id='word_1_235' title='bbox 1072 1419 1212 1455; x_wconf 86' lang='lat' dir='ltr'><strong>Decreto</strong></span> <span class='ocrx_word' id='word_1_236' title='bbox 1231 1418 1266 1455; x_wconf 92' lang='lat' dir='ltr'><strong>S.</strong></span> <span class='ocrx_word' id='word_1_237' title='bbox 1285 1418 1470 1464; x_wconf 86' lang='lat' dir='ltr'><strong>Congreg.S</strong></span> <span class='ocrx_word' id='word_1_238' title='bbox 1491 1418 1819 1464; x_wconf 79' lang='lat' dir='ltr'><strong>lndulgentiarum3</strong></span> <span class='ocrx_word' id='word_1_239' title='bbox 1866 1438 1868 1440; x_wconf 39' lang='lat' dir='ltr'>v</span> 
     </span>
     <span class='ocr_line' id='line_1_24' title="bbox 187 1478 1820 1523; baseline -0.003 -5"><span class='ocrx_word' id='word_1_240' title='bbox 187 1483 353 1518; x_wconf 88' lang='lat' dir='ltr'><strong>habetur:</strong></span> <span class='ocrx_word' id='word_1_241' title='bbox 389 1497 402 1513; x_wconf 85' lang='lat'>«</span> <span class='ocrx_word' id='word_1_242' title='bbox 422 1482 474 1516; x_wconf 78' lang='lat' dir='ltr'><strong>Ad</strong></span> <span class='ocrx_word' id='word_1_243' title='bbox 504 1481 542 1516; x_wconf 95' lang='lat' dir='ltr'><strong>ll.</strong></span> <span class='ocrx_word' id='word_1_244' title='bbox 573 1480 645 1516; x_wconf 81' lang='lat' dir='ltr'><strong>Non</strong></span> <span class='ocrx_word' id='word_1_245' title='bbox 674 1486 811 1516; x_wconf 85' lang='lat' dir='ltr'><strong>constat</strong></span> <span class='ocrx_word' id='word_1_246' title='bbox 841 1480 957 1515; x_wconf 87' lang='lat' dir='ltr'><strong>datam</strong></span> <span class='ocrx_word' id='word_1_247' title='bbox 999 1479 1105 1514; x_wconf 83' lang='lat' dir='ltr'><strong>fuisse</strong></span> <span class='ocrx_word' id='word_1_248' title='bbox 1143 1478 1416 1523; x_wconf 84' lang='lat' dir='ltr'><strong>indulgentiam,</strong></span> <span class='ocrx_word' id='word_1_249' title='bbox 1445 1478 1504 1513; x_wconf 88' lang='lat' dir='ltr'><strong>sed</strong></span> <span class='ocrx_word' id='word_1_250' title='bbox 1531 1489 1571 1513; x_wconf 80' lang='lat' dir='ltr'><strong>ex</strong></span> <span class='ocrx_word' id='word_1_251' title='bbox 1597 1478 1691 1513; x_wconf 90' lang='lat' dir='ltr'><strong>dec.⁰</strong></span> <span class='ocrx_word' id='word_1_252' title='bbox 1717 1478 1820 1513; x_wconf 88' lang='lat' dir='ltr'><strong>huius</strong></span> 
     </span>
     <span class='ocr_line' id='line_1_25' title="bbox 187 1536 1820 1586; baseline -0.003 -10"><span class='ocrx_word' id='word_1_253' title='bbox 187 1541 222 1576; x_wconf 79' lang='lat' dir='ltr'><strong>S.</strong></span> <span class='ocrx_word' id='word_1_254' title='bbox 252 1540 541 1586; x_wconf 80' lang='lat' dir='ltr'><strong>Congregationis</strong></span> <span class='ocrx_word' id='word_1_255' title='bbox 567 1541 632 1575; x_wconf 82' lang='lat' dir='ltr'><strong>(liei</strong></span> <span class='ocrx_word' id='word_1_256' title='bbox 658 1540 699 1574; x_wconf 75' lang='lat'><strong>13</strong></span> <span class='ocrx_word' id='word_1_257' title='bbox 727 1539 839 1574; x_wconf 87' lang='lat' dir='ltr'><strong>Martii</strong></span> <span class='ocrx_word' id='word_1_258' title='bbox 874 1536 957 1572; x_wconf 78' lang='lat'>1884</span> <span class='ocrx_word' id='word_1_259' title='bbox 986 1537 1164 1582; x_wconf 84' lang='lat' dir='ltr'><strong>recognita</strong></span> <span class='ocrx_word' id='word_1_260' title='bbox 1189 1542 1221 1571; x_wconf 87' lang='lat' dir='ltr'><strong>et</strong></span> <span class='ocrx_word' id='word_1_261' title='bbox 1247 1536 1437 1583; x_wconf 83' lang='lat' dir='ltr'><strong>approbata</strong></span> <span class='ocrx_word' id='word_1_262' title='bbox 1467 1537 1528 1571; x_wconf 81' lang='lat' dir='ltr'><strong>fuit</strong></span> <span class='ocrx_word' id='word_1_263' title='bbox 1557 1537 1611 1582; x_wconf 90' lang='lat' dir='ltr'><strong>pia</strong></span> <span class='ocrx_word' id='word_1_264' title='bbox 1647 1537 1762 1582; x_wconf 86' lang='lat' dir='ltr'><strong>praxis</strong></span> <span class='ocrx_word' id='word_1_265' title='bbox 1787 1542 1820 1572; x_wconf 91' lang='lat' dir='ltr'><strong>et</strong></span> 
     </span>
     <span class='ocr_line' id='line_1_26' title="bbox 186 1594 1821 1646; baseline -0.002 -12"><span class='ocrx_word' id='word_1_266' title='bbox 186 1600 347 1646; x_wconf 86' lang='lat' dir='ltr'><strong>specialis</strong></span> <span class='ocrx_word' id='word_1_267' title='bbox 376 1600 502 1634; x_wconf 83' lang='lat' dir='ltr'><strong>fiducia</strong></span> <span class='ocrx_word' id='word_1_268' title='bbox 529 1610 597 1644; x_wconf 86' lang='lat' dir='ltr'><strong>qua</strong></span> <span class='ocrx_word' id='word_1_269' title='bbox 625 1598 743 1633; x_wconf 83' lang='lat' dir='ltr'><strong>fideles</strong></span> <span class='ocrx_word' id='word_1_270' title='bbox 769 1597 935 1637; x_wconf 84' lang='lat' dir='ltr'><strong>retinent,</strong></span> <span class='ocrx_word' id='word_1_271' title='bbox 953 1596 1221 1632; x_wconf 83' lang='lat' dir='ltr'><strong>celebrationem</strong></span> <span class='ocrx_word' id='word_1_272' title='bbox 1248 1595 1393 1640; x_wconf 81' lang='lat' dir='ltr'><strong>triginta</strong></span> <span class='ocrx_word' id='word_1_273' title='bbox 1412 1594 1596 1630; x_wconf 89' lang='lat' dir='ltr'><strong>Missarum</strong></span> <span class='ocrx_word' id='word_1_274' title='bbox 1624 1595 1821 1640; x_wconf 85' lang='lat' dir='ltr'><strong>specialiter</strong></span> 
     </span>
     <span class='ocr_line' id='line_1_27' title="bbox 185 1653 1819 1703; baseline -0.002 -9"><span class='ocrx_word' id='word_1_275' title='bbox 185 1659 357 1695; x_wconf 86' lang='lat' dir='ltr'><strong>efficacem</strong></span> <span class='ocrx_word' id='word_1_276' title='bbox 384 1669 423 1693; x_wconf 81' lang='lat' dir='ltr'><strong>ex</strong></span> <span class='ocrx_word' id='word_1_277' title='bbox 453 1657 669 1703; x_wconf 83' lang='lat' dir='ltr'><strong>beneplacito</strong></span> <span class='ocrx_word' id='word_1_278' title='bbox 695 1662 728 1692; x_wconf 90' lang='lat' dir='ltr'><strong>et</strong></span> <span class='ocrx_word' id='word_1_279' title='bbox 753 1656 991 1702; x_wconf 78' lang='lat' dir='ltr'><strong>acceptatione</strong></span> <span class='ocrx_word' id='word_1_280' title='bbox 1028 1655 1171 1689; x_wconf 89' lang='lat' dir='ltr'><strong>divinae</strong></span> <span class='ocrx_word' id='word_1_281' title='bbox 1210 1653 1465 1690; x_wconf 82' lang='lat' dir='ltr'><strong>Misericordiae</strong></span> <span class='ocrx_word' id='word_1_282' title='bbox 1499 1655 1542 1689; x_wconf 90' lang='lat' dir='ltr'><strong>ad</strong></span> <span class='ocrx_word' id='word_1_283' title='bbox 1576 1654 1775 1689; x_wconf 87' lang='lat' dir='ltr'><strong>animarum</strong></span> <span class='ocrx_word' id='word_1_284' title='bbox 1801 1665 1819 1690; x_wconf 89' lang='lat' dir='ltr'><strong>e</strong></span> 
     </span>
     <span class='ocr_line' id='line_1_28' title="bbox 188 1716 872 1764; baseline -0.006 -11"><span class='ocrx_word' id='word_1_285' title='bbox 188 1718 374 1764; x_wconf 87' lang='lat' dir='ltr'><strong>purgatorii</strong></span> <span class='ocrx_word' id='word_1_286' title='bbox 404 1718 524 1763; x_wconf 86' lang='lat' dir='ltr'><strong>poenis</strong></span> <span class='ocrx_word' id='word_1_287' title='bbox 551 1716 792 1751; x_wconf 83' lang='lat' dir='ltr'><strong>liberationem</strong></span> <span class='ocrx_word' id='word_1_288' title='bbox 816 1730 830 1747; x_wconf 79' lang='lat' dir='ltr'><strong>J)</strong></span> <span class='ocrx_word' id='word_1_289' title='bbox 849 1718 872 1749; x_wconf 81' lang='lat'><strong>4.</strong></span> 
     </span>
    </p>

    <p class='ocr_par' dir='ltr' id='par_1_7' title="bbox 184 1772 1820 2057">
     <span class='ocr_line' id='line_1_29' title="bbox 304 1772 1820 1820; baseline -0.003 -9"><span class='ocrx_word' id='word_1_290' title='bbox 304 1776 529 1812; x_wconf 85' lang='lat' dir='ltr'><strong>Memoranda</strong></span> <span class='ocrx_word' id='word_1_291' title='bbox 562 1786 656 1810; x_wconf 89' lang='lat' dir='ltr'><strong>nunc</strong></span> <span class='ocrx_word' id='word_1_292' title='bbox 684 1775 843 1820; x_wconf 87' lang='lat' dir='ltr'><strong>quaesita</strong></span> <span class='ocrx_word' id='word_1_293' title='bbox 868 1786 905 1810; x_wconf 79' lang='lat' dir='ltr'><strong>ex</strong></span> <span class='ocrx_word' id='word_1_294' title='bbox 936 1774 1028 1810; x_wconf 81' lang='lat' dir='ltr'><strong>Dec.S</strong></span> <span class='ocrx_word' id='word_1_295' title='bbox 1058 1772 1092 1809; x_wconf 90' lang='lat' dir='ltr'><strong>S.</strong></span> <span class='ocrx_word' id='word_1_296' title='bbox 1119 1773 1246 1819; x_wconf 86' lang='lat' dir='ltr'><strong>Congr.</strong></span> <span class='ocrx_word' id='word_1_297' title='bbox 1274 1772 1309 1809; x_wconf 88' lang='lat' dir='ltr'><strong>S.</strong></span> <span class='ocrx_word' id='word_1_298' title='bbox 1339 1772 1451 1809; x_wconf 84' lang='lat' dir='ltr'><strong>Ollicii</strong></span> <span class='ocrx_word' id='word_1_299' title='bbox 1488 1773 1578 1808; x_wconf 87' lang='lat' dir='ltr'><strong>circa</strong></span> <span class='ocrx_word' id='word_1_300' title='bbox 1613 1774 1739 1808; x_wconf 89' lang='lat' dir='ltr'><strong>missas</strong></span> <span class='ocrx_word' id='word_1_301' title='bbox 1763 1773 1820 1808; x_wconf 89' lang='lat' dir='ltr'><strong>tri-</strong></span> 
     </span>
     <span class='ocr_line' id='line_1_30' title="bbox 184 1831 1819 1880; baseline -0.002 -9"><span class='ocrx_word' id='word_1_302' title='bbox 184 1835 313 1871; x_wconf 90' lang='lat' dir='ltr'><strong>cenarii</strong></span> <span class='ocrx_word' id='word_1_303' title='bbox 341 1834 549 1880; x_wconf 79' lang='lat' dir='ltr'><strong>gregoriani,</strong></span> <span class='ocrx_word' id='word_1_304' title='bbox 576 1839 608 1869; x_wconf 87' lang='lat' dir='ltr'><strong>et</strong></span> <span class='ocrx_word' id='word_1_305' title='bbox 634 1834 747 1879; x_wconf 86' lang='lat' dir='ltr'><strong>quoad</strong></span> <span class='ocrx_word' id='word_1_306' title='bbox 774 1833 899 1868; x_wconf 90' lang='lat' dir='ltr'><strong>altaria</strong></span> <span class='ocrx_word' id='word_1_307' title='bbox 926 1833 1006 1868; x_wconf 91' lang='lat' dir='ltr'><strong>item</strong></span> <span class='ocrx_word' id='word_1_308' title='bbox 1039 1833 1259 1877; x_wconf 84' lang='lat' dir='ltr'><strong>gregoriana.</strong></span> <span class='ocrx_word' id='word_1_309' title='bbox 1289 1853 1333 1857; x_wconf 90' lang='lat'>—</span> <span class='ocrx_word' id='word_1_310' title='bbox 1360 1831 1587 1868; x_wconf 84' lang='lat' dir='ltr'><strong>Conditiones</strong></span> <span class='ocrx_word' id='word_1_311' title='bbox 1621 1832 1819 1867; x_wconf 89' lang='lat' dir='ltr'><strong>huiusmodi</strong></span> 
     </span>
     <span class='ocr_line' id='line_1_31' title="bbox 186 1890 1819 1937; baseline -0.002 -8"><span class='ocrx_word' id='word_1_312' title='bbox 186 1894 374 1930; x_wconf 85' lang='lat' dir='ltr'><strong>Tricenarii</strong></span> <span class='ocrx_word' id='word_1_313' title='bbox 404 1894 577 1929; x_wconf 88' lang='lat' dir='ltr'><strong>habentur</strong></span> <span class='ocrx_word' id='word_1_314' title='bbox 603 1904 641 1928; x_wconf 81' lang='lat' dir='ltr'><strong>ex</strong></span> <span class='ocrx_word' id='word_1_315' title='bbox 672 1892 766 1928; x_wconf 83' lang='lat' dir='ltr'><strong>Dec.0</strong></span> <span class='ocrx_word' id='word_1_316' title='bbox 793 1891 827 1927; x_wconf 90' lang='lat' dir='ltr'><strong>S.</strong></span> <span class='ocrx_word' id='word_1_317' title='bbox 854 1892 981 1937; x_wconf 83' lang='lat' dir='ltr'><strong>Congr.</strong></span> <span class='ocrx_word' id='word_1_318' title='bbox 1013 1891 1047 1927; x_wconf 88' lang='lat' dir='ltr'><strong>S.</strong></span> <span class='ocrx_word' id='word_1_319' title='bbox 1075 1890 1157 1927; x_wconf 71' lang='lat' dir='ltr'><strong>O.5.</strong></span> <span class='ocrx_word' id='word_1_320' title='bbox 1188 1891 1393 1934; x_wconf 84' lang='lat' dir='ltr'><strong>Quaesitum</strong></span> <span class='ocrx_word' id='word_1_321' title='bbox 1423 1891 1584 1926; x_wconf 86' lang='lat' dir='ltr'><strong>fundam.</strong></span> <span class='ocrx_word' id='word_1_322' title='bbox 1615 1905 1629 1923; x_wconf 77' lang='lat' dir='ltr'><strong>&lt;r</strong></span> <span class='ocrx_word' id='word_1_323' title='bbox 1649 1890 1674 1925; x_wconf 93' lang='lat' dir='ltr'><strong>l.</strong></span> <span class='ocrx_word' id='word_1_324' title='bbox 1698 1890 1819 1926; x_wconf 90' lang='lat' dir='ltr'><strong>Utrum</strong></span> 
     </span>
     <span class='ocr_line' id='line_1_32' title="bbox 185 1950 1820 1998; baseline -0.002 -10"><span class='ocrx_word' id='word_1_325' title='bbox 185 1954 229 1988; x_wconf 89' lang='lat' dir='ltr'><strong>sit</strong></span> <span class='ocrx_word' id='word_1_326' title='bbox 255 1953 490 1988; x_wconf 88' lang='lat' dir='ltr'><strong>necessarium</strong></span> <span class='ocrx_word' id='word_1_327' title='bbox 519 1952 609 1998; x_wconf 90' lang='lat' dir='ltr'><strong>quod</strong></span> <span class='ocrx_word' id='word_1_328' title='bbox 636 1951 762 1986; x_wconf 85' lang='lat' dir='ltr'><strong>Missae</strong></span> <span class='ocrx_word' id='word_1_329' title='bbox 788 1951 945 1996; x_wconf 79' lang='lat' dir='ltr'><strong>triginta,</strong></span> <span class='ocrx_word' id='word_1_330' title='bbox 971 1962 1061 1997; x_wconf 90' lang='lat' dir='ltr'><strong>quae</strong></span> <span class='ocrx_word' id='word_1_331' title='bbox 1086 1950 1324 1996; x_wconf 87' lang='lat' dir='ltr'><strong>Gregorianae</strong></span> <span class='ocrx_word' id='word_1_332' title='bbox 1348 1950 1586 1996; x_wconf 87' lang='lat' dir='ltr'><strong>appellantur,</strong></span> <span class='ocrx_word' id='word_1_333' title='bbox 1601 1950 1820 1986; x_wconf 89' lang='lat' dir='ltr'><strong>celebrentur</strong></span> 
     </span>
     <span class='ocr_line' id='line_1_33' title="bbox 187 2009 1567 2057; baseline -0.001 -11"><span class='ocrx_word' id='word_1_334' title='bbox 187 2013 328 2057; x_wconf 79' lang='lat' dir='ltr'><strong>triginta</strong></span> <span class='ocrx_word' id='word_1_335' title='bbox 355 2012 477 2047; x_wconf 85' lang='lat' dir='ltr'><strong>(liebus</strong></span> <span class='ocrx_word' id='word_1_336' title='bbox 503 2011 682 2049; x_wconf 86' lang='lat' dir='ltr'><strong>continuis</strong></span> <span class='ocrx_word' id='word_1_337' title='bbox 709 2012 785 2046; x_wconf 92' lang='lat' dir='ltr'><strong>sine</strong></span> <span class='ocrx_word' id='word_1_338' title='bbox 813 2011 1067 2056; x_wconf 84' lang='lat' dir='ltr'><strong>interruptione</strong></span> <span class='ocrx_word' id='word_1_339' title='bbox 1084 2010 1101 2044; x_wconf 71' lang='lat'><strong>‘2</strong></span> <span class='ocrx_word' id='word_1_340' title='bbox 1128 2010 1178 2045; x_wconf 86' lang='lat' dir='ltr'><strong>Ad</strong></span> <span class='ocrx_word' id='word_1_341' title='bbox 1207 2009 1230 2044; x_wconf 89' lang='lat' dir='ltr'><strong>l.</strong></span> <span class='ocrx_word' id='word_1_342' title='bbox 1257 2010 1473 2045; x_wconf 81' lang='lat' dir='ltr'><strong>Affirmative</strong></span> <span class='ocrx_word' id='word_1_343' title='bbox 1495 2036 1518 2043; x_wconf 86' lang='lat'><strong>..</strong></span> <span class='ocrx_word' id='word_1_344' title='bbox 1537 2023 1567 2044; x_wconf 70' lang='lat' dir='ltr'><strong>n.</strong></span> 
     </span>
    </p>

    <p class='ocr_par' dir='ltr' id='par_1_8' title="bbox 182 2068 1822 2703">
     <span class='ocr_line' id='line_1_34' title="bbox 303 2068 1820 2116; baseline -0.002 -10"><span class='ocrx_word' id='word_1_345' title='bbox 303 2070 392 2106; x_wconf 84' lang='lat' dir='ltr'><strong>Hinc</strong></span> <span class='ocrx_word' id='word_1_346' title='bbox 419 2081 626 2116; x_wconf 85' lang='lat' dir='ltr'><strong>responsum</strong></span> <span class='ocrx_word' id='word_1_347' title='bbox 656 2071 739 2105; x_wconf 83' lang='lat' dir='ltr'><strong>fuit:</strong></span> <span class='ocrx_word' id='word_1_348' title='bbox 775 2084 788 2101; x_wconf 75' lang='grc' dir='ltr'><em>α</em></span> <span class='ocrx_word' id='word_1_349' title='bbox 810 2069 974 2113; x_wconf 86' lang='lat' dir='ltr'><strong>Negative</strong></span> <span class='ocrx_word' id='word_1_350' title='bbox 999 2070 1043 2105; x_wconf 86' lang='lat' dir='ltr'><strong>ad</strong></span> <span class='ocrx_word' id='word_1_351' title='bbox 1071 2069 1095 2104; x_wconf 95' lang='lat' dir='ltr'><strong>ll</strong></span> <span class='ocrx_word' id='word_1_352' title='bbox 1123 2074 1156 2104; x_wconf 90' lang='lat' dir='ltr'><strong>et</strong></span> <span class='ocrx_word' id='word_1_353' title='bbox 1184 2068 1239 2103; x_wconf 87' lang='lat' dir='ltr'><strong>lV.</strong></span> <span class='ocrx_word' id='word_1_354' title='bbox 1263 2068 1385 2104; x_wconf 84' lang='lat' dir='ltr'><strong>Utrum</strong></span> <span class='ocrx_word' id='word_1_355' title='bbox 1416 2071 1571 2114; x_wconf 84' lang='lat' dir='ltr'><strong>(nempe)</strong></span> <span class='ocrx_word' id='word_1_356' title='bbox 1599 2068 1635 2103; x_wconf 93' lang='lat' dir='ltr'><strong>in</strong></span> <span class='ocrx_word' id='word_1_357' title='bbox 1661 2079 1743 2104; x_wconf 89' lang='lat' dir='ltr'><strong>casu</strong></span> <span class='ocrx_word' id='word_1_358' title='bbox 1770 2079 1820 2104; x_wconf 88' lang='lat' dir='ltr'><strong>sa-</strong></span> 
     </span>
     <span class='ocr_line' id='line_1_35' title="bbox 185 2126 1819 2175; baseline -0.001 -11"><span class='ocrx_word' id='word_1_359' title='bbox 185 2130 335 2165; x_wconf 84' lang='lat' dir='ltr'><strong>tisfaciat</strong></span> <span class='ocrx_word' id='word_1_360' title='bbox 351 2128 530 2172; x_wconf 87' lang='lat' dir='ltr'><strong>Sacerdos,</strong></span> <span class='ocrx_word' id='word_1_361' title='bbox 548 2129 606 2175; x_wconf 90' lang='lat' dir='ltr'><strong>qui</strong></span> <span class='ocrx_word' id='word_1_362' title='bbox 633 2129 754 2164; x_wconf 90' lang='lat' dir='ltr'><strong>eadem</strong></span> <span class='ocrx_word' id='word_1_363' title='bbox 790 2129 845 2164; x_wconf 88' lang='lat' dir='ltr'><strong>die</strong></span> <span class='ocrx_word' id='word_1_364' title='bbox 880 2128 933 2163; x_wconf 91' lang='lat' dir='ltr'><strong>bis</strong></span> <span class='ocrx_word' id='word_1_365' title='bbox 965 2128 1015 2164; x_wconf 91' lang='lat' dir='ltr'><strong>vel</strong></span> <span class='ocrx_word' id='word_1_366' title='bbox 1043 2133 1106 2172; x_wconf 77' lang='lat' dir='ltr'><strong>ter7</strong></span> <span class='ocrx_word' id='word_1_367' title='bbox 1138 2128 1188 2163; x_wconf 75' lang='lat' dir='ltr'><strong>vel</strong></span> <span class='ocrx_word' id='word_1_368' title='bbox 1217 2139 1276 2173; x_wconf 91' lang='lat' dir='ltr'><strong>per</strong></span> <span class='ocrx_word' id='word_1_369' title='bbox 1302 2138 1337 2163; x_wconf 89' lang='lat' dir='ltr'><strong>se</strong></span> <span class='ocrx_word' id='word_1_370' title='bbox 1365 2129 1411 2172; x_wconf 89' lang='lat' dir='ltr'><strong>(V.</strong></span> <span class='ocrx_word' id='word_1_371' title='bbox 1436 2138 1489 2172; x_wconf 86' lang='lat' dir='ltr'><strong>gr.</strong></span> <span class='ocrx_word' id='word_1_372' title='bbox 1518 2127 1574 2162; x_wconf 91' lang='lat' dir='ltr'><strong>die</strong></span> <span class='ocrx_word' id='word_1_373' title='bbox 1600 2126 1732 2162; x_wconf 86' lang='lat' dir='ltr'><strong>Natalis</strong></span> <span class='ocrx_word' id='word_1_374' title='bbox 1760 2126 1819 2162; x_wconf 90' lang='lat' dir='ltr'><strong>Do-</strong></span> 
     </span>
     <span class='ocr_line' id='line_1_36' title="bbox 187 2184 1819 2234; baseline -0.001 -12"><span class='ocrx_word' id='word_1_375' title='bbox 187 2188 289 2232; x_wconf 88' lang='lat' dir='ltr'><strong>mini)</strong></span> <span class='ocrx_word' id='word_1_376' title='bbox 310 2188 362 2223; x_wconf 83' lang='lat' dir='ltr'><strong>vel</strong></span> <span class='ocrx_word' id='word_1_377' title='bbox 390 2199 448 2234; x_wconf 90' lang='lat' dir='ltr'><strong>per</strong></span> <span class='ocrx_word' id='word_1_378' title='bbox 472 2187 571 2228; x_wconf 72' lang='lat' dir='ltr'><strong>alios,</strong></span> <span class='ocrx_word' id='word_1_379' title='bbox 596 2187 864 2223; x_wconf 80' lang='lat' dir='ltr'><strong>celebrationem</strong></span> <span class='ocrx_word' id='word_1_380' title='bbox 892 2191 1098 2227; x_wconf 78' lang='lat' dir='ltr'><strong>reassumat,</strong></span> <span class='ocrx_word' id='word_1_381' title='bbox 1122 2186 1168 2221; x_wconf 86' lang='lat' dir='ltr'><strong>ita</strong></span> <span class='ocrx_word' id='word_1_382' title='bbox 1188 2191 1225 2221; x_wconf 93' lang='lat' dir='ltr'><strong>ut</strong></span> <span class='ocrx_word' id='word_1_383' title='bbox 1243 2186 1388 2230; x_wconf 83' lang='lat' dir='ltr'><strong>triginta</strong></span> <span class='ocrx_word' id='word_1_384' title='bbox 1406 2186 1540 2221; x_wconf 89' lang='lat' dir='ltr'><strong>dierum</strong></span> <span class='ocrx_word' id='word_1_385' title='bbox 1564 2185 1676 2231; x_wconf 86' lang='lat' dir='ltr'><strong>spatio</strong></span> <span class='ocrx_word' id='word_1_386' title='bbox 1692 2184 1819 2220; x_wconf 87' lang='lat' dir='ltr'><strong>Missae</strong></span> 
     </span>
     <span class='ocr_line' id='line_1_37' title="bbox 186 2244 1817 2292; baseline -0.002 -10"><span class='ocrx_word' id='word_1_387' title='bbox 186 2258 307 2282; x_wconf 91' lang='lat' dir='ltr'><strong>omnes</strong></span> <span class='ocrx_word' id='word_1_388' title='bbox 332 2246 583 2282; x_wconf 72' lang='lat' dir='ltr'><strong>celebrentur?</strong></span> <span class='ocrx_word' id='word_1_389' title='bbox 605 2260 618 2279; x_wconf 78' lang='grc' dir='ltr'>υ</span> <span class='ocrx_word' id='word_1_390' title='bbox 640 2251 673 2282; x_wconf 90' lang='lat' dir='ltr'><strong>et</strong></span> <span class='ocrx_word' id='word_1_391' title='bbox 695 2260 708 2278; x_wconf 73' lang='lat' dir='ltr'><strong>c&lt;</strong></span> <span class='ocrx_word' id='word_1_392' title='bbox 733 2245 854 2281; x_wconf 88' lang='lat' dir='ltr'><strong>Utrum</strong></span> <span class='ocrx_word' id='word_1_393' title='bbox 881 2245 959 2292; x_wconf 90' lang='lat' dir='ltr'><strong>quis</strong></span> <span class='ocrx_word' id='word_1_394' title='bbox 985 2245 1176 2281; x_wconf 79' lang='lat' dir='ltr'><strong>satisfaciat</strong></span> <span class='ocrx_word' id='word_1_395' title='bbox 1201 2245 1405 2290; x_wconf 86' lang='lat' dir='ltr'><strong>obligationi</strong></span> <span class='ocrx_word' id='word_1_396' title='bbox 1426 2244 1571 2279; x_wconf 89' lang='lat' dir='ltr'><strong>curandi</strong></span> <span class='ocrx_word' id='word_1_397' title='bbox 1590 2244 1817 2279; x_wconf 85' lang='lat' dir='ltr'><strong>tricenarium</strong></span> 
     </span>
     <span class='ocr_line' id='line_1_38' title="bbox 185 2302 1819 2351; baseline -0.002 -11"><span class='ocrx_word' id='word_1_398' title='bbox 185 2305 444 2350; x_wconf 84' lang='lat' dir='ltr'><strong>gregorianum,</strong></span> <span class='ocrx_word' id='word_1_399' title='bbox 473 2306 500 2339; x_wconf 86' lang='lat' dir='ltr'><strong>si</strong></span> <span class='ocrx_word' id='word_1_400' title='bbox 527 2305 686 2351; x_wconf 86' lang='lat' dir='ltr'><strong>pluribus</strong></span> <span class='ocrx_word' id='word_1_401' title='bbox 724 2304 962 2340; x_wconf 87' lang='lat' dir='ltr'><strong>sacerdotibus</strong></span> <span class='ocrx_word' id='word_1_402' title='bbox 999 2304 1145 2349; x_wconf 88' lang='lat' dir='ltr'><strong>triginta</strong></span> <span class='ocrx_word' id='word_1_403' title='bbox 1184 2303 1306 2339; x_wconf 88' lang='lat' dir='ltr'><strong>Missas</strong></span> <span class='ocrx_word' id='word_1_404' title='bbox 1344 2302 1576 2348; x_wconf 84' lang='lat' dir='ltr'><strong>Gregorianas</strong></span> <span class='ocrx_word' id='word_1_405' title='bbox 1613 2302 1819 2338; x_wconf 87' lang='lat' dir='ltr'><strong>distributas</strong></span> 
     </span>
     <span class='ocr_line' id='line_1_39' title="bbox 185 2361 1818 2414; baseline -0.002 -15"><span class='ocrx_word' id='word_1_406' title='bbox 185 2365 391 2405; x_wconf 64' lang='lat' dir='ltr'><strong>committat,</strong></span> <span class='ocrx_word' id='word_1_407' title='bbox 420 2364 541 2400; x_wconf 86' lang='lat' dir='ltr'><strong>eadem</strong></span> <span class='ocrx_word' id='word_1_408' title='bbox 567 2364 693 2414; x_wconf 39' lang='lat' dir='ltr'><strong>die-vel</strong></span> <span class='ocrx_word' id='word_1_409' title='bbox 716 2374 905 2409; x_wconf 65' lang='lat' dir='ltr'><strong>pauc-orum</strong></span> <span class='ocrx_word' id='word_1_410' title='bbox 932 2363 1067 2398; x_wconf 87' lang='lat' dir='ltr'><strong>dierum</strong></span> <span class='ocrx_word' id='word_1_411' title='bbox 1095 2363 1208 2409; x_wconf 89' lang='lat' dir='ltr'><strong>spatio</strong></span> <span class='ocrx_word' id='word_1_412' title='bbox 1234 2373 1356 2398; x_wconf 87' lang='lat' dir='ltr'><strong>omnes</strong></span> <span class='ocrx_word' id='word_1_413' title='bbox 1381 2361 1609 2397; x_wconf 89' lang='lat' dir='ltr'><strong>celebrandas</strong></span> <span class='ocrx_word' id='word_1_414' title='bbox 1627 2361 1670 2396; x_wconf 85' lang='lat' dir='ltr'><strong>ad</strong></span> <span class='ocrx_word' id='word_1_415' title='bbox 1689 2361 1818 2397; x_wconf 88' lang='lat' dir='ltr'><strong>dictam</strong></span> 
     </span>
     <span class='ocr_line' id='line_1_40' title="bbox 184 2420 1820 2462; baseline -0.001 -5"><span class='ocrx_word' id='word_1_416' title='bbox 184 2423 466 2458; x_wconf 78' lang='lat' dir='ltr'><strong>intentionem».</strong></span> <span class='ocrx_word' id='word_1_417' title='bbox 500 2445 536 2448; x_wconf 97' lang='lat'><strong>—</strong></span> <span class='ocrx_word' id='word_1_418' title='bbox 569 2424 617 2458; x_wconf 75' lang='lat' dir='ltr'><strong>Ad</strong></span> <span class='ocrx_word' id='word_1_419' title='bbox 647 2422 686 2457; x_wconf 97' lang='lat' dir='ltr'><strong>lll</strong></span> <span class='ocrx_word' id='word_1_420' title='bbox 715 2434 806 2462; x_wconf 77' lang='lat' dir='ltr'><strong>vero,</strong></span> <span class='ocrx_word' id='word_1_421' title='bbox 840 2437 855 2455; x_wconf 75' lang='grc' dir='ltr'>α</span> <span class='ocrx_word' id='word_1_422' title='bbox 877 2422 999 2458; x_wconf 87' lang='lat' dir='ltr'><strong>Utrum</strong></span> <span class='ocrx_word' id='word_1_423' title='bbox 1027 2422 1119 2457; x_wconf 89' lang='lat' dir='ltr'><strong>idem</strong></span> <span class='ocrx_word' id='word_1_424' title='bbox 1148 2422 1308 2457; x_wconf 87' lang='lat' dir='ltr'><strong>sacerdos</strong></span> <span class='ocrx_word' id='word_1_425' title='bbox 1333 2425 1493 2456; x_wconf 88' lang='lat' dir='ltr'><strong>teneatur</strong></span> <span class='ocrx_word' id='word_1_426' title='bbox 1518 2420 1626 2455; x_wconf 90' lang='lat' dir='ltr'><strong>alium</strong></span> <span class='ocrx_word' id='word_1_427' title='bbox 1650 2420 1715 2456; x_wconf 89' lang='lat' dir='ltr'><strong>sibi</strong></span> <span class='ocrx_word' id='word_1_428' title='bbox 1742 2420 1820 2456; x_wconf 92' lang='lat' dir='ltr'><strong>sub-</strong></span> 
     </span>
     <span class='ocr_line' id='line_1_41' title="bbox 183 2479 1820 2527; baseline -0.001 -11"><span class='ocrx_word' id='word_1_429' title='bbox 183 2482 325 2517; x_wconf 89' lang='lat' dir='ltr'><strong>stituere</strong></span> <span class='ocrx_word' id='word_1_430' title='bbox 342 2482 596 2517; x_wconf 83' lang='lat' dir='ltr'><strong>celebraturum</strong></span> <span class='ocrx_word' id='word_1_431' title='bbox 619 2482 760 2516; x_wconf 88' lang='lat' dir='ltr'><strong>missam</strong></span> <span class='ocrx_word' id='word_1_432' title='bbox 780 2482 935 2527; x_wconf 87' lang='lat' dir='ltr'><strong>aliquam</strong></span> <span class='ocrx_word' id='word_1_433' title='bbox 964 2480 1224 2516; x_wconf 64' lang='lat' dir='ltr'><strong>tricenariam?</strong></span> <span class='ocrx_word' id='word_1_434' title='bbox 1251 2480 1324 2515; x_wconf 74' lang='lat' dir='ltr'><strong>Emi</strong></span> <span class='ocrx_word' id='word_1_435' title='bbox 1353 2479 1489 2515; x_wconf 84' lang='lat' dir='ltr'><strong>Patres:</strong></span> <span class='ocrx_word' id='word_1_436' title='bbox 1516 2479 1697 2515; x_wconf 80' lang='lat' dir='ltr'><strong>dixerunt:</strong></span> <span class='ocrx_word' id='word_1_437' title='bbox 1725 2479 1820 2514; x_wconf 81' lang='lat' dir='ltr'><strong>Affir-</strong></span> 
     </span>
     <span class='ocr_line' id='line_1_42' title="bbox 185 2538 1822 2586; baseline -0.002 -11"><span class='ocrx_word' id='word_1_438' title='bbox 185 2540 311 2576; x_wconf 87' lang='lat' dir='ltr'><strong>mative</strong></span> <span class='ocrx_word' id='word_1_439' title='bbox 332 2554 360 2575; x_wconf 88' lang='lat'><strong>».</strong></span> <span class='ocrx_word' id='word_1_440' title='bbox 391 2540 436 2576; x_wconf 89' lang='lat' dir='ltr'><strong>De</strong></span> <span class='ocrx_word' id='word_1_441' title='bbox 462 2541 630 2586; x_wconf 82' lang='lat' dir='ltr'><strong>qualitate</strong></span> <span class='ocrx_word' id='word_1_442' title='bbox 655 2545 772 2576; x_wconf 87' lang='lat' dir='ltr'><strong>autem</strong></span> <span class='ocrx_word' id='word_1_443' title='bbox 807 2542 993 2575; x_wconf 85' lang='lat' dir='ltr'><strong>missarum</strong></span> <span class='ocrx_word' id='word_1_444' title='bbox 1021 2544 1072 2575; x_wconf 87' lang='lat' dir='ltr'><strong>est</strong></span> <span class='ocrx_word' id='word_1_445' title='bbox 1100 2550 1218 2585; x_wconf 81' lang='lat' dir='ltr'><strong>quaeS.</strong></span> <span class='ocrx_word' id='word_1_446' title='bbox 1249 2553 1262 2571; x_wconf 86' lang='lat'>«</span> <span class='ocrx_word' id='word_1_447' title='bbox 1287 2538 1324 2574; x_wconf 88' lang='lat' dir='ltr'><strong>V.</strong></span> <span class='ocrx_word' id='word_1_448' title='bbox 1355 2538 1475 2575; x_wconf 90' lang='lat' dir='ltr'><strong>Utrum</strong></span> <span class='ocrx_word' id='word_1_449' title='bbox 1510 2539 1634 2574; x_wconf 88' lang='lat' dir='ltr'><strong>diebus</strong></span> <span class='ocrx_word' id='word_1_450' title='bbox 1662 2539 1697 2573; x_wconf 92' lang='lat' dir='ltr'><strong>in</strong></span> <span class='ocrx_word' id='word_1_451' title='bbox 1723 2539 1822 2573; x_wconf 90' lang='lat' dir='ltr'><strong>trice-</strong></span> 
     </span>
     <span class='ocr_line' id='line_1_43' title="bbox 182 2597 1818 2648; baseline -0.001 -14"><span class='ocrx_word' id='word_1_452' title='bbox 182 2600 281 2635; x_wconf 86' lang='lat' dir='ltr'><strong>nario</strong></span> <span class='ocrx_word' id='word_1_453' title='bbox 306 2601 581 2639; x_wconf 75' lang='lat' dir='ltr'><strong>occurrentibus,</strong></span> <span class='ocrx_word' id='word_1_454' title='bbox 613 2601 649 2634; x_wconf 88' lang='lat' dir='ltr'><strong>in</strong></span> <span class='ocrx_word' id='word_1_455' title='bbox 672 2600 800 2645; x_wconf 89' lang='lat' dir='ltr'><strong>quibus</strong></span> <span class='ocrx_word' id='word_1_456' title='bbox 827 2598 933 2634; x_wconf 88' lang='lat' dir='ltr'><strong>Missa</strong></span> <span class='ocrx_word' id='word_1_457' title='bbox 959 2600 1001 2635; x_wconf 84' lang='lat' dir='ltr'><strong>de</strong></span> <span class='ocrx_word' id='word_1_458' title='bbox 1028 2598 1148 2644; x_wconf 88' lang='lat' dir='ltr'><strong>requie</strong></span> <span class='ocrx_word' id='word_1_459' title='bbox 1173 2610 1194 2648; x_wconf 86' lang='lat' dir='ltr'><strong>a</strong></span> <span class='ocrx_word' id='word_1_460' title='bbox 1219 2598 1368 2634; x_wconf 88' lang='lat' dir='ltr'><strong>rubricis</strong></span> <span class='ocrx_word' id='word_1_461' title='bbox 1396 2598 1619 2644; x_wconf 89' lang='lat' dir='ltr'><strong>permittitur,</strong></span> <span class='ocrx_word' id='word_1_462' title='bbox 1646 2598 1722 2644; x_wconf 89' lang='lat' dir='ltr'><strong>ipsa</strong></span> <span class='ocrx_word' id='word_1_463' title='bbox 1753 2597 1818 2642; x_wconf 82' lang='lat' dir='ltr'><strong>legi</strong></span> 
     </span>
     <span class='ocr_line' id='line_1_44' title="bbox 183 2656 1819 2703; baseline -0.002 -10"><span class='ocrx_word' id='word_1_464' title='bbox 183 2658 305 2694; x_wconf 82' lang='lat' dir='ltr'><strong>debeat</strong></span> <span class='ocrx_word' id='word_1_465' title='bbox 332 2659 375 2693; x_wconf 88' lang='lat' dir='ltr'><strong>ad</strong></span> <span class='ocrx_word' id='word_1_466' title='bbox 403 2670 492 2694; x_wconf 90' lang='lat' dir='ltr'><strong>onus</strong></span> <span class='ocrx_word' id='word_1_467' title='bbox 519 2659 695 2694; x_wconf 84' lang='lat' dir='ltr'><strong>tricenarii</strong></span> <span class='ocrx_word' id='word_1_468' title='bbox 725 2657 931 2703; x_wconf 87' lang='lat' dir='ltr'><strong>Gregoriani</strong></span> <span class='ocrx_word' id='word_1_469' title='bbox 969 2657 1302 2692; x_wconf 81' lang='lat' dir='ltr'><strong>satisfaciendum...</strong></span> <span class='ocrx_word' id='word_1_470' title='bbox 1332 2657 1382 2692; x_wconf 76' lang='lat' dir='ltr'><strong>Ad</strong></span> <span class='ocrx_word' id='word_1_471' title='bbox 1415 2657 1451 2692; x_wconf 82' lang='lat' dir='ltr'><strong>V.</strong></span> <span class='ocrx_word' id='word_1_472' title='bbox 1478 2656 1661 2702; x_wconf 81' lang='lat' dir='ltr'><strong>Negative;</strong></span> <span class='ocrx_word' id='word_1_473' title='bbox 1697 2656 1819 2703; x_wconf 80' lang='lat' dir='ltr'><strong>poterit</strong></span> 
     </span>
    </p>
   </div>
   <div class='ocr_carea' id='block_1_4' title="bbox 184 2775 1815 2914">
    <p class='ocr_par' dir='ltr' id='par_1_9' title="bbox 184 2775 1815 2914">
     <span class='ocr_line' id='line_1_45' title="bbox 278 2775 1814 2820; baseline -0.002 -9"><span class='ocrx_word' id='word_1_474' title='bbox 278 2778 289 2799; x_wconf 70' lang='lat'>1</span> <span class='ocrx_word' id='word_1_475' title='bbox 311 2777 355 2811; x_wconf 83' lang='lat'><strong>18</strong></span> <span class='ocrx_word' id='word_1_476' title='bbox 372 2777 445 2811; x_wconf 86' lang='lat' dir='ltr'><strong>Iul.</strong></span> <span class='ocrx_word' id='word_1_477' title='bbox 469 2778 572 2820; x_wconf 81' lang='lat'>1902,</span> <span class='ocrx_word' id='word_1_478' title='bbox 594 2777 627 2811; x_wconf 90' lang='lat' dir='ltr'><strong>Il</strong></span> <span class='ocrx_word' id='word_1_479' title='bbox 644 2777 840 2811; x_wconf 82' lang='lat' dir='ltr'><strong>monitore</strong></span> <span class='ocrx_word' id='word_1_480' title='bbox 855 2776 991 2810; x_wconf 80' lang='lat' dir='ltr'><strong>eccles.</strong></span> <span class='ocrx_word' id='word_1_481' title='bbox 1010 2787 1074 2810; x_wconf 84' lang='lat' dir='ltr'><strong>an.</strong></span> <span class='ocrx_word' id='word_1_482' title='bbox 1096 2775 1200 2818; x_wconf 64' lang='lat'>1902,</span> <span class='ocrx_word' id='word_1_483' title='bbox 1223 2787 1310 2820; x_wconf 86' lang='lat' dir='ltr'><strong>pag.</strong></span> <span class='ocrx_word' id='word_1_484' title='bbox 1331 2775 1414 2809; x_wconf 84' lang='lat'>308.</span> <span class='ocrx_word' id='word_1_485' title='bbox 1437 2794 1480 2801; x_wconf 90' lang='lat'>—</span> <span class='ocrx_word' id='word_1_486' title='bbox 1499 2775 1512 2797; x_wconf 76' lang='lat'><strong>²</strong></span> <span class='ocrx_word' id='word_1_487' title='bbox 1530 2775 1576 2808; x_wconf 78' lang='lat'><strong>22</strong></span> <span class='ocrx_word' id='word_1_488' title='bbox 1593 2775 1687 2819; x_wconf 88' lang='lat' dir='ltr'><strong>Apr.</strong></span> <span class='ocrx_word' id='word_1_489' title='bbox 1711 2775 1814 2815; x_wconf 79' lang='lat'>1752,</span> 
     </span>
     <span class='ocr_line' id='line_1_46' title="bbox 184 2822 1815 2914; baseline 0 -57"><span class='ocrx_word' id='word_1_490' title='bbox 184 2823 445 2914; x_wconf 30' lang='lat' dir='ltr'><strong>&amp;5112533dofxss</strong></span> <span class='ocrx_word' id='word_1_491' title='bbox 471 2825 518 2905; x_wconf 51' lang='grc' dir='ltr'><strong>ἐξ)</strong></span> <span class='ocrx_word' id='word_1_492' title='bbox 544 2825 644 2873; x_wconf 80' lang='lat' dir='ltr'><strong>Aug.</strong></span> <span class='ocrx_word' id='word_1_493' title='bbox 678 2824 778 2859; x_wconf 82' lang='lat'>1888.</span> <span class='ocrx_word' id='word_1_494' title='bbox 806 2844 839 2848; x_wconf 90' lang='lat'><em>—</em></span> <span class='ocrx_word' id='word_1_495' title='bbox 876 2825 891 2845; x_wconf 75' lang='lat'>⁴</span> <span class='ocrx_word' id='word_1_496' title='bbox 918 2825 1018 2857; x_wconf 75' lang='lat' dir='ltr'><strong>Acta</strong></span> <span class='ocrx_word' id='word_1_497' title='bbox 1052 2822 1088 2856; x_wconf 88' lang='lat' dir='ltr'><strong>S.</strong></span> <span class='ocrx_word' id='word_1_498' title='bbox 1126 2822 1250 2863; x_wconf 82' lang='lat' dir='ltr'><strong>Sedis,</strong></span> <span class='ocrx_word' id='word_1_499' title='bbox 1286 2822 1396 2863; x_wconf 87' lang='lat' dir='ltr'>XXI,</span> <span class='ocrx_word' id='word_1_500' title='bbox 1422 2823 1503 2856; x_wconf 83' lang='lat'><strong>256.</strong></span> <span class='ocrx_word' id='word_1_501' title='bbox 1534 2822 1686 2899; x_wconf 31' lang='lat' dir='ltr'><strong>—jxll</strong></span> <span class='ocrx_word' id='word_1_502' title='bbox 1723 2823 1815 2858; x_wconf 80' lang='lat' dir='ltr'><strong>Dee.</strong></span> 
     </span>
    </p>
   </div>
   <div class='ocr_carea' id='block_1_5' title="bbox 1895 0 1971 3261">
    <p class='ocr_par' dir='ltr' id='par_1_10' title="bbox 1895 0 1971 3261">
     <span class='ocr_line' id='line_1_47' title="bbox 1895 0 1971 3261; baseline 0 0"><span class='ocrx_word' id='word_1_503' title='bbox 1895 0 1971 3261; x_wconf 95' lang='lat' dir='ltr'><strong> </strong></span> 
     </span>
    </p>
   </div>
  </div>
 </body>
</html>
