<?xml version="1.0" encoding="UTF-8"?>
<!DOCTYPE html PUBLIC "-//W3C//DTD XHTML 1.0 Transitional//EN"
    "http://www.w3.org/TR/xhtml1/DTD/xhtml1-transitional.dtd">
<html xmlns="http://www.w3.org/1999/xhtml" xml:lang="en" lang="en">
 <head>
  <title>
</title>
<meta http-equiv="Content-Type" content="text/html;charset=utf-8" />
  <meta name='ocr-system' content='tesseract 3.04.00' />
  <meta name='ocr-capabilities' content='ocr_page ocr_carea ocr_par ocr_line ocrx_word'/>
</head>
<body>
  <div class='ocr_page' id='page_1' title='image "./p1commentariumte03blatuoft_0031.png"; bbox 0 0 1971 3261; ppageno 0'>
   <div class='ocr_carea' id='block_1_1' title="bbox 161 142 1794 178">
    <p class='ocr_par' dir='ltr' id='par_1_1' title="bbox 161 142 1794 178">
     <span class='ocr_line' id='line_1_1' title="bbox 161 142 1794 178; baseline -0.001 0"><span class='ocrx_word' id='word_1_1' title='bbox 161 143 254 178; x_wconf 81' lang='lat' dir='ltr'>Can.</span> <span class='ocrx_word' id='word_1_2' title='bbox 285 142 439 177; x_wconf 79' lang='lat'><strong>734-735</strong></span> <span class='ocrx_word' id='word_1_3' title='bbox 682 142 792 176; x_wconf 75' lang='lat' dir='ltr'>PARS</span> <span class='ocrx_word' id='word_1_4' title='bbox 822 142 851 176; x_wconf 84' lang='lat' dir='ltr'>I.</span> <span class='ocrx_word' id='word_1_5' title='bbox 882 163 894 166; x_wconf 99' lang='lat'><em>-</em></span> <span class='ocrx_word' id='word_1_6' title='bbox 922 142 978 177; x_wconf 84' lang='lat' dir='ltr'>De</span> <span class='ocrx_word' id='word_1_7' title='bbox 1005 145 1272 177; x_wconf 62' lang='lat' dir='ltr'>,sacramentis</span> <span class='ocrx_word' id='word_1_8' title='bbox 1752 144 1794 177; x_wconf 67' lang='lat'>19</span> 
     </span>
    </p>
   </div>
   <div class='ocr_carea' id='block_1_2' title="bbox 161 200 1508 213">
    <p class='ocr_par' dir='ltr' id='par_1_2' title="bbox 161 200 1508 213">
     <span class='ocr_line' id='line_1_2' title="bbox 161 200 1508 213; baseline 0 0"><span class='ocrx_word' id='word_1_9' title='bbox 161 200 1508 213; x_wconf 95' lang='lat' dir='ltr'> </span> 
     </span>
    </p>
   </div>
   <div class='ocr_carea' id='block_1_3' title="bbox 151 261 1797 2764">
    <p class='ocr_par' dir='ltr' id='par_1_3' title="bbox 156 261 1797 745">
     <span class='ocr_line' id='line_1_3' title="bbox 162 261 1793 319; baseline 0.001 -15"><span class='ocrx_word' id='word_1_10' title='bbox 162 263 255 305; x_wconf 91' lang='lat' dir='ltr'>licio</span> <span class='ocrx_word' id='word_1_11' title='bbox 291 265 328 304; x_wconf 89' lang='lat' dir='ltr'>in</span> <span class='ocrx_word' id='word_1_12' title='bbox 364 264 437 307; x_wconf 88' lang='lat' dir='ltr'>l&#39;er.</span> <span class='ocrx_word' id='word_1_13' title='bbox 477 261 505 304; x_wconf 83' lang='lat' dir='ltr'>V</span> <span class='ocrx_word' id='word_1_14' title='bbox 542 264 579 304; x_wconf 93' lang='lat' dir='ltr'>in</span> <span class='ocrx_word' id='word_1_15' title='bbox 614 261 656 306; x_wconf 82' lang='lat' dir='ltr'>C.</span> <span class='ocrx_word' id='word_1_16' title='bbox 692 261 754 315; x_wconf 89' lang='lat' dir='ltr'>D.,</span> <span class='ocrx_word' id='word_1_17' title='bbox 789 274 810 305; x_wconf 99' lang='grc'><strong>3</strong></span> <span class='ocrx_word' id='word_1_18' title='bbox 846 261 1043 305; x_wconf 89' lang='lat' dir='ltr'>Pontitice</span> <span class='ocrx_word' id='word_1_19' title='bbox 1086 275 1180 304; x_wconf 92' lang='lat' dir='ltr'>cum</span> <span class='ocrx_word' id='word_1_20' title='bbox 1226 262 1447 306; x_wconf 81' lang='lat' dir='ltr'>duodecim</span> <span class='ocrx_word' id='word_1_21' title='bbox 1485 262 1757 319; x_wconf 53' lang='lat' dir='ltr'>preshyteris)</span> <span class='ocrx_word' id='word_1_22' title='bbox 1782 264 1793 285; x_wconf 81' lang='lat'>¹</span> 
     </span>
     <span class='ocr_line' id='line_1_4' title="bbox 156 332 1794 391; baseline 0.002 -16"><span class='ocrx_word' id='word_1_23' title='bbox 156 333 352 390; x_wconf 77' lang='lat' dir='ltr'>prooeime</span> <span class='ocrx_word' id='word_1_24' title='bbox 383 333 618 390; x_wconf 70' lang='lat' dir='ltr'>superiore,</span> <span class='ocrx_word' id='word_1_25' title='bbox 652 346 725 376; x_wconf 89' lang='lat' dir='ltr'>seu</span> <span class='ocrx_word' id='word_1_26' title='bbox 759 345 866 390; x_wconf 85' lang='lat' dir='ltr'>quae</span> <span class='ocrx_word' id='word_1_27' title='bbox 901 332 1045 375; x_wconf 91' lang='lat' dir='ltr'>ultimo</span> <span class='ocrx_word' id='word_1_28' title='bbox 1079 335 1232 387; x_wconf 84' lang='lat' dir='ltr'>evenit,</span> <span class='ocrx_word' id='word_1_29' title='bbox 1269 335 1321 376; x_wconf 90' lang='lat' dir='ltr'>ita</span> <span class='ocrx_word' id='word_1_30' title='bbox 1356 334 1464 391; x_wconf 73' lang='lat' dir='ltr'>quod</span> <span class='ocrx_word' id='word_1_31' title='bbox 1506 349 1527 374; x_wconf 75' lang='grc' dir='ltr'>ε(</span> <span class='ocrx_word' id='word_1_32' title='bbox 1552 334 1732 390; x_wconf 76' lang='lat' dir='ltr'>parocho</span> <span class='ocrx_word' id='word_1_33' title='bbox 1757 340 1794 378; x_wconf 91' lang='lat' dir='ltr'>et</span> 
     </span>
     <span class='ocr_line' id='line_1_5' title="bbox 158 403 1792 461; baseline 0.001 -15"><span class='ocrx_word' id='word_1_34' title='bbox 158 403 249 447; x_wconf 87' lang='lat' dir='ltr'>aliis</span> <span class='ocrx_word' id='word_1_35' title='bbox 281 406 350 461; x_wconf 85' lang='lat' dir='ltr'>qui</span> <span class='ocrx_word' id='word_1_36' title='bbox 385 406 444 447; x_wconf 88' lang='lat' dir='ltr'>eis</span> <span class='ocrx_word' id='word_1_37' title='bbox 469 404 656 460; x_wconf 87' lang='lat' dir='ltr'>indigent</span> <span class='ocrx_word' id='word_1_38' title='bbox 679 403 911 447; x_wconf 89' lang='lat' dir='ltr'>curandum</span> <span class='ocrx_word' id='word_1_39' title='bbox 936 406 1000 454; x_wconf 84' lang='lat' dir='ltr'>sit,</span> <span class='ocrx_word' id='word_1_40' title='bbox 1027 408 1069 446; x_wconf 92' lang='lat' dir='ltr'>ut</span> <span class='ocrx_word' id='word_1_41' title='bbox 1092 416 1138 447; x_wconf 89' lang='lat' dir='ltr'>ea</span> <span class='ocrx_word' id='word_1_42' title='bbox 1162 417 1236 446; x_wconf 87' lang='lat' dir='ltr'>suo</span> <span class='ocrx_word' id='word_1_43' title='bbox 1261 409 1447 460; x_wconf 90' lang='lat' dir='ltr'>tempore</span> <span class='ocrx_word' id='word_1_44' title='bbox 1480 407 1792 461; x_wconf 77' lang='lat' dir='ltr'>quamprimum</span> 
     </span>
     <span class='ocr_line' id='line_1_6' title="bbox 156 473 1796 532; baseline 0 -15"><span class='ocrx_word' id='word_1_45' title='bbox 156 474 347 529; x_wconf 86' lang='lat' dir='ltr'>habeant,</span> <span class='ocrx_word' id='word_1_46' title='bbox 382 480 421 518; x_wconf 91' lang='lat' dir='ltr'>et</span> <span class='ocrx_word' id='word_1_47' title='bbox 456 479 552 518; x_wconf 88' lang='lat' dir='ltr'>tunc</span> <span class='ocrx_word' id='word_1_48' title='bbox 582 479 721 518; x_wconf 88' lang='lat' dir='ltr'>vetera</span> <span class='ocrx_word' id='word_1_49' title='bbox 747 477 785 517; x_wconf 93' lang='lat' dir='ltr'>in</span> <span class='ocrx_word' id='word_1_50' title='bbox 811 474 996 518; x_wconf 81' lang='lat' dir='ltr'>Ecclesia</span> <span class='ocrx_word' id='word_1_51' title='bbox 1030 473 1278 517; x_wconf 76' lang='lat' dir='ltr'>comburant</span> <span class='ocrx_word' id='word_1_52' title='bbox 1304 490 1323 516; x_wconf 86' lang='grc'>))</span> <span class='ocrx_word' id='word_1_53' title='bbox 1406 489 1538 532; x_wconf 72' lang='lat' dir='ltr'>neque</span> <span class='ocrx_word' id='word_1_54' title='bbox 1564 474 1796 518; x_wconf 58' lang='lat' dir='ltr'>adhibeati-</span> 
     </span>
     <span class='ocr_line' id='line_1_7' title="bbox 161 545 1797 603; baseline 0.001 -15"><span class='ocrx_word' id='word_1_55' title='bbox 161 552 230 589; x_wconf 67' lang='grc' dir='ltr'>ιω·</span> <span class='ocrx_word' id='word_1_56' title='bbox 261 551 418 600; x_wconf 75' lang='lat' dir='ltr'>vetera,</span> <span class='ocrx_word' id='word_1_57' title='bbox 450 546 628 590; x_wconf 87' lang='lat' dir='ltr'>scilicet:</span> <span class='ocrx_word' id='word_1_58' title='bbox 662 559 741 589; x_wconf 90' lang='lat' dir='ltr'>non</span> <span class='ocrx_word' id='word_1_59' title='bbox 778 545 930 590; x_wconf 90' lang='lat' dir='ltr'>utenda</span> <span class='ocrx_word' id='word_1_60' title='bbox 965 550 1059 588; x_wconf 90' lang='lat' dir='ltr'>sunt</span> <span class='ocrx_word' id='word_1_61' title='bbox 1093 545 1198 589; x_wconf 91' lang='lat' dir='ltr'>ultra</span> <span class='ocrx_word' id='word_1_62' title='bbox 1233 558 1385 589; x_wconf 89' lang='lat' dir='ltr'>annum</span> <span class='ocrx_word' id='word_1_63' title='bbox 1422 546 1681 603; x_wconf 80' lang='lat' dir='ltr'>liturgicum,</span> <span class='ocrx_word' id='word_1_64' title='bbox 1712 547 1797 590; x_wconf 71' lang='lat' dir='ltr'>uisi</span> 
     </span>
     <span class='ocr_line' id='line_1_8' title="bbox 159 617 1793 674; baseline 0.001 -14"><span class='ocrx_word' id='word_1_65' title='bbox 159 617 386 660; x_wconf 70' lang='lat' dir='ltr'>neces-silas</span> <span class='ocrx_word' id='word_1_66' title='bbox 420 623 584 674; x_wconf 72' lang='lat' dir='ltr'>urqeat,</span> <span class='ocrx_word' id='word_1_67' title='bbox 618 631 789 674; x_wconf 90' lang='lat' dir='ltr'>nempe:</span> <span class='ocrx_word' id='word_1_68' title='bbox 828 617 967 660; x_wconf 86' lang='lat' dir='ltr'>utendi</span> <span class='ocrx_word' id='word_1_69' title='bbox 1002 619 1131 661; x_wconf 84' lang='lat' dir='ltr'>sacris</span> <span class='ocrx_word' id='word_1_70' title='bbox 1165 617 1280 671; x_wconf 90' lang='lat' dir='ltr'>oleis,</span> <span class='ocrx_word' id='word_1_71' title='bbox 1313 618 1410 660; x_wconf 92' lang='lat' dir='ltr'>dum</span> <span class='ocrx_word' id='word_1_72' title='bbox 1448 624 1635 662; x_wconf 73' lang='lat' dir='ltr'>recenter</span> <span class='ocrx_word' id='word_1_73' title='bbox 1671 619 1793 663; x_wconf 87' lang='lat' dir='ltr'>hene-</span> 
     </span>
     <span class='ocr_line' id='line_1_9' title="bbox 158 688 831 745; baseline 0 -13"><span class='ocrx_word' id='word_1_74' title='bbox 158 689 268 732; x_wconf 85' lang='lat' dir='ltr'>dicta</span> <span class='ocrx_word' id='word_1_75' title='bbox 302 702 380 732; x_wconf 92' lang='lat' dir='ltr'>non</span> <span class='ocrx_word' id='word_1_76' title='bbox 416 693 639 745; x_wconf 89' lang='lat' dir='ltr'>potuerunt.</span> <span class='ocrx_word' id='word_1_77' title='bbox 672 688 831 732; x_wconf 90' lang='lat' dir='ltr'>haberi.</span> 
     </span>
    </p>

    <p class='ocr_par' dir='ltr' id='par_1_4' title="bbox 156 759 1794 1386">
     <span class='ocr_line' id='line_1_10' title="bbox 275 759 1788 818; baseline 0.001 -14"><span class='ocrx_word' id='word_1_78' title='bbox 275 759 377 804; x_wconf 89' lang='lat' dir='ltr'>Cum</span> <span class='ocrx_word' id='word_1_79' title='bbox 424 773 524 803; x_wconf 84' lang='lat' dir='ltr'>vero</span> <span class='ocrx_word' id='word_1_80' title='bbox 566 765 734 817; x_wconf 86' lang='lat' dir='ltr'>propter</span> <span class='ocrx_word' id='word_1_81' title='bbox 777 760 969 804; x_wconf 84' lang='lat' dir='ltr'>diversas</span> <span class='ocrx_word' id='word_1_82' title='bbox 1007 763 1354 811; x_wconf 82' lang='lat' dir='ltr'>circumstantias,</span> <span class='ocrx_word' id='word_1_83' title='bbox 1395 776 1431 804; x_wconf 72' lang='lat' dir='ltr'>v.</span> <span class='ocrx_word' id='word_1_84' title='bbox 1466 776 1528 818; x_wconf 85' lang='lat' dir='ltr'>gr.</span> <span class='ocrx_word' id='word_1_85' title='bbox 1547 764 1788 806; x_wconf 78' lang='lat' dir='ltr'>effusionem</span> 
     </span>
     <span class='ocr_line' id='line_1_11' title="bbox 158 831 1792 889; baseline 0.001 -15"><span class='ocrx_word' id='word_1_86' title='bbox 158 831 250 886; x_wconf 91' lang='lat' dir='ltr'>olei,</span> <span class='ocrx_word' id='word_1_87' title='bbox 285 844 478 888; x_wconf 90' lang='lat' dir='ltr'>maguam</span> <span class='ocrx_word' id='word_1_88' title='bbox 516 836 679 888; x_wconf 91' lang='lat' dir='ltr'>praeter</span> <span class='ocrx_word' id='word_1_89' title='bbox 712 833 1046 889; x_wconf 81' lang='lat' dir='ltr'>expectationem</span> <span class='ocrx_word' id='word_1_90' title='bbox 1083 833 1343 875; x_wconf 85' lang='lat' dir='ltr'>intirmorum</span> <span class='ocrx_word' id='word_1_91' title='bbox 1378 833 1685 877; x_wconf 76' lang='lat' dir='ltr'>multitudinem</span> <span class='ocrx_word' id='word_1_92' title='bbox 1711 839 1792 877; x_wconf 90' lang='lat' dir='ltr'>etc.</span> 
     </span>
     <span class='ocr_line' id='line_1_12' title="bbox 157 901 1788 962; baseline 0.001 -16"><span class='ocrx_word' id='word_1_93' title='bbox 157 903 338 947; x_wconf 84' lang='lat' dir='ltr'>delicere</span> <span class='ocrx_word' id='word_1_94' title='bbox 371 902 460 946; x_wconf 86' lang='lat' dir='ltr'>olea</span> <span class='ocrx_word' id='word_1_95' title='bbox 494 908 665 960; x_wconf 86' lang='lat' dir='ltr'>queunt,</span> <span class='ocrx_word' id='word_1_96' title='bbox 699 905 755 946; x_wconf 91' lang='lat' dir='ltr'>ait</span> <span class='ocrx_word' id='word_1_97' title='bbox 787 905 812 957; x_wconf 69' lang='lat' dir='ltr'>g·</span> <span class='ocrx_word' id='word_1_98' title='bbox 836 903 873 946; x_wconf 61' lang='grc' dir='ltr'>Ξ).</span> <span class='ocrx_word' id='word_1_99' title='bbox 911 901 1007 946; x_wconf 70' lang='lat' dir='ltr'>Moz</span> <span class='ocrx_word' id='word_1_100' title='bbox 1041 903 1252 960; x_wconf 72' lang='lat' dir='ltr'>deficienti?</span> <span class='ocrx_word' id='word_1_101' title='bbox 1285 902 1374 946; x_wconf 79' lang='lat' dir='ltr'>oleo</span> <span class='ocrx_word' id='word_1_102' title='bbox 1408 903 1635 957; x_wconf 71' lang='lat' dir='ltr'>benedicio,</span> <span class='ocrx_word' id='word_1_103' title='bbox 1661 904 1788 962; x_wconf 81' lang='lat' dir='ltr'>(quod</span> 
     </span>
     <span class='ocr_line' id='line_1_13' title="bbox 158 973 1792 1033; baseline 0.001 -16"><span class='ocrx_word' id='word_1_104' title='bbox 158 974 266 1018; x_wconf 90' lang='lat' dir='ltr'>idem</span> <span class='ocrx_word' id='word_1_105' title='bbox 302 979 363 1018; x_wconf 91' lang='lat' dir='ltr'>est</span> <span class='ocrx_word' id='word_1_106' title='bbox 395 986 442 1018; x_wconf 90' lang='grc'>30</span> <span class='ocrx_word' id='word_1_107' title='bbox 476 974 613 1017; x_wconf 90' lang='lat' dir='ltr'>oleum</span> <span class='ocrx_word' id='word_1_108' title='bbox 647 986 829 1029; x_wconf 83' lang='lat' dir='ltr'>sacrum,</span> <span class='ocrx_word' id='word_1_109' title='bbox 863 973 940 1017; x_wconf 87' lang='lat' dir='ltr'>sub</span> <span class='ocrx_word' id='word_1_110' title='bbox 972 987 1054 1032; x_wconf 87' lang='lat' dir='ltr'>quo</span> <span class='ocrx_word' id='word_1_111' title='bbox 1088 977 1212 1018; x_wconf 84' lang='lat' dir='ltr'>etiam</span> <span class='ocrx_word' id='word_1_112' title='bbox 1247 986 1411 1018; x_wconf 90' lang='lat' dir='ltr'>sacrum</span> <span class='ocrx_word' id='word_1_113' title='bbox 1437 974 1616 1019; x_wconf 82' lang='lat' dir='ltr'>chrisma</span> <span class='ocrx_word' id='word_1_114' title='bbox 1646 976 1792 1033; x_wconf 72' lang='lat' dir='ltr'>venit),</span> 
     </span>
     <span class='ocr_line' id='line_1_14' title="bbox 157 1045 1789 1104; baseline 0.001 -15"><span class='ocrx_word' id='word_1_115' title='bbox 157 1046 325 1104; x_wconf 85' lang='lat' dir='ltr'>quando</span> <span class='ocrx_word' id='word_1_116' title='bbox 358 1058 507 1101; x_wconf 89' lang='lat' dir='ltr'>nempe</span> <span class='ocrx_word' id='word_1_117' title='bbox 542 1045 580 1088; x_wconf 92' lang='lat' dir='ltr'>id</span> <span class='ocrx_word' id='word_1_118' title='bbox 618 1045 845 1102; x_wconf 86' lang='lat' dir='ltr'>prudenter</span> <span class='ocrx_word' id='word_1_119' title='bbox 869 1045 1165 1102; x_wconf 86' lang='lat' dir='ltr'>praevideatur</span> <span class='ocrx_word' id='word_1_120' title='bbox 1189 1048 1439 1102; x_wconf 87' lang='lat' dir='ltr'>proximum,</span> <span class='ocrx_word' id='word_1_121' title='bbox 1461 1059 1508 1089; x_wconf 91' lang='lat' dir='ltr'>eo</span> <span class='ocrx_word' id='word_1_122' title='bbox 1532 1047 1640 1104; x_wconf 79' lang='lat' dir='ltr'>quod</span> <span class='ocrx_word' id='word_1_123' title='bbox 1666 1050 1789 1090; x_wconf 88' lang='lat' dir='ltr'>etiam</span> 
     </span>
     <span class='ocr_line' id='line_1_15' title="bbox 163 1115 1792 1173; baseline 0.004 -18"><span class='ocrx_word' id='word_1_124' title='bbox 163 1131 184 1157; x_wconf 86' lang='lat'><strong><em>«</em></strong></span> <span class='ocrx_word' id='word_1_125' title='bbox 207 1116 286 1160; x_wconf 90' lang='lat' dir='ltr'>alia</span> <span class='ocrx_word' id='word_1_126' title='bbox 320 1116 537 1160; x_wconf 86' lang='lat' dir='ltr'>benedicta</span> <span class='ocrx_word' id='word_1_127' title='bbox 571 1115 714 1160; x_wconf 87' lang='lat' dir='ltr'>haberi</span> <span class='ocrx_word' id='word_1_128' title='bbox 750 1120 1003 1173; x_wconf 80' lang='lat' dir='ltr'>nequeant»</span> <span class='ocrx_word' id='word_1_129' title='bbox 1034 1116 1061 1168; x_wconf 76' lang='lat'>³,</span> <span class='ocrx_word' id='word_1_130' title='bbox 1098 1116 1219 1159; x_wconf 79' lang='lat' dir='ltr'>aliud</span> <span class='ocrx_word' id='word_1_131' title='bbox 1241 1116 1377 1159; x_wconf 78' lang='lat' dir='ltr'>oleum</span> <span class='ocrx_word' id='word_1_132' title='bbox 1409 1116 1460 1159; x_wconf 77' lang='lat' dir='ltr'>de</span> <span class='ocrx_word' id='word_1_133' title='bbox 1477 1116 1601 1160; x_wconf 69' lang='lat' dir='ltr'>olivis</span> <span class='ocrx_word' id='word_1_134' title='bbox 1627 1132 1708 1161; x_wconf 75' lang='lat' dir='ltr'>uon</span> <span class='ocrx_word' id='word_1_135' title='bbox 1732 1117 1792 1161; x_wconf 83' lang='lat' dir='ltr'>be-</span> 
     </span>
     <span class='ocr_line' id='line_1_16' title="bbox 158 1185 1790 1243; baseline 0.001 -13"><span class='ocrx_word' id='word_1_136' title='bbox 158 1186 368 1230; x_wconf 75' lang='lat' dir='ltr'>nedictum</span> <span class='ocrx_word' id='word_1_137' title='bbox 401 1185 650 1243; x_wconf 64' lang='lat' dir='ltr'>adiicietur,</span> <span class='ocrx_word' id='word_1_138' title='bbox 686 1200 764 1229; x_wconf 92' lang='lat' dir='ltr'>non</span> <span class='ocrx_word' id='word_1_139' title='bbox 802 1191 959 1230; x_wconf 82' lang='lat' dir='ltr'>tantum</span> <span class='ocrx_word' id='word_1_140' title='bbox 994 1186 1138 1241; x_wconf 87' lang='lat' dir='ltr'>semel,</span> <span class='ocrx_word' id='word_1_141' title='bbox 1170 1187 1241 1230; x_wconf 91' lang='lat' dir='ltr'>sed</span> <span class='ocrx_word' id='word_1_142' title='bbox 1277 1191 1453 1243; x_wconf 85' lang='lat' dir='ltr'>urgente</span> <span class='ocrx_word' id='word_1_143' title='bbox 1484 1188 1633 1231; x_wconf 89' lang='lat' dir='ltr'>eadem</span> <span class='ocrx_word' id='word_1_144' title='bbox 1668 1201 1790 1232; x_wconf 77' lang='lat' dir='ltr'>causa</span> 
     </span>
     <span class='ocr_line' id='line_1_17' title="bbox 156 1257 1794 1315; baseline 0.002 -15"><span class='ocrx_word' id='word_1_145' title='bbox 156 1257 284 1300; x_wconf 77' lang='lat' dir='ltr'>etiam</span> <span class='ocrx_word' id='word_1_146' title='bbox 317 1258 486 1314; x_wconf 74' lang='lat' dir='ltr'>iterato,</span> <span class='ocrx_word' id='word_1_147' title='bbox 521 1260 558 1300; x_wconf 92' lang='lat' dir='ltr'>in</span> <span class='ocrx_word' id='word_1_148' title='bbox 597 1262 774 1314; x_wconf 85' lang='lat' dir='ltr'>utroque</span> <span class='ocrx_word' id='word_1_149' title='bbox 811 1270 909 1301; x_wconf 91' lang='lat' dir='ltr'>casu</span> <span class='ocrx_word' id='word_1_150' title='bbox 943 1257 1106 1300; x_wconf 58' lang='lat' dir='ltr'>mitiore</span> <span class='ocrx_word' id='word_1_151' title='bbox 1141 1263 1278 1300; x_wconf 71' lang='grc' dir='ltr'><em>Ιαηιθη</em></span> <span class='ocrx_word' id='word_1_152' title='bbox 1306 1258 1426 1315; x_wconf 69' lang='lat' dir='ltr'>eopia</span> <span class='ocrx_word' id='word_1_153' title='bbox 1452 1265 1642 1315; x_wconf 86' lang='lat' dir='ltr'>respectu</span> <span class='ocrx_word' id='word_1_154' title='bbox 1670 1259 1794 1313; x_wconf 86' lang='lat' dir='ltr'>illius,</span> 
     </span>
     <span class='ocr_line' id='line_1_18' title="bbox 156 1328 912 1386; baseline 0 -15"><span class='ocrx_word' id='word_1_155' title='bbox 156 1331 225 1386; x_wconf 86' lang='lat' dir='ltr'>qui</span> <span class='ocrx_word' id='word_1_156' title='bbox 262 1333 471 1371; x_wconf 86' lang='lat' dir='ltr'>momento</span> <span class='ocrx_word' id='word_1_157' title='bbox 505 1328 752 1371; x_wconf 86' lang='lat' dir='ltr'>adiectionis</span> <span class='ocrx_word' id='word_1_158' title='bbox 787 1332 912 1371; x_wconf 85' lang='lat' dir='ltr'>extet.</span> 
     </span>
    </p>

    <p class='ocr_par' dir='ltr' id='par_1_5' title="bbox 153 1399 1791 2385">
     <span class='ocr_line' id='line_1_19' title="bbox 280 1399 1789 1446; baseline 0 -2"><span class='ocrx_word' id='word_1_159' title='bbox 280 1399 343 1444; x_wconf 81' lang='grc'><strong>14,</strong></span> <span class='ocrx_word' id='word_1_160' title='bbox 379 1400 452 1445; x_wconf 88' lang='lat' dir='ltr'>De</span> <span class='ocrx_word' id='word_1_161' title='bbox 485 1401 709 1445; x_wconf 84' lang='lat' dir='ltr'>custodia</span> <span class='ocrx_word' id='word_1_162' title='bbox 746 1413 1001 1445; x_wconf 85' lang='lat' dir='ltr'>sacrorum</span> <span class='ocrx_word' id='word_1_163' title='bbox 1040 1401 1276 1446; x_wconf 84' lang='lat' dir='ltr'>oleorum.</span> <span class='ocrx_word' id='word_1_164' title='bbox 1309 1427 1335 1432; x_wconf 84' lang='lat'>-</span> <span class='ocrx_word' id='word_1_165' title='bbox 1372 1401 1471 1443; x_wconf 60' lang='lat' dir='ltr'>(fimi.</span> <span class='ocrx_word' id='word_1_166' title='bbox 1508 1404 1613 1444; x_wconf 64' lang='lat'>735.</span> <span class='ocrx_word' id='word_1_167' title='bbox 1649 1401 1789 1445; x_wconf 76' lang='lat' dir='ltr'>Paro—</span> 
     </span>
     <span class='ocr_line' id='line_1_20' title="bbox 155 1469 1788 1529; baseline 0.003 -17"><span class='ocrx_word' id='word_1_168' title='bbox 155 1469 269 1520; x_wconf 77' lang='lat' dir='ltr'>clms,</span> <span class='ocrx_word' id='word_1_169' title='bbox 303 1483 351 1513; x_wconf 90' lang='lat' dir='ltr'>eo</span> <span class='ocrx_word' id='word_1_170' title='bbox 383 1469 493 1527; x_wconf 86' lang='lat' dir='ltr'>quod</span> <span class='ocrx_word' id='word_1_171' title='bbox 531 1471 606 1513; x_wconf 86' lang='lat' dir='ltr'>iste</span> <span class='ocrx_word' id='word_1_172' title='bbox 639 1469 752 1513; x_wconf 90' lang='lat' dir='ltr'>solus</span> <span class='ocrx_word' id='word_1_173' title='bbox 784 1469 996 1513; x_wconf 86' lang='lat' dir='ltr'>ordinarie</span> <span class='ocrx_word' id='word_1_174' title='bbox 1029 1470 1212 1527; x_wconf 81' lang='lat' dir='ltr'>indigeat</span> <span class='ocrx_word' id='word_1_175' title='bbox 1246 1484 1343 1527; x_wconf 91' lang='lat' dir='ltr'>prae</span> <span class='ocrx_word' id='word_1_176' title='bbox 1372 1471 1464 1515; x_wconf 86' lang='lat' dir='ltr'>aliis</span> <span class='ocrx_word' id='word_1_177' title='bbox 1486 1473 1788 1529; x_wconf 88' lang='lat' dir='ltr'>sacerdotibus,</span> 
     </span>
     <span class='ocr_line' id='line_1_21' title="bbox 154 1540 1788 1599; baseline 0.002 -16"><span class='ocrx_word' id='word_1_178' title='bbox 154 1540 188 1583; x_wconf 87' lang='lat'>10</span> <span class='ocrx_word' id='word_1_179' title='bbox 221 1540 313 1584; x_wconf 82' lang='lat' dir='ltr'>olea</span> <span class='ocrx_word' id='word_1_180' title='bbox 346 1553 472 1583; x_wconf 79' lang='lat' dir='ltr'>sacra</span> <span class='ocrx_word' id='word_1_181' title='bbox 520 1542 597 1584; x_wconf 90' lang='lat' dir='ltr'>tria</span> <span class='ocrx_word' id='word_1_182' title='bbox 649 1542 832 1597; x_wconf 76' lang='lat' dir='ltr'>praefata</span> <span class='ocrx_word' id='word_1_183' title='bbox 882 1555 907 1583; x_wconf 85' lang='grc' dir='ltr'><em>α</em></span> <span class='ocrx_word' id='word_1_184' title='bbox 955 1555 1030 1584; x_wconf 75' lang='lat' dir='ltr'>suo</span> <span class='ocrx_word' id='word_1_185' title='bbox 1068 1540 1317 1597; x_wconf 74' lang='lat' dir='ltr'>Ordinart&#39;o,</span> <span class='ocrx_word' id='word_1_186' title='bbox 1361 1555 1531 1599; x_wconf 88' lang='lat' dir='ltr'>nempe:</span> <span class='ocrx_word' id='word_1_187' title='bbox 1577 1543 1669 1598; x_wconf 91' lang='lat' dir='ltr'>loci,</span> <span class='ocrx_word' id='word_1_188' title='bbox 1713 1546 1788 1587; x_wconf 90' lang='lat' dir='ltr'>etsi</span> 
     </span>
     <span class='ocr_line' id='line_1_22' title="bbox 154 1610 1789 1670; baseline 0.001 -14"><span class='ocrx_word' id='word_1_189' title='bbox 154 1611 385 1669; x_wconf 87' lang='lat' dir='ltr'>Episcopus</span> <span class='ocrx_word' id='word_1_190' title='bbox 419 1625 497 1655; x_wconf 91' lang='lat' dir='ltr'>non</span> <span class='ocrx_word' id='word_1_191' title='bbox 532 1614 597 1667; x_wconf 87' lang='lat' dir='ltr'>sit,</span> <span class='ocrx_word' id='word_1_192' title='bbox 628 1617 773 1670; x_wconf 73' lang='lat' dir='ltr'>petere</span> <span class='ocrx_word' id='word_1_193' title='bbox 804 1610 935 1661; x_wconf 81' lang='lat' dir='ltr'>debet,</span> <span class='ocrx_word' id='word_1_194' title='bbox 969 1615 1064 1670; x_wconf 90' lang='lat' dir='ltr'>quia</span> <span class='ocrx_word' id='word_1_195' title='bbox 1102 1612 1210 1656; x_wconf 89' lang='lat' dir='ltr'>illius</span> <span class='ocrx_word' id='word_1_196' title='bbox 1243 1618 1303 1657; x_wconf 89' lang='lat' dir='ltr'>est</span> <span class='ocrx_word' id='word_1_197' title='bbox 1336 1614 1387 1657; x_wconf 91' lang='lat' dir='ltr'>de</span> <span class='ocrx_word' id='word_1_198' title='bbox 1420 1616 1550 1657; x_wconf 87' lang='lat' dir='ltr'>sacris</span> <span class='ocrx_word' id='word_1_199' title='bbox 1574 1614 1674 1658; x_wconf 90' lang='lat' dir='ltr'>oleis</span> <span class='ocrx_word' id='word_1_200' title='bbox 1709 1620 1789 1659; x_wconf 86' lang='lat' dir='ltr'>ter-</span> 
     </span>
     <span class='ocr_line' id='line_1_23' title="bbox 155 1682 1789 1742; baseline 0.003 -17"><span class='ocrx_word' id='word_1_201' title='bbox 155 1684 297 1726; x_wconf 90' lang='lat' dir='ltr'>ritorio</span> <span class='ocrx_word' id='word_1_202' title='bbox 330 1682 406 1727; x_wconf 85' lang='lat' dir='ltr'>sibi</span> <span class='ocrx_word' id='word_1_203' title='bbox 441 1682 627 1727; x_wconf 90' lang='lat' dir='ltr'>subiecto</span> <span class='ocrx_word' id='word_1_204' title='bbox 664 1683 911 1740; x_wconf 88' lang='lat' dir='ltr'>providere;</span> <span class='ocrx_word' id='word_1_205' title='bbox 946 1689 984 1726; x_wconf 80' lang='lat' dir='ltr'>et</span> <span class='ocrx_word' id='word_1_206' title='bbox 1019 1688 1060 1738; x_wconf 87' lang='lat' dir='ltr'>a)</span> <span class='ocrx_word' id='word_1_207' title='bbox 1095 1684 1139 1727; x_wconf 72' lang='lat' dir='ltr'>iu</span> <span class='ocrx_word' id='word_1_208' title='bbox 1162 1683 1352 1739; x_wconf 76' lang='lat' dir='ltr'>ecelesia,</span> <span class='ocrx_word' id='word_1_209' title='bbox 1373 1691 1493 1742; x_wconf 85' lang='lat' dir='ltr'>prout</span> <span class='ocrx_word' id='word_1_210' title='bbox 1526 1686 1789 1730; x_wconf 86' lang='lat' dir='ltr'>asserebatur</span> 
     </span>
     <span class='ocr_line' id='line_1_24' title="bbox 156 1754 1790 1802; baseline 0.003 -5"><span class='ocrx_word' id='word_1_211' title='bbox 156 1757 193 1797; x_wconf 91' lang='lat' dir='ltr'>in</span> <span class='ocrx_word' id='word_1_212' title='bbox 228 1769 262 1798; x_wconf 92' lang='grc'>0.</span> <span class='ocrx_word' id='word_1_213' title='bbox 300 1755 318 1797; x_wconf 94' lang='grc'>1</span> <span class='ocrx_word' id='word_1_214' title='bbox 358 1757 415 1798; x_wconf 90' lang='lat' dir='ltr'>tit.</span> <span class='ocrx_word' id='word_1_215' title='bbox 451 1758 518 1798; x_wconf 90' lang='lat' dir='ltr'>cit.</span> <span class='ocrx_word' id='word_1_216' title='bbox 546 1755 560 1777; x_wconf 72' lang='lat'>4</span> <span class='ocrx_word' id='word_1_217' title='bbox 596 1754 797 1799; x_wconf 87' lang='lat' dir='ltr'>Decretal.</span> <span class='ocrx_word' id='word_1_218' title='bbox 834 1755 885 1798; x_wconf 90' lang='lat' dir='ltr'>de</span> <span class='ocrx_word' id='word_1_219' title='bbox 917 1768 1037 1799; x_wconf 88' lang='lat' dir='ltr'>sacro</span> <span class='ocrx_word' id='word_1_220' title='bbox 1070 1755 1295 1800; x_wconf 87' lang='lat' dir='ltr'>chrismate</span> <span class='ocrx_word' id='word_1_221' title='bbox 1327 1757 1449 1800; x_wconf 92' lang='lat' dir='ltr'>simul</span> <span class='ocrx_word' id='word_1_222' title='bbox 1482 1770 1530 1801; x_wconf 90' lang='grc'>30</span> <span class='ocrx_word' id='word_1_223' title='bbox 1552 1758 1603 1801; x_wconf 90' lang='lat' dir='ltr'>de</span> <span class='ocrx_word' id='word_1_224' title='bbox 1630 1758 1790 1802; x_wconf 86' lang='lat' dir='ltr'>Eucha-</span> 
     </span>
     <span class='ocr_line' id='line_1_25' title="bbox 155 1826 1791 1884; baseline 0.002 -16"><span class='ocrx_word' id='word_1_225' title='bbox 155 1828 280 1876; x_wconf 80' lang='lat' dir='ltr'>ristia‚</span> <span class='ocrx_word' id='word_1_226' title='bbox 315 1839 365 1869; x_wconf 85' lang='lat' dir='ltr'>ex</span> <span class='ocrx_word' id='word_1_227' title='bbox 399 1839 482 1884; x_wconf 87' lang='lat' dir='ltr'>quo</span> <span class='ocrx_word' id='word_1_228' title='bbox 516 1838 605 1882; x_wconf 81' lang='lat' dir='ltr'>cap,</span> <span class='ocrx_word' id='word_1_229' title='bbox 638 1828 826 1870; x_wconf 83' lang='lat' dir='ltr'>sacristia</span> <span class='ocrx_word' id='word_1_230' title='bbox 861 1826 1173 1882; x_wconf 83' lang='lat' dir='ltr'>excluderetur,</span> <span class='ocrx_word' id='word_1_231' title='bbox 1205 1827 1276 1871; x_wconf 87' lang='lat' dir='ltr'>sed</span> <span class='ocrx_word' id='word_1_232' title='bbox 1313 1830 1351 1870; x_wconf 90' lang='lat' dir='ltr'>in</span> <span class='ocrx_word' id='word_1_233' title='bbox 1385 1828 1537 1872; x_wconf 85' lang='lat' dir='ltr'>Codice</span> <span class='ocrx_word' id='word_1_234' title='bbox 1571 1828 1623 1873; x_wconf 86' lang='lat' dir='ltr'>ob</span> <span class='ocrx_word' id='word_1_235' title='bbox 1655 1829 1791 1876; x_wconf 87' lang='lat' dir='ltr'>analo-</span> 
     </span>
     <span class='ocr_line' id='line_1_26' title="bbox 154 1897 1789 1956; baseline 0.003 -17"><span class='ocrx_word' id='word_1_236' title='bbox 154 1899 263 1953; x_wconf 86' lang='lat' dir='ltr'>giam</span> <span class='ocrx_word' id='word_1_237' title='bbox 298 1910 387 1942; x_wconf 88' lang='lat' dir='ltr'>cau.</span> <span class='ocrx_word' id='word_1_238' title='bbox 426 1897 554 1952; x_wconf 70' lang='lat'>1269,</span> <span class='ocrx_word' id='word_1_239' title='bbox 586 1897 614 1956; x_wconf 61' lang='grc' dir='ltr'><strong>ξ</strong></span> <span class='ocrx_word' id='word_1_240' title='bbox 648 1897 672 1940; x_wconf 84' lang='lat'><strong>3</strong></span> <span class='ocrx_word' id='word_1_241' title='bbox 709 1903 749 1941; x_wconf 91' lang='lat' dir='ltr'>et</span> <span class='ocrx_word' id='word_1_242' title='bbox 783 1897 932 1941; x_wconf 89' lang='lat' dir='ltr'>horum</span> <span class='ocrx_word' id='word_1_243' title='bbox 966 1911 1073 1956; x_wconf 82' lang='lat' dir='ltr'>quae</span> <span class='ocrx_word' id='word_1_244' title='bbox 1111 1904 1343 1956; x_wconf 87' lang='lat' dir='ltr'>sequuntur</span> <span class='ocrx_word' id='word_1_245' title='bbox 1393 1902 1429 1942; x_wconf 93' lang='lat' dir='ltr'>in</span> <span class='ocrx_word' id='word_1_246' title='bbox 1482 1903 1688 1956; x_wconf 84' lang='lat' dir='ltr'>praesenti</span> <span class='ocrx_word' id='word_1_247' title='bbox 1723 1914 1789 1945; x_wconf 88' lang='lat' dir='ltr'>ca-</span> 
     </span>
     <span class='ocr_line' id='line_1_27' title="bbox 155 1968 1788 2028; baseline 0.002 -16"><span class='ocrx_word' id='word_1_248' title='bbox 155 1981 274 2018; x_wconf 90' lang='lat' dir='ltr'>none,</span> <span class='ocrx_word' id='word_1_249' title='bbox 308 1968 385 2012; x_wconf 89' lang='lat' dir='ltr'>sub</span> <span class='ocrx_word' id='word_1_250' title='bbox 418 1968 630 2013; x_wconf 88' lang='lat' dir='ltr'>Ecclesiae</span> <span class='ocrx_word' id='word_1_251' title='bbox 667 1971 836 2012; x_wconf 88' lang='lat' dir='ltr'>nomine</span> <span class='ocrx_word' id='word_1_252' title='bbox 878 1971 1109 2013; x_wconf 88' lang='lat' dir='ltr'>sacrarium</span> <span class='ocrx_word' id='word_1_253' title='bbox 1152 1970 1451 2027; x_wconf 85' lang='lat' dir='ltr'>comprehendi</span> <span class='ocrx_word' id='word_1_254' title='bbox 1487 1976 1632 2028; x_wconf 89' lang='lat' dir='ltr'>potest,</span> <span class='ocrx_word' id='word_1_255' title='bbox 1668 1972 1788 2015; x_wconf 91' lang='lat' dir='ltr'>dum-</span> 
     </span>
     <span class='ocr_line' id='line_1_28' title="bbox 154 2039 1786 2098; baseline 0.003 -16"><span class='ocrx_word' id='word_1_256' title='bbox 154 2039 277 2083; x_wconf 90' lang='lat' dir='ltr'>modo</span> <span class='ocrx_word' id='word_1_257' title='bbox 310 2039 355 2098; x_wconf 92' lang='lat' dir='ltr'>b)</span> <span class='ocrx_word' id='word_1_258' title='bbox 387 2039 431 2083; x_wconf 77' lang='lat' dir='ltr'>in</span> <span class='ocrx_word' id='word_1_259' title='bbox 465 2045 558 2084; x_wconf 78' lang='lat' dir='ltr'>tuta</span> <span class='ocrx_word' id='word_1_260' title='bbox 591 2040 632 2098; x_wconf 87' lang='lat' dir='ltr'>c)</span> <span class='ocrx_word' id='word_1_261' title='bbox 667 2054 716 2083; x_wconf 78' lang='lat' dir='ltr'>ae</span> <span class='ocrx_word' id='word_1_262' title='bbox 751 2040 915 2084; x_wconf 73' lang='lat' dir='ltr'>decenti</span> <span class='ocrx_word' id='word_1_263' title='bbox 948 2054 1020 2097; x_wconf 87' lang='lat' dir='ltr'>pro</span> <span class='ocrx_word' id='word_1_264' title='bbox 1054 2054 1194 2084; x_wconf 89' lang='lat' dir='ltr'>rerum</span> <span class='ocrx_word' id='word_1_265' title='bbox 1228 2046 1374 2085; x_wconf 87' lang='lat' dir='ltr'>natura</span> <span class='ocrx_word' id='word_1_266' title='bbox 1409 2047 1446 2086; x_wconf 90' lang='lat' dir='ltr'>et</span> <span class='ocrx_word' id='word_1_267' title='bbox 1483 2042 1786 2098; x_wconf 82' lang='lat' dir='ltr'>benedictione,</span> 
     </span>
     <span class='ocr_line' id='line_1_29' title="bbox 153 2109 1784 2170; baseline 0.003 -16"><span class='ocrx_word' id='word_1_268' title='bbox 153 2109 197 2168; x_wconf 79' lang='lat' dir='ltr'>d)</span> <span class='ocrx_word' id='word_1_269' title='bbox 231 2110 422 2155; x_wconf 78' lang='lat' dir='ltr'>custodia</span> <span class='ocrx_word' id='word_1_270' title='bbox 456 2111 529 2155; x_wconf 72' lang='lat' dir='ltr'>sub</span> <span class='ocrx_word' id='word_1_271' title='bbox 563 2111 673 2155; x_wconf 76' lang='lat' dir='ltr'>clavi</span> <span class='ocrx_word' id='word_1_272' title='bbox 710 2129 732 2154; x_wconf 79' lang='lat'>«</span> <span class='ocrx_word' id='word_1_273' title='bbox 757 2126 807 2155; x_wconf 92' lang='lat' dir='ltr'>ne</span> <span class='ocrx_word' id='word_1_274' title='bbox 840 2112 892 2156; x_wconf 89' lang='lat' dir='ltr'>ab</span> <span class='ocrx_word' id='word_1_275' title='bbox 924 2112 1078 2170; x_wconf 82' lang='lat' dir='ltr'>alique,</span> <span class='ocrx_word' id='word_1_276' title='bbox 1102 2114 1177 2156; x_wconf 91' lang='lat' dir='ltr'>nisi</span> <span class='ocrx_word' id='word_1_277' title='bbox 1213 2114 1492 2168; x_wconf 88' lang='lat' dir='ltr'>aSacerdote,</span> <span class='ocrx_word' id='word_1_278' title='bbox 1519 2119 1675 2158; x_wconf 88' lang='lat' dir='ltr'>temere</span> <span class='ocrx_word' id='word_1_279' title='bbox 1698 2119 1784 2158; x_wconf 88' lang='lat' dir='ltr'>tan·</span> 
     </span>
     <span class='ocr_line' id='line_1_30' title="bbox 153 2183 1786 2242; baseline 0.002 -16"><span class='ocrx_word' id='word_1_280' title='bbox 153 2186 317 2238; x_wconf 79' lang='lat' dir='ltr'>gantur,</span> <span class='ocrx_word' id='word_1_281' title='bbox 351 2188 421 2227; x_wconf 90' lang='lat' dir='ltr'>aut</span> <span class='ocrx_word' id='word_1_282' title='bbox 470 2185 530 2227; x_wconf 89' lang='lat' dir='ltr'>eis</span> <span class='ocrx_word' id='word_1_283' title='bbox 577 2183 782 2240; x_wconf 89' lang='lat' dir='ltr'>sacrilege</span> <span class='ocrx_word' id='word_1_284' title='bbox 830 2186 1049 2241; x_wconf 89' lang='lat' dir='ltr'>quisquam</span> <span class='ocrx_word' id='word_1_285' title='bbox 1090 2183 1204 2228; x_wconf 87' lang='lat' dir='ltr'>abuti</span> <span class='ocrx_word' id='word_1_286' title='bbox 1239 2188 1426 2242; x_wconf 82' lang='lat' dir='ltr'>possit»,</span> <span class='ocrx_word' id='word_1_287' title='bbox 1461 2191 1503 2229; x_wconf 91' lang='lat' dir='ltr'>ut</span> <span class='ocrx_word' id='word_1_288' title='bbox 1535 2188 1590 2229; x_wconf 88' lang='lat' dir='ltr'>ait</span> <span class='ocrx_word' id='word_1_289' title='bbox 1624 2185 1786 2230; x_wconf 87' lang='lat' dir='ltr'>Rituale</span> 
     </span>
     <span class='ocr_line' id='line_1_31' title="bbox 153 2253 1786 2314; baseline 0.002 -18"><span class='ocrx_word' id='word_1_290' title='bbox 153 2253 270 2298; x_wconf 89' lang='lat' dir='ltr'>Rom.</span> <span class='ocrx_word' id='word_1_291' title='bbox 296 2255 325 2309; x_wconf 52' lang='grc' dir='ltr'>ὃ,</span> <span class='ocrx_word' id='word_1_292' title='bbox 358 2253 589 2312; x_wconf 71' lang='lat' dir='ltr'>diliyenter</span> <span class='ocrx_word' id='word_1_293' title='bbox 621 2268 868 2302; x_wconf 76' lang='lat' dir='ltr'>asservare:</span> <span class='ocrx_word' id='word_1_294' title='bbox 912 2255 1127 2312; x_wconf 87' lang='lat' dir='ltr'>hucusque</span> <span class='ocrx_word' id='word_1_295' title='bbox 1172 2258 1310 2301; x_wconf 89' lang='lat' dir='ltr'>iussio.</span> <span class='ocrx_word' id='word_1_296' title='bbox 1346 2256 1614 2301; x_wconf 88' lang='lat' dir='ltr'>Subnectitur</span> <span class='ocrx_word' id='word_1_297' title='bbox 1647 2257 1786 2314; x_wconf 91' lang='lat' dir='ltr'>prohi-</span> 
     </span>
     <span class='ocr_line' id='line_1_32' title="bbox 155 2323 1787 2385; baseline 0.002 -18"><span class='ocrx_word' id='word_1_298' title='bbox 155 2323 275 2367; x_wconf 86' lang='lat' dir='ltr'>bitio:</span> <span class='ocrx_word' id='word_1_299' title='bbox 311 2324 362 2367; x_wconf 84' lang='grc' dir='ltr'>ΙΙ0</span> <span class='ocrx_word' id='word_1_300' title='bbox 396 2338 471 2367; x_wconf 66' lang='lat' dir='ltr'>uec</span> <span class='ocrx_word' id='word_1_301' title='bbox 503 2339 551 2367; x_wconf 81' lang='lat' dir='ltr'>ea</span> <span class='ocrx_word' id='word_1_302' title='bbox 586 2324 702 2368; x_wconf 75' lang='lat' dir='ltr'>domi</span> <span class='ocrx_word' id='word_1_303' title='bbox 724 2325 922 2381; x_wconf 74' lang='lat' dir='ltr'>retineat,</span> <span class='ocrx_word' id='word_1_304' title='bbox 948 2325 990 2382; x_wconf 91' lang='lat' dir='ltr'>a)</span> <span class='ocrx_word' id='word_1_305' title='bbox 1023 2325 1109 2368; x_wconf 70' lang='lat' dir='ltr'>uisi</span> <span class='ocrx_word' id='word_1_306' title='bbox 1138 2333 1314 2385; x_wconf 73' lang='lat' dir='ltr'>propter</span> <span class='ocrx_word' id='word_1_307' title='bbox 1345 2328 1636 2371; x_wconf 69' lang='lat' dir='ltr'>necessilatem</span> <span class='ocrx_word' id='word_1_308' title='bbox 1662 2342 1697 2369; x_wconf 75' lang='lat' dir='ltr'>v.</span> <span class='ocrx_word' id='word_1_309' title='bbox 1723 2342 1787 2385; x_wconf 90' lang='lat' dir='ltr'>gr.</span> 
     </span>
    </p>

    <p class='ocr_par' dir='ltr' id='par_1_6' title="bbox 151 2430 1789 2764">
     <span class='ocr_line' id='line_1_33' title="bbox 246 2430 1788 2478; baseline 0.003 -14"><span class='ocrx_word' id='word_1_310' title='bbox 246 2431 282 2475; x_wconf 55' lang='grc' dir='ltr'>Ψ</span> <span class='ocrx_word' id='word_1_311' title='bbox 309 2430 424 2465; x_wconf 87' lang='lat' dir='ltr'>Hanc</span> <span class='ocrx_word' id='word_1_312' title='bbox 450 2431 647 2476; x_wconf 86' lang='lat' dir='ltr'>duplicem</span> <span class='ocrx_word' id='word_1_313' title='bbox 674 2431 904 2477; x_wconf 70' lang='lat' dir='ltr'>liturgicum</span> <span class='ocrx_word' id='word_1_314' title='bbox 932 2432 1059 2477; x_wconf 87' lang='lat' dir='ltr'>legem</span> <span class='ocrx_word' id='word_1_315' title='bbox 1086 2432 1236 2467; x_wconf 74' lang='lat' dir='ltr'>relaxat</span> <span class='ocrx_word' id='word_1_316' title='bbox 1261 2444 1330 2478; x_wconf 84' lang='lat' dir='ltr'>pro</span> <span class='ocrx_word' id='word_1_317' title='bbox 1348 2434 1503 2468; x_wconf 84' lang='lat' dir='ltr'>casibus</span> <span class='ocrx_word' id='word_1_318' title='bbox 1517 2434 1687 2469; x_wconf 81' lang='lat' dir='ltr'>facultas</span> <span class='ocrx_word' id='word_1_319' title='bbox 1701 2445 1788 2469; x_wconf 85' lang='lat' dir='ltr'>con·</span> 
     </span>
     <span class='ocr_line' id='line_1_34' title="bbox 151 2477 1787 2527; baseline 0.004 -17"><span class='ocrx_word' id='word_1_320' title='bbox 151 2488 260 2512; x_wconf 83' lang='lat' dir='ltr'>cessa</span> <span class='ocrx_word' id='word_1_321' title='bbox 286 2477 455 2513; x_wconf 87' lang='lat' dir='ltr'>Vicariis</span> <span class='ocrx_word' id='word_1_322' title='bbox 474 2484 514 2514; x_wconf 79' lang='lat' dir='ltr'>et</span> <span class='ocrx_word' id='word_1_323' title='bbox 533 2477 750 2514; x_wconf 77' lang='lat' dir='ltr'>Praefectis</span> <span class='ocrx_word' id='word_1_324' title='bbox 769 2480 919 2524; x_wconf 87' lang='lat' dir='ltr'>Aplcis.</span> <span class='ocrx_word' id='word_1_325' title='bbox 941 2479 1164 2515; x_wconf 80' lang='lat' dir='ltr'>charactere</span> <span class='ocrx_word' id='word_1_326' title='bbox 1183 2481 1395 2526; x_wconf 72' lang='lat' dir='ltr'>episcopali</span> <span class='ocrx_word' id='word_1_327' title='bbox 1415 2481 1624 2527; x_wconf 83' lang='lat' dir='ltr'>insignitis</span> <span class='ocrx_word' id='word_1_328' title='bbox 1643 2482 1787 2526; x_wconf 68' lang='lat' dir='ltr'>&lt;Form.</span> 
     </span>
     <span class='ocr_line' id='line_1_35' title="bbox 151 2526 1788 2574; baseline 0.003 -15"><span class='ocrx_word' id='word_1_329' title='bbox 151 2529 321 2570; x_wconf 86' lang='lat' dir='ltr'>utraque</span> <span class='ocrx_word' id='word_1_330' title='bbox 347 2527 440 2561; x_wconf 86' lang='lat' dir='ltr'>mai.</span> <span class='ocrx_word' id='word_1_331' title='bbox 469 2538 509 2560; x_wconf 91' lang='lat' dir='ltr'>n.</span> <span class='ocrx_word' id='word_1_332' title='bbox 538 2527 589 2570; x_wconf 77' lang='lat'>2).</span> <span class='ocrx_word' id='word_1_333' title='bbox 626 2542 639 2556; x_wconf 86' lang='lat'>‹</span> <span class='ocrx_word' id='word_1_334' title='bbox 660 2526 906 2561; x_wconf 84' lang='lat' dir='ltr'>Conficiendi</span> <span class='ocrx_word' id='word_1_335' title='bbox 932 2529 1015 2562; x_wconf 78' lang='lat' dir='ltr'>olea</span> <span class='ocrx_word' id='word_1_336' title='bbox 1040 2538 1154 2562; x_wconf 80' lang='lat' dir='ltr'>sacra</span> <span class='ocrx_word' id='word_1_337' title='bbox 1180 2530 1219 2572; x_wconf 83' lang='grc' dir='ltr'>α)</span> <span class='ocrx_word' id='word_1_338' title='bbox 1246 2539 1335 2562; x_wconf 90' lang='lat' dir='ltr'>curn</span> <span class='ocrx_word' id='word_1_339' title='bbox 1372 2529 1654 2570; x_wconf 84' lang='lat' dir='ltr'>sacerdotibus,</span> <span class='ocrx_word' id='word_1_340' title='bbox 1685 2532 1788 2574; x_wconf 85' lang='lat' dir='ltr'>(sup—</span> 
     </span>
     <span class='ocr_line' id='line_1_36' title="bbox 151 2571 1789 2621; baseline 0.003 -15"><span class='ocrx_word' id='word_1_341' title='bbox 151 2571 235 2616; x_wconf 83' lang='lat' dir='ltr'>ple:</span> <span class='ocrx_word' id='word_1_342' title='bbox 265 2573 370 2608; x_wconf 86' lang='lat' dir='ltr'>infra</span> <span class='ocrx_word' id='word_1_343' title='bbox 389 2573 608 2618; x_wconf 85' lang='lat' dir='ltr'>duodecim,</span> <span class='ocrx_word' id='word_1_344' title='bbox 626 2574 771 2609; x_wconf 81' lang='lat' dir='ltr'>saltem</span> <span class='ocrx_word' id='word_1_345' title='bbox 791 2574 959 2618; x_wconf 84' lang='lat' dir='ltr'>duobus)</span> <span class='ocrx_word' id='word_1_346' title='bbox 978 2586 1075 2620; x_wconf 90' lang='lat' dir='ltr'>quos</span> <span class='ocrx_word' id='word_1_347' title='bbox 1093 2576 1270 2620; x_wconf 84' lang='lat' dir='ltr'>potuerit</span> <span class='ocrx_word' id='word_1_348' title='bbox 1288 2575 1453 2620; x_wconf 86' lang='lat' dir='ltr'>habere;</span> <span class='ocrx_word' id='word_1_349' title='bbox 1482 2579 1584 2621; x_wconf 86' lang='lat' dir='ltr'>(tum</span> <span class='ocrx_word' id='word_1_350' title='bbox 1604 2577 1645 2611; x_wconf 90' lang='lat' dir='ltr'>in</span> <span class='ocrx_word' id='word_1_351' title='bbox 1664 2576 1733 2611; x_wconf 70' lang='lat' dir='ltr'>fer.</span> <span class='ocrx_word' id='word_1_352' title='bbox 1757 2577 1789 2611; x_wconf 87' lang='lat' dir='ltr'>V</span> 
     </span>
     <span class='ocr_line' id='line_1_37' title="bbox 151 2619 1788 2668; baseline 0.002 -14"><span class='ocrx_word' id='word_1_353' title='bbox 151 2620 195 2653; x_wconf 90' lang='lat' dir='ltr'>in</span> <span class='ocrx_word' id='word_1_354' title='bbox 222 2619 351 2655; x_wconf 84' lang='lat' dir='ltr'>Coena</span> <span class='ocrx_word' id='word_1_355' title='bbox 377 2621 552 2663; x_wconf 88' lang='lat' dir='ltr'>Domini,</span> <span class='ocrx_word' id='word_1_356' title='bbox 570 2626 657 2655; x_wconf 83' lang='lat' dir='ltr'>tum</span> <span class='ocrx_word' id='word_1_357' title='bbox 684 2622 725 2655; x_wconf 88' lang='lat' dir='ltr'>in</span> <span class='ocrx_word' id='word_1_358' title='bbox 752 2633 828 2656; x_wconf 88' lang='lat' dir='ltr'>usu</span> <span class='ocrx_word' id='word_1_359' title='bbox 855 2622 1061 2657; x_wconf 72' lang='lat' dir='ltr'>facultatis</span> <span class='ocrx_word' id='word_1_360' title='bbox 1087 2622 1144 2657; x_wconf 86' lang='lat' dir='ltr'>sic</span> <span class='ocrx_word' id='word_1_361' title='bbox 1169 2627 1412 2668; x_wconf 85' lang='lat' dir='ltr'>expressae):</span> <span class='ocrx_word' id='word_1_362' title='bbox 1440 2625 1475 2667; x_wconf 83' lang='lat' dir='ltr'>b)</span> <span class='ocrx_word' id='word_1_363' title='bbox 1506 2629 1559 2665; x_wconf 87' lang='lat' dir='ltr'>et,</span> <span class='ocrx_word' id='word_1_364' title='bbox 1584 2624 1673 2668; x_wconf 88' lang='lat' dir='ltr'>(sub</span> <span class='ocrx_word' id='word_1_365' title='bbox 1700 2635 1788 2658; x_wconf 88' lang='lat' dir='ltr'>con-</span> 
     </span>
     <span class='ocr_line' id='line_1_38' title="bbox 151 2666 1789 2716; baseline 0.003 -15"><span class='ocrx_word' id='word_1_366' title='bbox 151 2666 318 2713; x_wconf 84' lang='lat' dir='ltr'>ditione)</span> <span class='ocrx_word' id='word_1_367' title='bbox 346 2669 378 2702; x_wconf 85' lang='lat' dir='ltr'>si</span> <span class='ocrx_word' id='word_1_368' title='bbox 405 2669 622 2703; x_wconf 80' lang='lat' dir='ltr'>necessitas</span> <span class='ocrx_word' id='word_1_369' title='bbox 647 2673 804 2714; x_wconf 81' lang='lat' dir='ltr'>urgeat,</span> <span class='ocrx_word' id='word_1_370' title='bbox 828 2672 913 2714; x_wconf 87' lang='lat' dir='ltr'>(nec</span> <span class='ocrx_word' id='word_1_371' title='bbox 940 2669 1230 2705; x_wconf 85' lang='lat' dir='ltr'>determinatur</span> <span class='ocrx_word' id='word_1_372' title='bbox 1258 2670 1368 2715; x_wconf 87' lang='lat' dir='ltr'>haec,</span> <span class='ocrx_word' id='word_1_373' title='bbox 1397 2671 1465 2705; x_wconf 83' lang='lat' dir='ltr'>sed</span> <span class='ocrx_word' id='word_1_374' title='bbox 1498 2676 1603 2706; x_wconf 83' lang='lat' dir='ltr'>certe</span> <span class='ocrx_word' id='word_1_375' title='bbox 1630 2676 1789 2716; x_wconf 89' lang='lat' dir='ltr'>propter</span> 
     </span>
     <span class='ocr_line' id='line_1_39' title="bbox 151 2715 1783 2764; baseline 0.004 -16"><span class='ocrx_word' id='word_1_376' title='bbox 151 2725 266 2759; x_wconf 72' lang='lat' dir='ltr'>quam</span> <span class='ocrx_word' id='word_1_377' title='bbox 294 2715 334 2749; x_wconf 91' lang='lat' dir='ltr'>in</span> <span class='ocrx_word' id='word_1_378' title='bbox 362 2715 424 2750; x_wconf 89' lang='lat' dir='ltr'>die</span> <span class='ocrx_word' id='word_1_379' title='bbox 450 2716 640 2762; x_wconf 86' lang='lat' dir='ltr'>liturgico</span> <span class='ocrx_word' id='word_1_380' title='bbox 667 2717 853 2762; x_wconf 86' lang='lat' dir='ltr'>nequivit</span> <span class='ocrx_word' id='word_1_381' title='bbox 871 2716 1062 2752; x_wconf 85' lang='lat' dir='ltr'>conficere</span> <span class='ocrx_word' id='word_1_382' title='bbox 1080 2717 1160 2759; x_wconf 88' lang='lat' dir='ltr'>illa,</span> <span class='ocrx_word' id='word_1_383' title='bbox 1177 2729 1226 2752; x_wconf 89' lang='lat' dir='ltr'>ex</span> <span class='ocrx_word' id='word_1_384' title='bbox 1245 2729 1362 2753; x_wconf 80' lang='lat' dir='ltr'>causa</span> <span class='ocrx_word' id='word_1_385' title='bbox 1380 2730 1416 2754; x_wconf 85' lang='lat' dir='ltr'>v.</span> <span class='ocrx_word' id='word_1_386' title='bbox 1439 2730 1497 2764; x_wconf 83' lang='lat' dir='ltr'>gr.</span> <span class='ocrx_word' id='word_1_387' title='bbox 1520 2719 1783 2761; x_wconf 81' lang='lat' dir='ltr'>infirmitatis,</span> 
     </span>
    </p>
   </div>
   <div class='ocr_carea' id='block_1_4' title="bbox 151 2761 1787 2808">
    <p class='ocr_par' dir='ltr' id='par_1_7' title="bbox 151 2761 1787 2808">
     <span class='ocr_line' id='line_1_40' title="bbox 151 2761 1787 2808; baseline 0.003 -12"><span class='ocrx_word' id='word_1_388' title='bbox 151 2761 329 2797; x_wconf 80' lang='lat' dir='ltr'>defectus</span> <span class='ocrx_word' id='word_1_389' title='bbox 355 2763 548 2808; x_wconf 87' lang='lat' dir='ltr'>oleorum)</span> <span class='ocrx_word' id='word_1_390' title='bbox 574 2764 696 2799; x_wconf 81' lang='lat' dir='ltr'>etiam</span> <span class='ocrx_word' id='word_1_391' title='bbox 723 2768 836 2799; x_wconf 78' lang='lat' dir='ltr'>extra</span> <span class='ocrx_word' id='word_1_392' title='bbox 862 2764 965 2799; x_wconf 89' lang='lat' dir='ltr'>diem</span> <span class='ocrx_word' id='word_1_393' title='bbox 991 2764 1143 2800; x_wconf 86' lang='lat' dir='ltr'>Coenae</span> <span class='ocrx_word' id='word_1_394' title='bbox 1168 2765 1365 2800; x_wconf 80' lang='lat' dir='ltr'>Domini»</span> <span class='ocrx_word' id='word_1_395' title='bbox 1398 2766 1589 2801; x_wconf 85' lang='lat' dir='ltr'>conficere</span> <span class='ocrx_word' id='word_1_396' title='bbox 1619 2767 1705 2801; x_wconf 87' lang='lat' dir='ltr'>olea.</span> <span class='ocrx_word' id='word_1_397' title='bbox 1731 2779 1787 2801; x_wconf 83' lang='lat' dir='ltr'>sa-</span> 
     </span>
    </p>
   </div>
   <div class='ocr_carea' id='block_1_5' title="bbox 151 2810 1780 2941">
    <p class='ocr_par' dir='ltr' id='par_1_8' title="bbox 151 2810 1780 2941">
     <span class='ocr_line' id='line_1_41' title="bbox 151 2810 1017 2856; baseline 0.003 -12"><span class='ocrx_word' id='word_1_398' title='bbox 151 2820 215 2844; x_wconf 85' lang='lat' dir='ltr'>cra</span> <span class='ocrx_word' id='word_1_399' title='bbox 240 2810 323 2844; x_wconf 86' lang='lat' dir='ltr'>ritu</span> <span class='ocrx_word' id='word_1_400' title='bbox 348 2811 532 2856; x_wconf 86' lang='lat' dir='ltr'>equidem</span> <span class='ocrx_word' id='word_1_401' title='bbox 558 2811 810 2846; x_wconf 83' lang='lat' dir='ltr'>Pontificalis</span> <span class='ocrx_word' id='word_1_402' title='bbox 835 2812 1017 2848; x_wconf 81' lang='lat' dir='ltr'>Romani.</span> 
     </span>
     <span class='ocr_line' id='line_1_42' title="bbox 151 2857 1780 2941; baseline 0.002 -50"><span class='ocrx_word' id='word_1_403' title='bbox 151 2904 164 2925; x_wconf 51' lang='grc' dir='ltr'>ὃ</span> <span class='ocrx_word' id='word_1_404' title='bbox 190 2903 234 2939; x_wconf 43' lang='lat' dir='ltr'>L·</span> <span class='ocrx_word' id='word_1_405' title='bbox 264 2857 552 2941; x_wconf 42' lang='lat' dir='ltr'>§.Ixsslit.3&#39;}{om.‚</span> <span class='ocrx_word' id='word_1_406' title='bbox 588 2859 667 2892; x_wconf 84' lang='lat' dir='ltr'>Tit.</span> <span class='ocrx_word' id='word_1_407' title='bbox 697 2859 748 2901; x_wconf 85' lang='lat' dir='ltr'>II,</span> <span class='ocrx_word' id='word_1_408' title='bbox 773 2871 805 2893; x_wconf 89' lang='lat' dir='ltr'>c.</span> <span class='ocrx_word' id='word_1_409' title='bbox 835 2859 867 2900; x_wconf 86' lang='grc' dir='ltr'>Ι,</span> <span class='ocrx_word' id='word_1_410' title='bbox 895 2861 954 2894; x_wconf 83' lang='grc'><strong>31.</strong></span> <span class='ocrx_word' id='word_1_411' title='bbox 997 2880 1039 2884; x_wconf 94' lang='grc'><strong>-</strong></span> <span class='ocrx_word' id='word_1_412' title='bbox 1081 2860 1094 2881; x_wconf 80' lang='lat'>3</span> <span class='ocrx_word' id='word_1_413' title='bbox 1120 2860 1163 2894; x_wconf 94' lang='lat' dir='ltr'>L.</span> <span class='ocrx_word' id='word_1_414' title='bbox 1194 2871 1226 2894; x_wconf 88' lang='grc'>0.</span> <span class='ocrx_word' id='word_1_415' title='bbox 1257 2872 1293 2895; x_wconf 90' lang='lat' dir='ltr'>n.</span> <span class='ocrx_word' id='word_1_416' title='bbox 1321 2860 1378 2894; x_wconf 80' lang='lat'>33.</span> <span class='ocrx_word' id='word_1_417' title='bbox 1422 2881 1464 2886; x_wconf 91' lang='lat'>—-</span> <span class='ocrx_word' id='word_1_418' title='bbox 1504 2862 1516 2882; x_wconf 78' lang='lat'>¹¹</span> <span class='ocrx_word' id='word_1_419' title='bbox 1544 2861 1617 2905; x_wconf 86' lang='lat' dir='ltr'>III,</span> <span class='ocrx_word' id='word_1_420' title='bbox 1644 2862 1702 2894; x_wconf 84' lang='lat'>44.</span> <span class='ocrx_word' id='word_1_421' title='bbox 1744 2882 1780 2886; x_wconf 94' lang='lat'>-—</span> 
     </span>
    </p>
   </div>
  </div>
 </body>
</html>
