<?xml version="1.0" encoding="UTF-8"?>
<!DOCTYPE html PUBLIC "-//W3C//DTD XHTML 1.0 Transitional//EN"
    "http://www.w3.org/TR/xhtml1/DTD/xhtml1-transitional.dtd">
<html xmlns="http://www.w3.org/1999/xhtml" xml:lang="en" lang="en">
 <head>
  <title>
</title>
<meta http-equiv="Content-Type" content="text/html;charset=utf-8" />
  <meta name='ocr-system' content='tesseract 3.04.00' />
  <meta name='ocr-capabilities' content='ocr_page ocr_carea ocr_par ocr_line ocrx_word'/>
</head>
<body>
  <div class='ocr_page' id='page_1' title='image "./p1commentariumte03blatuoft_0306.png"; bbox 0 0 1971 3261; ppageno 0'>
   <div class='ocr_carea' id='block_1_1' title="bbox 173 97 1799 136">
    <p class='ocr_par' dir='ltr' id='par_1_1' title="bbox 173 97 1799 136">
     <span class='ocr_line' id='line_1_1' title="bbox 173 97 1799 136; baseline 0.002 -4"><span class='ocrx_word' id='word_1_1' title='bbox 173 99 243 132; x_wconf 76' lang='lat'>‘292</span> <span class='ocrx_word' id='word_1_2' title='bbox 578 99 661 133; x_wconf 60' lang='grc' dir='ltr'><strong>[ΑΒ.</strong></span> <span class='ocrx_word' id='word_1_3' title='bbox 687 98 759 133; x_wconf 88' lang='grc' dir='ltr'>ΠΙ.</span> <span class='ocrx_word' id='word_1_4' title='bbox 786 118 797 124; x_wconf 88' lang='grc'>-</span> <span class='ocrx_word' id='word_1_5' title='bbox 824 98 936 133; x_wconf 74' lang='lat' dir='ltr'>PARS</span> <span class='ocrx_word' id='word_1_6' title='bbox 962 98 990 133; x_wconf 91' lang='grc' dir='ltr'>Ι.</span> <span class='ocrx_word' id='word_1_7' title='bbox 1017 119 1028 124; x_wconf 98' lang='grc'>-</span> <span class='ocrx_word' id='word_1_8' title='bbox 1055 99 1113 135; x_wconf 82' lang='lat' dir='ltr'>De</span> <span class='ocrx_word' id='word_1_9' title='bbox 1137 99 1403 135; x_wconf 70' lang='lat' dir='ltr'>sacramentis</span> <span class='ocrx_word' id='word_1_10' title='bbox 1584 97 1589 112; x_wconf 88' lang='lat'><strong>¹</strong></span> <span class='ocrx_word' id='word_1_11' title='bbox 1611 100 1703 136; x_wconf 77' lang='lat' dir='ltr'>Can.</span> <span class='ocrx_word' id='word_1_12' title='bbox 1729 100 1799 136; x_wconf 76' lang='lat'>912</span> 
     </span>
    </p>
   </div>
   <div class='ocr_carea' id='block_1_2' title="bbox 173 217 1806 1197">
    <p class='ocr_par' dir='ltr' id='par_1_2' title="bbox 173 217 1799 421">
     <span class='ocr_line' id='line_1_2' title="bbox 173 217 1798 275; baseline 0.002 -13"><span class='ocrx_word' id='word_1_13' title='bbox 173 222 260 271; x_wconf 92' lang='lat' dir='ltr'>(seu</span> <span class='ocrx_word' id='word_1_14' title='bbox 293 218 504 273; x_wconf 81' lang='lat' dir='ltr'>Titularis)</span> <span class='ocrx_word' id='word_1_15' title='bbox 540 220 731 275; x_wconf 84' lang='lat' dir='ltr'>quamvis</span> <span class='ocrx_word' id='word_1_16' title='bbox 763 218 1010 263; x_wconf 85' lang='lat' dir='ltr'>auxiliarius</span> <span class='ocrx_word' id='word_1_17' title='bbox 1041 217 1253 264; x_wconf 90' lang='lat' dir='ltr'>Ordinarii</span> <span class='ocrx_word' id='word_1_18' title='bbox 1287 220 1462 265; x_wconf 89' lang='lat' dir='ltr'>alicuius</span> <span class='ocrx_word' id='word_1_19' title='bbox 1497 224 1705 265; x_wconf 84' lang='lat' dir='ltr'>Dioecesis</span> <span class='ocrx_word' id='word_1_20' title='bbox 1737 222 1798 265; x_wconf 91' lang='lat' dir='ltr'>ln·</span> 
     </span>
     <span class='ocr_line' id='line_1_3' title="bbox 173 289 1799 347; baseline 0.002 -14"><span class='ocrx_word' id='word_1_21' title='bbox 173 290 427 347; x_wconf 82' lang='lat' dir='ltr'>dulgentiam</span> <span class='ocrx_word' id='word_1_22' title='bbox 462 290 736 347; x_wconf 84' lang='lat' dir='ltr'>quadraginta</span> <span class='ocrx_word' id='word_1_23' title='bbox 770 289 931 333; x_wconf 87' lang='lat' dir='ltr'>dierum</span> <span class='ocrx_word' id='word_1_24' title='bbox 957 291 1187 334; x_wconf 73' lang='lat' dir='ltr'>concedere</span> <span class='ocrx_word' id='word_1_25' title='bbox 1219 293 1326 335; x_wconf 89' lang='lat' dir='ltr'>sicut</span> <span class='ocrx_word' id='word_1_26' title='bbox 1361 293 1712 336; x_wconf 78' lang='lat' dir='ltr'>Dioecesanus‘?...</span> <span class='ocrx_word' id='word_1_27' title='bbox 1736 292 1799 336; x_wconf 90' lang='lat' dir='ltr'>Ad</span> 
     </span>
     <span class='ocr_line' id='line_1_4' title="bbox 174 359 1741 421; baseline 0.003 -18"><span class='ocrx_word' id='word_1_28' title='bbox 174 361 196 403; x_wconf 93' lang='grc'>4</span> <span class='ocrx_word' id='word_1_29' title='bbox 232 360 491 417; x_wconf 71' lang='lat' dir='ltr'>Negative».</span> <span class='ocrx_word' id='word_1_30' title='bbox 531 359 657 418; x_wconf 87' lang='lat' dir='ltr'>quue</span> <span class='ocrx_word' id='word_1_31' title='bbox 690 359 866 404; x_wconf 89' lang='lat' dir='ltr'>babetur</span> <span class='ocrx_word' id='word_1_32' title='bbox 898 374 1095 417; x_wconf 76' lang='lat' dir='ltr'>expresse</span> <span class='ocrx_word' id='word_1_33' title='bbox 1129 363 1167 404; x_wconf 90' lang='lat' dir='ltr'>in</span> <span class='ocrx_word' id='word_1_34' title='bbox 1201 364 1270 405; x_wconf 90' lang='lat' dir='ltr'>cit.</span> <span class='ocrx_word' id='word_1_35' title='bbox 1303 374 1394 406; x_wconf 88' lang='lat' dir='ltr'>can.</span> <span class='ocrx_word' id='word_1_36' title='bbox 1429 362 1526 418; x_wconf 78' lang='lat'>349,</span> <span class='ocrx_word' id='word_1_37' title='bbox 1559 362 1588 421; x_wconf 66' lang='grc' dir='ltr'>ξ</span> <span class='ocrx_word' id='word_1_38' title='bbox 1610 363 1649 418; x_wconf 74' lang='lat'>2,</span> <span class='ocrx_word' id='word_1_39' title='bbox 1684 362 1741 407; x_wconf 73' lang='lat'>2⁰.</span> 
     </span>
    </p>

    <p class='ocr_par' dir='ltr' id='par_1_3' title="bbox 174 429 1803 845">
     <span class='ocr_line' id='line_1_5' title="bbox 292 429 1802 488; baseline 0.003 -15"><span class='ocrx_word' id='word_1_40' title='bbox 292 431 347 474; x_wconf 89' lang='lat' dir='ltr'>Ea</span> <span class='ocrx_word' id='word_1_41' title='bbox 382 436 517 474; x_wconf 88' lang='lat' dir='ltr'>tamen</span> <span class='ocrx_word' id='word_1_42' title='bbox 542 429 843 488; x_wconf 86' lang='lat' dir='ltr'>Episcoporum</span> <span class='ocrx_word' id='word_1_43' title='bbox 870 436 1048 488; x_wconf 88' lang='lat' dir='ltr'>potestas</span> <span class='ocrx_word' id='word_1_44' title='bbox 1071 445 1165 476; x_wconf 88' lang='lat' dir='ltr'>cum</span> <span class='ocrx_word' id='word_1_45' title='bbox 1190 434 1335 477; x_wconf 89' lang='lat' dir='ltr'>eadem</span> <span class='ocrx_word' id='word_1_46' title='bbox 1363 436 1570 477; x_wconf 85' lang='lat' dir='ltr'>taxatione</span> <span class='ocrx_word' id='word_1_47' title='bbox 1594 436 1632 478; x_wconf 91' lang='lat' dir='ltr'>in</span> <span class='ocrx_word' id='word_1_48' title='bbox 1650 433 1802 479; x_wconf 80' lang='lat' dir='ltr'>Codice</span> 
     </span>
     <span class='ocr_line' id='line_1_6' title="bbox 175 500 1802 562; baseline 0.003 -18"><span class='ocrx_word' id='word_1_49' title='bbox 175 503 246 545; x_wconf 89' lang='lat' dir='ltr'>fuit</span> <span class='ocrx_word' id='word_1_50' title='bbox 281 507 449 545; x_wconf 85' lang='lat' dir='ltr'>extensa</span> <span class='ocrx_word' id='word_1_51' title='bbox 484 502 533 545; x_wconf 90' lang='lat' dir='ltr'>ad</span> <span class='ocrx_word' id='word_1_52' title='bbox 572 500 756 545; x_wconf 69' lang='lat' dir='ltr'>vicarios</span> <span class='ocrx_word' id='word_1_53' title='bbox 789 508 827 545; x_wconf 88' lang='lat' dir='ltr'>et</span> <span class='ocrx_word' id='word_1_54' title='bbox 866 502 1100 546; x_wconf 77' lang='lat' dir='ltr'>Praefectos</span> <span class='ocrx_word' id='word_1_55' title='bbox 1132 503 1298 560; x_wconf 89' lang='lat' dir='ltr'>Aplcos.</span> <span class='ocrx_word' id='word_1_56' title='bbox 1338 508 1502 548; x_wconf 88' lang='lat' dir='ltr'>«etiam</span> <span class='ocrx_word' id='word_1_57' title='bbox 1537 505 1606 558; x_wconf 68' lang='lat' dir='ltr'>(ad</span> <span class='ocrx_word' id='word_1_58' title='bbox 1642 505 1730 562; x_wconf 91' lang='lat' dir='ltr'>eos)</span> <span class='ocrx_word' id='word_1_59' title='bbox 1755 507 1802 548; x_wconf 89' lang='lat' dir='ltr'>iis</span> 
     </span>
     <span class='ocr_line' id='line_1_7' title="bbox 174 572 1801 631; baseline 0.002 -17"><span class='ocrx_word' id='word_1_60' title='bbox 174 576 242 630; x_wconf 85' lang='lat' dir='ltr'>qui</span> <span class='ocrx_word' id='word_1_61' title='bbox 276 572 518 616; x_wconf 75' lang='lat' dir='ltr'>charactere</span> <span class='ocrx_word' id='word_1_62' title='bbox 551 573 775 629; x_wconf 89' lang='lat' dir='ltr'>episcopali</span> <span class='ocrx_word' id='word_1_63' title='bbox 801 578 983 617; x_wconf 80' lang='lat' dir='ltr'>carent»</span> <span class='ocrx_word' id='word_1_64' title='bbox 1012 574 1121 631; x_wconf 88' lang='lat' dir='ltr'>(can.</span> <span class='ocrx_word' id='word_1_65' title='bbox 1149 575 1248 628; x_wconf 65' lang='lat'>⁶294,</span> <span class='ocrx_word' id='word_1_66' title='bbox 1271 577 1295 629; x_wconf 63' lang='grc' dir='ltr'><strong>ἓ</strong></span> <span class='ocrx_word' id='word_1_67' title='bbox 1320 575 1372 630; x_wconf 69' lang='grc'>2),</span> <span class='ocrx_word' id='word_1_68' title='bbox 1397 589 1445 619; x_wconf 88' lang='lat' dir='ltr'>ac</span> <span class='ocrx_word' id='word_1_69' title='bbox 1478 577 1529 619; x_wconf 91' lang='lat' dir='ltr'>de</span> <span class='ocrx_word' id='word_1_70' title='bbox 1556 575 1713 620; x_wconf 85' lang='lat' dir='ltr'>Abbate</span> <span class='ocrx_word' id='word_1_71' title='bbox 1739 576 1801 618; x_wconf 84' lang='lat' dir='ltr'>vel</span> 
     </span>
     <span class='ocr_line' id='line_1_8' title="bbox 176 642 1802 702; baseline 0.001 -16"><span class='ocrx_word' id='word_1_72' title='bbox 176 643 361 687; x_wconf 87' lang='lat' dir='ltr'>Praelato</span> <span class='ocrx_word' id='word_1_73' title='bbox 394 642 556 687; x_wconf 73' lang='lat' dir='ltr'>nullius</span> <span class='ocrx_word' id='word_1_74' title='bbox 588 643 740 687; x_wconf 90' lang='lat' dir='ltr'>dicitur</span> <span class='ocrx_word' id='word_1_75' title='bbox 765 646 803 686; x_wconf 88' lang='lat' dir='ltr'>in</span> <span class='ocrx_word' id='word_1_76' title='bbox 828 657 917 688; x_wconf 89' lang='lat' dir='ltr'>can.</span> <span class='ocrx_word' id='word_1_77' title='bbox 944 645 1043 696; x_wconf 71' lang='lat'>323,</span> <span class='ocrx_word' id='word_1_78' title='bbox 1067 653 1093 700; x_wconf 58' lang='lat'>3·</span> <span class='ocrx_word' id='word_1_79' title='bbox 1118 645 1165 689; x_wconf 71' lang='lat'>2:</span> <span class='ocrx_word' id='word_1_80' title='bbox 1206 646 1281 689; x_wconf 84' lang='lat' dir='ltr'>«Si</span> <span class='ocrx_word' id='word_1_81' title='bbox 1316 646 1558 690; x_wconf 73' lang='lat' dir='ltr'>charactere</span> <span class='ocrx_word' id='word_1_82' title='bbox 1580 646 1802 702; x_wconf 86' lang='lat' dir='ltr'>episcopali</span> 
     </span>
     <span class='ocr_line' id='line_1_9' title="bbox 176 714 1803 774; baseline 0.002 -17"><span class='ocrx_word' id='word_1_83' title='bbox 176 728 253 757; x_wconf 90' lang='lat' dir='ltr'>non</span> <span class='ocrx_word' id='word_1_84' title='bbox 288 716 339 757; x_wconf 89' lang='lat' dir='ltr'>sit</span> <span class='ocrx_word' id='word_1_85' title='bbox 373 720 541 758; x_wconf 91' lang='lat' dir='ltr'>ornatus</span> <span class='ocrx_word' id='word_1_86' title='bbox 575 720 613 758; x_wconf 90' lang='lat' dir='ltr'>et</span> <span class='ocrx_word' id='word_1_87' title='bbox 649 714 999 767; x_wconf 70' lang='lat' dir='ltr'>benedictionem,</span> <span class='ocrx_word' id='word_1_88' title='bbox 1023 718 1054 759; x_wconf 91' lang='lat' dir='ltr'>si</span> <span class='ocrx_word' id='word_1_89' title='bbox 1090 729 1180 760; x_wconf 89' lang='lat' dir='ltr'>eam</span> <span class='ocrx_word' id='word_1_90' title='bbox 1217 719 1404 773; x_wconf 87' lang='lat' dir='ltr'>recipere</span> <span class='ocrx_word' id='word_1_91' title='bbox 1427 717 1564 772; x_wconf 76' lang='lat' dir='ltr'>debet,</span> <span class='ocrx_word' id='word_1_92' title='bbox 1588 721 1803 774; x_wconf 79' lang='lat' dir='ltr'>receperit,</span> 
     </span>
     <span class='ocr_line' id='line_1_10' title="bbox 177 785 1802 845; baseline 0.002 -18"><span class='ocrx_word' id='word_1_93' title='bbox 177 790 341 841; x_wconf 67' lang='lat' dir='ltr'>praeter</span> <span class='ocrx_word' id='word_1_94' title='bbox 358 785 436 829; x_wconf 89' lang='lat' dir='ltr'>alia</span> <span class='ocrx_word' id='word_1_95' title='bbox 459 798 628 829; x_wconf 88' lang='lat' dir='ltr'>munera</span> <span class='ocrx_word' id='word_1_96' title='bbox 648 788 813 843; x_wconf 85' lang='lat' dir='ltr'>quaein</span> <span class='ocrx_word' id='word_1_97' title='bbox 834 799 924 829; x_wconf 88' lang='lat' dir='ltr'>can.</span> <span class='ocrx_word' id='word_1_98' title='bbox 942 787 1040 841; x_wconf 71' lang='lat'>294,</span> <span class='ocrx_word' id='word_1_99' title='bbox 1060 790 1084 841; x_wconf 58' lang='lat' dir='ltr'>g</span> <span class='ocrx_word' id='word_1_100' title='bbox 1105 787 1127 829; x_wconf 69' lang='lat'><strong>2</strong></span> <span class='ocrx_word' id='word_1_101' title='bbox 1148 787 1453 839; x_wconf 78' lang='lat' dir='ltr'>describuntur,</span> <span class='ocrx_word' id='word_1_102' title='bbox 1473 793 1647 845; x_wconf 83' lang='lat' dir='ltr'>potest...</span> <span class='ocrx_word' id='word_1_103' title='bbox 1667 795 1744 833; x_wconf 81' lang='lat' dir='ltr'>etc.</span> <span class='ocrx_word' id='word_1_104' title='bbox 1763 804 1802 831; x_wconf 86' lang='lat'>».</span> 
     </span>
    </p>

    <p class='ocr_par' dir='ltr' id='par_1_4' title="bbox 175 853 1806 1197">
     <span class='ocr_line' id='line_1_11' title="bbox 293 853 1805 915; baseline 0.001 -16"><span class='ocrx_word' id='word_1_105' title='bbox 293 856 341 899; x_wconf 90' lang='lat' dir='ltr'>Et</span> <span class='ocrx_word' id='word_1_106' title='bbox 377 870 448 913; x_wconf 89' lang='lat' dir='ltr'>per</span> <span class='ocrx_word' id='word_1_107' title='bbox 482 853 555 900; x_wconf 88' lang='lat' dir='ltr'>hos</span> <span class='ocrx_word' id='word_1_108' title='bbox 579 869 760 900; x_wconf 88' lang='lat' dir='ltr'>canones</span> <span class='ocrx_word' id='word_1_109' title='bbox 787 857 1032 912; x_wconf 79' lang='lat' dir='ltr'>derogatum</span> <span class='ocrx_word' id='word_1_110' title='bbox 1058 862 1119 901; x_wconf 84' lang='lat' dir='ltr'>est</span> <span class='ocrx_word' id='word_1_111' title='bbox 1140 871 1230 915; x_wconf 87' lang='lat' dir='ltr'>cap.</span> <span class='ocrx_word' id='word_1_112' title='bbox 1260 874 1278 899; x_wconf 89' lang='lat'>«</span> <span class='ocrx_word' id='word_1_113' title='bbox 1301 859 1610 903; x_wconf 82' lang='lat' dir='ltr'>Accedentibus</span> <span class='ocrx_word' id='word_1_114' title='bbox 1627 875 1647 901; x_wconf 67' lang='lat'>³)</span> <span class='ocrx_word' id='word_1_115' title='bbox 1678 860 1730 903; x_wconf 70' lang='lat'>12</span> <span class='ocrx_word' id='word_1_116' title='bbox 1754 860 1805 902; x_wconf 89' lang='lat' dir='ltr'>de</span> 
     </span>
     <span class='ocr_line' id='line_1_12' title="bbox 176 920 1806 986; baseline 0.002 -16"><span class='ocrx_word' id='word_1_117' title='bbox 176 926 415 970; x_wconf 82' lang='lat' dir='ltr'>excessibus</span> <span class='ocrx_word' id='word_1_118' title='bbox 451 927 731 970; x_wconf 85' lang='lat' dir='ltr'>l&#39;raelatorum</span> <span class='ocrx_word' id='word_1_119' title='bbox 768 926 830 983; x_wconf 70' lang='lat' dir='ltr'>(V,</span> <span class='ocrx_word' id='word_1_120' title='bbox 866 927 949 981; x_wconf 71' lang='lat'>31),</span> <span class='ocrx_word' id='word_1_121' title='bbox 986 931 1024 970; x_wconf 92' lang='lat' dir='ltr'>in</span> <span class='ocrx_word' id='word_1_122' title='bbox 1059 941 1140 986; x_wconf 87' lang='lat' dir='ltr'>quo</span> <span class='ocrx_word' id='word_1_123' title='bbox 1177 928 1313 973; x_wconf 89' lang='lat' dir='ltr'>lnnoc.</span> <span class='ocrx_word' id='word_1_124' title='bbox 1350 929 1400 972; x_wconf 91' lang='lat' dir='ltr'>lll</span> <span class='ocrx_word' id='word_1_125' title='bbox 1435 932 1513 973; x_wconf 88' lang='lat' dir='ltr'>ait:</span> <span class='ocrx_word' id='word_1_126' title='bbox 1554 945 1571 970; x_wconf 87' lang='lat'>«</span> <span class='ocrx_word' id='word_1_127' title='bbox 1600 920 1806 973; x_wconf 88' lang='lat' dir='ltr'>Praesenti</span> 
     </span>
     <span class='ocr_line' id='line_1_13' title="bbox 175 997 1804 1058; baseline 0.002 -18"><span class='ocrx_word' id='word_1_128' title='bbox 175 997 342 1041; x_wconf 85' lang='lat' dir='ltr'>decreto</span> <span class='ocrx_word' id='word_1_129' title='bbox 377 1000 551 1041; x_wconf 87' lang='lat' dir='ltr'>tirmiter</span> <span class='ocrx_word' id='word_1_130' title='bbox 586 998 868 1054; x_wconf 84' lang='lat' dir='ltr'>probibemus&gt;</span> <span class='ocrx_word' id='word_1_131' title='bbox 904 1012 953 1041; x_wconf 95' lang='lat' dir='ltr'>ne</span> <span class='ocrx_word' id='word_1_132' title='bbox 987 1001 1079 1056; x_wconf 83' lang='lat' dir='ltr'>quis</span> <span class='ocrx_word' id='word_1_133' title='bbox 1111 999 1321 1043; x_wconf 84' lang='lat' dir='ltr'>Abbatum</span> <span class='ocrx_word' id='word_1_134' title='bbox 1356 1001 1406 1043; x_wconf 90' lang='lat' dir='ltr'>ad</span> <span class='ocrx_word' id='word_1_135' title='bbox 1438 1000 1532 1043; x_wconf 88' lang='lat' dir='ltr'>talia</span> <span class='ocrx_word' id='word_1_136' title='bbox 1566 1014 1609 1044; x_wconf 89' lang='lat' dir='ltr'>se</span> <span class='ocrx_word' id='word_1_137' title='bbox 1638 1014 1804 1058; x_wconf 90' lang='lat' dir='ltr'>praesu-</span> 
     </span>
     <span class='ocr_line' id='line_1_14' title="bbox 178 1069 1805 1126; baseline 0.003 -16"><span class='ocrx_word' id='word_1_138' title='bbox 178 1072 260 1111; x_wconf 87' lang='lat' dir='ltr'>mat</span> <span class='ocrx_word' id='word_1_139' title='bbox 293 1069 560 1112; x_wconf 84' lang='lat' dir='ltr'>extendere...</span> <span class='ocrx_word' id='word_1_140' title='bbox 598 1071 672 1112; x_wconf 91' lang='lat' dir='ltr'>nisi</span> <span class='ocrx_word' id='word_1_141' title='bbox 708 1070 841 1112; x_wconf 87' lang='lat' dir='ltr'>torsan</span> <span class='ocrx_word' id='word_1_142' title='bbox 879 1071 1100 1126; x_wconf 83' lang='lat' dir='ltr'>quisquam</span> <span class='ocrx_word' id='word_1_143' title='bbox 1137 1084 1279 1114; x_wconf 90' lang='lat' dir='ltr'>eorum</span> <span class='ocrx_word' id='word_1_144' title='bbox 1315 1071 1484 1126; x_wconf 89' lang='lat' dir='ltr'>speciali</span> <span class='ocrx_word' id='word_1_145' title='bbox 1528 1074 1805 1124; x_wconf 70' lang='lat' dir='ltr'>concessione,</span> 
     </span>
     <span class='ocr_line' id='line_1_15' title="bbox 179 1139 1619 1197; baseline 0.003 -18"><span class='ocrx_word' id='word_1_146' title='bbox 179 1140 240 1182; x_wconf 80' lang='lat' dir='ltr'>vel</span> <span class='ocrx_word' id='word_1_147' title='bbox 276 1139 354 1182; x_wconf 84' lang='lat' dir='ltr'>alia</span> <span class='ocrx_word' id='word_1_148' title='bbox 391 1139 572 1195; x_wconf 84' lang='lat' dir='ltr'>legitima</span> <span class='ocrx_word' id='word_1_149' title='bbox 606 1152 744 1195; x_wconf 66' lang='lat' dir='ltr'>causa.</span> <span class='ocrx_word' id='word_1_150' title='bbox 780 1154 906 1197; x_wconf 90' lang='lat' dir='ltr'>super</span> <span class='ocrx_word' id='word_1_151' title='bbox 939 1140 1175 1184; x_wconf 86' lang='lat' dir='ltr'>huiusmodi</span> <span class='ocrx_word' id='word_1_152' title='bbox 1213 1141 1345 1185; x_wconf 88' lang='lat' dir='ltr'>valeat</span> <span class='ocrx_word' id='word_1_153' title='bbox 1379 1156 1422 1185; x_wconf 90' lang='lat' dir='ltr'>se</span> <span class='ocrx_word' id='word_1_154' title='bbox 1456 1145 1560 1185; x_wconf 90' lang='lat' dir='ltr'>tueri</span> <span class='ocrx_word' id='word_1_155' title='bbox 1581 1158 1619 1184; x_wconf 71' lang='lat' dir='ltr'>J).</span> 
     </span>
    </p>
   </div>
   <div class='ocr_carea' id='block_1_3' title="bbox 148 1238 1821 2576">
    <p class='ocr_par' dir='ltr' id='par_1_5' title="bbox 148 1238 1821 2576">
     <span class='ocr_line' id='line_1_16' title="bbox 294 1238 1808 1286; baseline 0.002 -13"><span class='ocrx_word' id='word_1_156' title='bbox 294 1238 485 1274; x_wconf 74' lang='lat' dir='ltr'>citatorum</span> <span class='ocrx_word' id='word_1_157' title='bbox 515 1250 690 1275; x_wconf 86' lang='lat' dir='ltr'>canonum</span> <span class='ocrx_word' id='word_1_158' title='bbox 721 1251 906 1286; x_wconf 90' lang='lat' dir='ltr'>possumus</span> <span class='ocrx_word' id='word_1_159' title='bbox 932 1241 1113 1276; x_wconf 87' lang='lat' dir='ltr'>desumere</span> <span class='ocrx_word' id='word_1_160' title='bbox 1140 1241 1348 1276; x_wconf 86' lang='lat' dir='ltr'>rationabile</span> <span class='ocrx_word' id='word_1_161' title='bbox 1377 1241 1644 1277; x_wconf 78' lang='lat' dir='ltr'>fundamentum</span> <span class='ocrx_word' id='word_1_162' title='bbox 1680 1252 1720 1276; x_wconf 83' lang='lat' dir='ltr'>ex</span> <span class='ocrx_word' id='word_1_163' title='bbox 1750 1242 1808 1277; x_wconf 94' lang='lat' dir='ltr'>do-</span> 
     </span>
     <span class='ocr_line' id='line_1_17' title="bbox 176 1298 1809 1347; baseline 0.001 -14"><span class='ocrx_word' id='word_1_164' title='bbox 176 1299 288 1334; x_wconf 85' lang='lat' dir='ltr'>ctrina</span> <span class='ocrx_word' id='word_1_165' title='bbox 316 1298 354 1333; x_wconf 85' lang='lat' dir='ltr'>l).</span> <span class='ocrx_word' id='word_1_166' title='bbox 384 1298 447 1333; x_wconf 90' lang='lat' dir='ltr'>Tb.</span> <span class='ocrx_word' id='word_1_167' title='bbox 468 1300 497 1333; x_wconf 76' lang='lat'>¹:</span> <span class='ocrx_word' id='word_1_168' title='bbox 530 1298 599 1334; x_wconf 85' lang='lat' dir='ltr'>«Et</span> <span class='ocrx_word' id='word_1_169' title='bbox 628 1299 712 1341; x_wconf 91' lang='lat' dir='ltr'>ideo,</span> <span class='ocrx_word' id='word_1_170' title='bbox 741 1300 839 1345; x_wconf 80' lang='lat' dir='ltr'>(quia</span> <span class='ocrx_word' id='word_1_171' title='bbox 868 1299 912 1335; x_wconf 91' lang='lat' dir='ltr'>ibi</span> <span class='ocrx_word' id='word_1_172' title='bbox 946 1301 1082 1346; x_wconf 62' lang='lat' dir='ltr'>praevie</span> <span class='ocrx_word' id='word_1_173' title='bbox 1111 1301 1287 1346; x_wconf 86' lang='lat' dir='ltr'>probatur)</span> <span class='ocrx_word' id='word_1_174' title='bbox 1315 1301 1408 1336; x_wconf 92' lang='lat' dir='ltr'>solus</span> <span class='ocrx_word' id='word_1_175' title='bbox 1435 1300 1493 1336; x_wconf 91' lang='lat' dir='ltr'>ille</span> <span class='ocrx_word' id='word_1_176' title='bbox 1525 1301 1582 1347; x_wconf 88' lang='lat' dir='ltr'>qui</span> <span class='ocrx_word' id='word_1_177' title='bbox 1611 1300 1809 1347; x_wconf 86' lang='lat' dir='ltr'>praeficitur</span> 
     </span>
     <span class='ocr_line' id='line_1_18' title="bbox 176 1357 1809 1404; baseline 0.001 -11"><span class='ocrx_word' id='word_1_178' title='bbox 176 1357 357 1400; x_wconf 82' lang='lat' dir='ltr'>Ecclesiae,</span> <span class='ocrx_word' id='word_1_179' title='bbox 387 1363 496 1404; x_wconf 81' lang='lat' dir='ltr'>potest</span> <span class='ocrx_word' id='word_1_180' title='bbox 525 1359 762 1403; x_wconf 79' lang='lat' dir='ltr'>indulgentias</span> <span class='ocrx_word' id='word_1_181' title='bbox 791 1359 912 1396; x_wconf 82' lang='lat' dir='ltr'>facere.</span> <span class='ocrx_word' id='word_1_182' title='bbox 939 1358 1005 1394; x_wconf 89' lang='lat' dir='ltr'>Sed</span> <span class='ocrx_word' id='word_1_183' title='bbox 1035 1371 1112 1394; x_wconf 84' lang='lat' dir='ltr'>cum</span> <span class='ocrx_word' id='word_1_184' title='bbox 1143 1359 1295 1395; x_wconf 82' lang='lat' dir='ltr'>Ecclesia</span> <span class='ocrx_word' id='word_1_185' title='bbox 1321 1360 1365 1394; x_wconf 83' lang='lat' dir='ltr'>sit</span> <span class='ocrx_word' id='word_1_186' title='bbox 1391 1360 1613 1404; x_wconf 84' lang='lat' dir='ltr'>congregatio</span> <span class='ocrx_word' id='word_1_187' title='bbox 1642 1360 1809 1399; x_wconf 82' lang='lat' dir='ltr'>fidelium,</span> 
     </span>
     <span class='ocr_line' id='line_1_19' title="bbox 175 1417 1811 1465; baseline 0.002 -13"><span class='ocrx_word' id='word_1_188' title='bbox 175 1417 396 1462; x_wconf 85' lang='lat' dir='ltr'>congregatio</span> <span class='ocrx_word' id='word_1_189' title='bbox 421 1422 538 1452; x_wconf 89' lang='lat' dir='ltr'>autem</span> <span class='ocrx_word' id='word_1_190' title='bbox 565 1418 748 1452; x_wconf 88' lang='lat' dir='ltr'>bominum</span> <span class='ocrx_word' id='word_1_191' title='bbox 776 1418 819 1452; x_wconf 89' lang='lat' dir='ltr'>sit</span> <span class='ocrx_word' id='word_1_192' title='bbox 847 1418 995 1464; x_wconf 73' lang='lat' dir='ltr'>duplex3</span> <span class='ocrx_word' id='word_1_193' title='bbox 1024 1418 1153 1454; x_wconf 86' lang='lat' dir='ltr'>scilicet</span> <span class='ocrx_word' id='word_1_194' title='bbox 1174 1419 1409 1456; x_wconf 81' lang='lat' dir='ltr'>oeconomica.</span> <span class='ocrx_word' id='word_1_195' title='bbox 1430 1419 1518 1455; x_wconf 89' lang='lat' dir='ltr'>sicut</span> <span class='ocrx_word' id='word_1_196' title='bbox 1538 1419 1586 1454; x_wconf 89' lang='lat' dir='ltr'>illi</span> <span class='ocrx_word' id='word_1_197' title='bbox 1606 1419 1664 1465; x_wconf 88' lang='lat' dir='ltr'>qui</span> <span class='ocrx_word' id='word_1_198' title='bbox 1680 1420 1722 1455; x_wconf 91' lang='lat' dir='ltr'>de</span> <span class='ocrx_word' id='word_1_199' title='bbox 1741 1430 1811 1455; x_wconf 83' lang='lat' dir='ltr'>una</span> 
     </span>
     <span class='ocr_line' id='line_1_20' title="bbox 148 1476 1812 1524; baseline 0.001 -14"><span class='ocrx_word' id='word_1_200' title='bbox 148 1499 152 1502; x_wconf 88' lang='lat'><em>-</em></span> <span class='ocrx_word' id='word_1_201' title='bbox 178 1476 308 1511; x_wconf 83' lang='lat' dir='ltr'>familia</span> <span class='ocrx_word' id='word_1_202' title='bbox 335 1482 429 1518; x_wconf 86' lang='lat' dir='ltr'>sunt,</span> <span class='ocrx_word' id='word_1_203' title='bbox 455 1481 487 1511; x_wconf 87' lang='lat' dir='ltr'>et</span> <span class='ocrx_word' id='word_1_204' title='bbox 516 1476 666 1522; x_wconf 86' lang='lat' dir='ltr'>politica,</span> <span class='ocrx_word' id='word_1_205' title='bbox 695 1477 783 1511; x_wconf 89' lang='lat' dir='ltr'>sicut</span> <span class='ocrx_word' id='word_1_206' title='bbox 811 1477 859 1510; x_wconf 90' lang='lat' dir='ltr'>illi</span> <span class='ocrx_word' id='word_1_207' title='bbox 888 1477 946 1522; x_wconf 88' lang='lat' dir='ltr'>qui</span> <span class='ocrx_word' id='word_1_208' title='bbox 978 1482 1061 1512; x_wconf 90' lang='lat' dir='ltr'>sunt</span> <span class='ocrx_word' id='word_1_209' title='bbox 1088 1477 1129 1512; x_wconf 89' lang='lat' dir='ltr'>de</span> <span class='ocrx_word' id='word_1_210' title='bbox 1157 1489 1226 1513; x_wconf 91' lang='lat' dir='ltr'>uno</span> <span class='ocrx_word' id='word_1_211' title='bbox 1254 1478 1398 1524; x_wconf 88' lang='lat' dir='ltr'>populo:</span> <span class='ocrx_word' id='word_1_212' title='bbox 1420 1477 1569 1514; x_wconf 81' lang='lat' dir='ltr'>Ecclesia</span> <span class='ocrx_word' id='word_1_213' title='bbox 1589 1478 1812 1514; x_wconf 88' lang='lat' dir='ltr'>(universalis</span> 
     </span>
     <span class='ocr_line' id='line_1_21' title="bbox 175 1535 1811 1583; baseline 0.001 -13"><span class='ocrx_word' id='word_1_214' title='bbox 175 1541 208 1571; x_wconf 92' lang='lat' dir='ltr'>et</span> <span class='ocrx_word' id='word_1_215' title='bbox 237 1536 468 1581; x_wconf 79' lang='lat' dir='ltr'>particularis)</span> <span class='ocrx_word' id='word_1_216' title='bbox 497 1535 714 1570; x_wconf 80' lang='lat' dir='ltr'>assimilatur</span> <span class='ocrx_word' id='word_1_217' title='bbox 740 1536 1002 1580; x_wconf 82' lang='lat' dir='ltr'>congregationi</span> <span class='ocrx_word' id='word_1_218' title='bbox 1032 1535 1203 1581; x_wconf 80' lang='lat' dir='ltr'>politicae.</span> <span class='ocrx_word' id='word_1_219' title='bbox 1234 1536 1315 1582; x_wconf 85' lang='lat' dir='ltr'>quia</span> <span class='ocrx_word' id='word_1_220' title='bbox 1335 1537 1407 1583; x_wconf 89' lang='lat' dir='ltr'>ipse</span> <span class='ocrx_word' id='word_1_221' title='bbox 1428 1538 1574 1583; x_wconf 86' lang='lat' dir='ltr'>populus</span> <span class='ocrx_word' id='word_1_222' title='bbox 1594 1537 1744 1573; x_wconf 84' lang='lat' dir='ltr'>Ecclesia</span> <span class='ocrx_word' id='word_1_223' title='bbox 1761 1537 1811 1572; x_wconf 93' lang='lat' dir='ltr'>di-</span> 
     </span>
     <span class='ocr_line' id='line_1_22' title="bbox 176 1594 1814 1641; baseline 0.002 -12"><span class='ocrx_word' id='word_1_224' title='bbox 176 1595 286 1638; x_wconf 75' lang='lat' dir='ltr'>citur3</span> <span class='ocrx_word' id='word_1_225' title='bbox 313 1595 371 1630; x_wconf 91' lang='lat' dir='ltr'>sed</span> <span class='ocrx_word' id='word_1_226' title='bbox 399 1599 593 1629; x_wconf 81' lang='lat' dir='ltr'>conventus</span> <span class='ocrx_word' id='word_1_227' title='bbox 622 1594 763 1635; x_wconf 72' lang='lat' dir='ltr'>diversi,</span> <span class='ocrx_word' id='word_1_228' title='bbox 793 1595 844 1630; x_wconf 78' lang='lat' dir='ltr'>vel</span> <span class='ocrx_word' id='word_1_229' title='bbox 874 1595 1056 1640; x_wconf 83' lang='lat' dir='ltr'>parochiae</span> <span class='ocrx_word' id='word_1_230' title='bbox 1084 1596 1124 1629; x_wconf 87' lang='lat' dir='ltr'>in</span> <span class='ocrx_word' id='word_1_231' title='bbox 1154 1606 1223 1630; x_wconf 89' lang='lat' dir='ltr'>una</span> <span class='ocrx_word' id='word_1_232' title='bbox 1250 1596 1396 1631; x_wconf 86' lang='lat' dir='ltr'>dioecesi</span> <span class='ocrx_word' id='word_1_233' title='bbox 1416 1596 1658 1631; x_wconf 82' lang='lat' dir='ltr'>assimilantur</span> <span class='ocrx_word' id='word_1_234' title='bbox 1675 1607 1814 1641; x_wconf 84' lang='lat' dir='ltr'>congre-</span> 
     </span>
     <span class='ocr_line' id='line_1_23' title="bbox 175 1653 1814 1701; baseline 0.002 -13"><span class='ocrx_word' id='word_1_235' title='bbox 175 1653 306 1698; x_wconf 78' lang='lat' dir='ltr'>gationi</span> <span class='ocrx_word' id='word_1_236' title='bbox 334 1654 369 1688; x_wconf 91' lang='lat' dir='ltr'>in</span> <span class='ocrx_word' id='word_1_237' title='bbox 397 1653 543 1688; x_wconf 73' lang='lat' dir='ltr'>diversis</span> <span class='ocrx_word' id='word_1_238' title='bbox 572 1653 727 1688; x_wconf 83' lang='lat' dir='ltr'>familiis.</span> <span class='ocrx_word' id='word_1_239' title='bbox 757 1654 807 1689; x_wconf 74' lang='lat' dir='ltr'>vel</span> <span class='ocrx_word' id='word_1_240' title='bbox 838 1654 872 1688; x_wconf 89' lang='lat' dir='ltr'>in</span> <span class='ocrx_word' id='word_1_241' title='bbox 900 1654 1048 1689; x_wconf 83' lang='lat' dir='ltr'>diversis</span> <span class='ocrx_word' id='word_1_242' title='bbox 1074 1654 1207 1690; x_wconf 87' lang='lat' dir='ltr'>officiis.</span> <span class='ocrx_word' id='word_1_243' title='bbox 1238 1654 1277 1689; x_wconf 93' lang='lat' dir='ltr'>Et</span> <span class='ocrx_word' id='word_1_244' title='bbox 1307 1655 1383 1690; x_wconf 88' lang='lat' dir='ltr'>ideo</span> <span class='ocrx_word' id='word_1_245' title='bbox 1410 1655 1503 1690; x_wconf 88' lang='lat' dir='ltr'>solus</span> <span class='ocrx_word' id='word_1_246' title='bbox 1530 1655 1714 1701; x_wconf 86' lang='lat' dir='ltr'>episcopus</span> <span class='ocrx_word' id='word_1_247' title='bbox 1748 1659 1814 1698; x_wconf 85' lang='lat' dir='ltr'>(ea-</span> 
     </span>
     <span class='ocr_line' id='line_1_24' title="bbox 174 1712 1815 1760; baseline 0.001 -13"><span class='ocrx_word' id='word_1_248' title='bbox 174 1713 323 1758; x_wconf 85' lang='lat' dir='ltr'>demque</span> <span class='ocrx_word' id='word_1_249' title='bbox 349 1712 483 1748; x_wconf 89' lang='lat' dir='ltr'>ratione</span> <span class='ocrx_word' id='word_1_250' title='bbox 510 1712 545 1747; x_wconf 90' lang='lat' dir='ltr'>in</span> <span class='ocrx_word' id='word_1_251' title='bbox 573 1712 701 1748; x_wconf 86' lang='lat' dir='ltr'>Codice</span> <span class='ocrx_word' id='word_1_252' title='bbox 729 1712 846 1748; x_wconf 89' lang='lat' dir='ltr'>Abbas</span> <span class='ocrx_word' id='word_1_253' title='bbox 874 1713 926 1748; x_wconf 88' lang='lat' dir='ltr'>vel</span> <span class='ocrx_word' id='word_1_254' title='bbox 970 1713 1147 1749; x_wconf 86' lang='lat' dir='ltr'>Praelatus</span> <span class='ocrx_word' id='word_1_255' title='bbox 1185 1714 1423 1760; x_wconf 85' lang='lat' dir='ltr'>Apostolicus)</span> <span class='ocrx_word' id='word_1_256' title='bbox 1466 1715 1602 1760; x_wconf 87' lang='lat' dir='ltr'>proprie</span> <span class='ocrx_word' id='word_1_257' title='bbox 1641 1714 1815 1760; x_wconf 86' lang='lat' dir='ltr'>praelatus</span> 
     </span>
     <span class='ocr_line' id='line_1_25' title="bbox 176 1771 1813 1818; baseline 0.001 -12"><span class='ocrx_word' id='word_1_258' title='bbox 176 1772 346 1807; x_wconf 85' lang='lat' dir='ltr'>Ecclesiae</span> <span class='ocrx_word' id='word_1_259' title='bbox 371 1771 517 1806; x_wconf 86' lang='lat' dir='ltr'>dicitur:</span> <span class='ocrx_word' id='word_1_260' title='bbox 544 1777 576 1807; x_wconf 88' lang='lat' dir='ltr'>et</span> <span class='ocrx_word' id='word_1_261' title='bbox 605 1771 680 1807; x_wconf 89' lang='lat' dir='ltr'>ideo</span> <span class='ocrx_word' id='word_1_262' title='bbox 707 1772 779 1818; x_wconf 90' lang='lat' dir='ltr'>ipse</span> <span class='ocrx_word' id='word_1_263' title='bbox 806 1772 899 1807; x_wconf 86' lang='lat' dir='ltr'>solus</span> <span class='ocrx_word' id='word_1_264' title='bbox 931 1773 1043 1817; x_wconf 74' lang='lat' dir='ltr'>(cuius</span> <span class='ocrx_word' id='word_1_265' title='bbox 1065 1773 1281 1808; x_wconf 83' lang='lat' dir='ltr'>territorium</span> <span class='ocrx_word' id='word_1_266' title='bbox 1301 1779 1350 1808; x_wconf 88' lang='lat' dir='ltr'>est</span> <span class='ocrx_word' id='word_1_267' title='bbox 1372 1773 1572 1809; x_wconf 84' lang='lat' dir='ltr'>institutum</span> <span class='ocrx_word' id='word_1_268' title='bbox 1589 1774 1632 1809; x_wconf 91' lang='lat' dir='ltr'>ad</span> <span class='ocrx_word' id='word_1_269' title='bbox 1652 1784 1813 1809; x_wconf 88' lang='lat' dir='ltr'>normam</span> 
     </span>
     <span class='ocr_line' id='line_1_26' title="bbox 174 1830 1814 1876; baseline 0 -11"><span class='ocrx_word' id='word_1_270' title='bbox 174 1831 260 1875; x_wconf 82' lang='lat' dir='ltr'>juris</span> <span class='ocrx_word' id='word_1_271' title='bbox 287 1830 398 1864; x_wconf 79' lang='lat' dir='ltr'>divini</span> <span class='ocrx_word' id='word_1_272' title='bbox 429 1830 520 1865; x_wconf 86' lang='lat' dir='ltr'>circa</span> <span class='ocrx_word' id='word_1_273' title='bbox 548 1830 718 1865; x_wconf 87' lang='lat' dir='ltr'>Ecclesiae</span> <span class='ocrx_word' id='word_1_274' title='bbox 745 1830 1049 1873; x_wconf 63' lang='lat' dir='ltr'>constitutionem]</span> <span class='ocrx_word' id='word_1_275' title='bbox 1080 1831 1178 1876; x_wconf 84' lang='lat' dir='ltr'>quasi</span> <span class='ocrx_word' id='word_1_276' title='bbox 1206 1842 1355 1876; x_wconf 87' lang='lat' dir='ltr'>sponsus</span> <span class='ocrx_word' id='word_1_277' title='bbox 1384 1831 1489 1875; x_wconf 82' lang='lat' dir='ltr'>(vices</span> <span class='ocrx_word' id='word_1_278' title='bbox 1516 1831 1641 1876; x_wconf 88' lang='lat' dir='ltr'>Sponsi</span> <span class='ocrx_word' id='word_1_279' title='bbox 1679 1832 1814 1867; x_wconf 87' lang='lat' dir='ltr'>celestis</span> 
     </span>
     <span class='ocr_line' id='line_1_27' title="bbox 175 1888 1813 1936; baseline 0.001 -11"><span class='ocrx_word' id='word_1_280' title='bbox 175 1890 308 1935; x_wconf 76' lang='lat' dir='ltr'>gerens)</span> <span class='ocrx_word' id='word_1_281' title='bbox 342 1889 516 1924; x_wconf 88' lang='lat' dir='ltr'>annulum</span> <span class='ocrx_word' id='word_1_282' title='bbox 548 1888 718 1925; x_wconf 87' lang='lat' dir='ltr'>Ecclesiae</span> <span class='ocrx_word' id='word_1_283' title='bbox 745 1889 887 1935; x_wconf 83' lang='lat' dir='ltr'>recipit:</span> <span class='ocrx_word' id='word_1_284' title='bbox 916 1894 951 1925; x_wconf 90' lang='lat' dir='ltr'>et</span> <span class='ocrx_word' id='word_1_285' title='bbox 978 1890 1054 1925; x_wconf 90' lang='lat' dir='ltr'>ideo</span> <span class='ocrx_word' id='word_1_286' title='bbox 1081 1890 1174 1925; x_wconf 88' lang='lat' dir='ltr'>solus</span> <span class='ocrx_word' id='word_1_287' title='bbox 1201 1891 1275 1936; x_wconf 87' lang='lat' dir='ltr'>ipse</span> <span class='ocrx_word' id='word_1_288' title='bbox 1301 1890 1409 1935; x_wconf 81' lang='lat' dir='ltr'>(idem</span> <span class='ocrx_word' id='word_1_289' title='bbox 1447 1891 1489 1926; x_wconf 91' lang='lat' dir='ltr'>ad</span> <span class='ocrx_word' id='word_1_290' title='bbox 1529 1902 1689 1926; x_wconf 89' lang='lat' dir='ltr'>normam</span> <span class='ocrx_word' id='word_1_291' title='bbox 1728 1892 1813 1926; x_wconf 87' lang='lat' dir='ltr'>iuris</span> 
     </span>
     <span class='ocr_line' id='line_1_28' title="bbox 174 1949 1813 1996; baseline 0.001 -11"><span class='ocrx_word' id='word_1_292' title='bbox 174 1949 373 1985; x_wconf 83' lang='lat' dir='ltr'>communis</span> <span class='ocrx_word' id='word_1_293' title='bbox 398 1949 626 1985; x_wconf 88' lang='lat' dir='ltr'>asserendum</span> <span class='ocrx_word' id='word_1_294' title='bbox 654 1949 695 1984; x_wconf 93' lang='lat' dir='ltr'>de</span> <span class='ocrx_word' id='word_1_295' title='bbox 723 1949 937 1995; x_wconf 87' lang='lat' dir='ltr'>supradictis</span> <span class='ocrx_word' id='word_1_296' title='bbox 969 1949 1151 1993; x_wconf 74' lang='lat' dir='ltr'>Praelatis)</span> <span class='ocrx_word' id='word_1_297' title='bbox 1179 1950 1281 1985; x_wconf 87' lang='lat' dir='ltr'>habet</span> <span class='ocrx_word' id='word_1_298' title='bbox 1311 1955 1512 1996; x_wconf 83' lang='lat' dir='ltr'>potestatem</span> <span class='ocrx_word' id='word_1_299' title='bbox 1543 1951 1681 1994; x_wconf 87' lang='lat' dir='ltr'>plenam</span> <span class='ocrx_word' id='word_1_300' title='bbox 1701 1951 1737 1986; x_wconf 92' lang='lat' dir='ltr'>in</span> <span class='ocrx_word' id='word_1_301' title='bbox 1763 1951 1813 1986; x_wconf 92' lang='lat' dir='ltr'>di-</span> 
     </span>
     <span class='ocr_line' id='line_1_29' title="bbox 175 2009 1815 2056; baseline 0.001 -12"><span class='ocrx_word' id='word_1_302' title='bbox 175 2009 401 2054; x_wconf 83' lang='lat' dir='ltr'>spensatione</span> <span class='ocrx_word' id='word_1_303' title='bbox 426 2013 741 2049; x_wconf 78' lang='lat' dir='ltr'>sacramentorum,</span> <span class='ocrx_word' id='word_1_304' title='bbox 770 2013 802 2044; x_wconf 87' lang='lat' dir='ltr'>et</span> <span class='ocrx_word' id='word_1_305' title='bbox 832 2009 1111 2044; x_wconf 87' lang='lat' dir='ltr'>iurisdictionem</span> <span class='ocrx_word' id='word_1_306' title='bbox 1140 2009 1174 2043; x_wconf 93' lang='lat' dir='ltr'>in</span> <span class='ocrx_word' id='word_1_307' title='bbox 1205 2009 1276 2044; x_wconf 84' lang='lat' dir='ltr'>foro</span> <span class='ocrx_word' id='word_1_308' title='bbox 1307 2020 1490 2045; x_wconf 86' lang='lat' dir='ltr'>causarum</span> <span class='ocrx_word' id='word_1_309' title='bbox 1531 2011 1628 2056; x_wconf 85' lang='lat' dir='ltr'>quasi</span> <span class='ocrx_word' id='word_1_310' title='bbox 1670 2021 1815 2055; x_wconf 90' lang='lat' dir='ltr'>persona</span> 
     </span>
     <span class='ocr_line' id='line_1_30' title="bbox 178 2068 1815 2115; baseline 0.002 -13"><span class='ocrx_word' id='word_1_311' title='bbox 178 2068 335 2113; x_wconf 82' lang='lat' dir='ltr'>publica;</span> <span class='ocrx_word' id='word_1_312' title='bbox 364 2068 423 2103; x_wconf 90' lang='lat' dir='ltr'>alii</span> <span class='ocrx_word' id='word_1_313' title='bbox 452 2073 579 2109; x_wconf 89' lang='lat' dir='ltr'>autem,</span> <span class='ocrx_word' id='word_1_314' title='bbox 608 2068 805 2104; x_wconf 85' lang='lat' dir='ltr'>secundum</span> <span class='ocrx_word' id='word_1_315' title='bbox 832 2068 922 2114; x_wconf 89' lang='lat' dir='ltr'>quod</span> <span class='ocrx_word' id='word_1_316' title='bbox 949 2068 992 2103; x_wconf 86' lang='lat' dir='ltr'>ab</span> <span class='ocrx_word' id='word_1_317' title='bbox 1019 2079 1058 2104; x_wconf 91' lang='lat' dir='ltr'>eo</span> <span class='ocrx_word' id='word_1_318' title='bbox 1084 2070 1133 2104; x_wconf 89' lang='lat' dir='ltr'>eis</span> <span class='ocrx_word' id='word_1_319' title='bbox 1163 2069 1394 2104; x_wconf 88' lang='lat' dir='ltr'>committitur</span> <span class='ocrx_word' id='word_1_320' title='bbox 1420 2069 1557 2112; x_wconf 86' lang='lat' dir='ltr'>(saltem</span> <span class='ocrx_word' id='word_1_321' title='bbox 1578 2080 1637 2115; x_wconf 91' lang='lat' dir='ltr'>per</span> <span class='ocrx_word' id='word_1_322' title='bbox 1654 2069 1815 2114; x_wconf 84' lang='lat' dir='ltr'>designa·</span> 
     </span>
     <span class='ocr_line' id='line_1_31' title="bbox 177 2127 1820 2173; baseline 0.001 -12"><span class='ocrx_word' id='word_1_323' title='bbox 177 2127 306 2162; x_wconf 91' lang='lat' dir='ltr'>tionem</span> <span class='ocrx_word' id='word_1_324' title='bbox 336 2138 503 2173; x_wconf 90' lang='lat' dir='ltr'>personae</span> <span class='ocrx_word' id='word_1_325' title='bbox 528 2127 572 2163; x_wconf 88' lang='lat' dir='ltr'>ab</span> <span class='ocrx_word' id='word_1_326' title='bbox 598 2138 638 2163; x_wconf 90' lang='lat' dir='ltr'>eo</span> <span class='ocrx_word' id='word_1_327' title='bbox 663 2127 896 2173; x_wconf 89' lang='lat' dir='ltr'>dependentis</span> <span class='ocrx_word' id='word_1_328' title='bbox 921 2138 962 2163; x_wconf 85' lang='lat' dir='ltr'>ac</span> <span class='ocrx_word' id='word_1_329' title='bbox 988 2127 1144 2163; x_wconf 87' lang='lat' dir='ltr'>fortassis</span> <span class='ocrx_word' id='word_1_330' title='bbox 1169 2128 1212 2163; x_wconf 85' lang='lat' dir='ltr'>ad</span> <span class='ocrx_word' id='word_1_331' title='bbox 1241 2128 1316 2163; x_wconf 89' lang='lat' dir='ltr'>eius</span> <span class='ocrx_word' id='word_1_332' title='bbox 1346 2131 1502 2172; x_wconf 90' lang='lat' dir='ltr'>nutum).</span> <span class='ocrx_word' id='word_1_333' title='bbox 1533 2127 1599 2164; x_wconf 86' lang='lat' dir='ltr'>Sed</span> <span class='ocrx_word' id='word_1_334' title='bbox 1626 2128 1820 2164; x_wconf 81' lang='lat' dir='ltr'>sacerdotes</span> 
     </span>
     <span class='ocr_line' id='line_1_32' title="bbox 177 2186 1818 2233; baseline 0.001 -13"><span class='ocrx_word' id='word_1_335' title='bbox 177 2186 235 2232; x_wconf 92' lang='lat' dir='ltr'>qui</span> <span class='ocrx_word' id='word_1_336' title='bbox 263 2186 423 2232; x_wconf 89' lang='lat' dir='ltr'>plebibus</span> <span class='ocrx_word' id='word_1_337' title='bbox 451 2187 718 2232; x_wconf 81' lang='lat' dir='ltr'>praeficiuntur,</span> <span class='ocrx_word' id='word_1_338' title='bbox 749 2197 817 2222; x_wconf 92' lang='lat' dir='ltr'>non</span> <span class='ocrx_word' id='word_1_339' title='bbox 847 2191 928 2222; x_wconf 89' lang='lat' dir='ltr'>sunt</span> <span class='ocrx_word' id='word_1_340' title='bbox 956 2186 1162 2233; x_wconf 87' lang='lat' dir='ltr'>simpliciter</span> <span class='ocrx_word' id='word_1_341' title='bbox 1190 2187 1350 2233; x_wconf 83' lang='lat' dir='ltr'>praelati.</span> <span class='ocrx_word' id='word_1_342' title='bbox 1379 2187 1436 2222; x_wconf 88' lang='lat' dir='ltr'>sed</span> <span class='ocrx_word' id='word_1_343' title='bbox 1466 2188 1563 2233; x_wconf 89' lang='lat' dir='ltr'>quasi</span> <span class='ocrx_word' id='word_1_344' title='bbox 1587 2188 1818 2228; x_wconf 54' lang='lat' dir='ltr'>coadiutorem</span> 
     </span>
     <span class='ocr_line' id='line_1_33' title="bbox 175 2245 1820 2292; baseline 0.002 -13"><span class='ocrx_word' id='word_1_345' title='bbox 175 2245 268 2280; x_wconf 88' lang='lat' dir='ltr'>uude</span> <span class='ocrx_word' id='word_1_346' title='bbox 294 2245 330 2279; x_wconf 86' lang='lat' dir='ltr'>in</span> <span class='ocrx_word' id='word_1_347' title='bbox 359 2246 625 2281; x_wconf 88' lang='lat' dir='ltr'>consecratione</span> <span class='ocrx_word' id='word_1_348' title='bbox 655 2246 875 2282; x_wconf 87' lang='lat' dir='ltr'>sacerdotum</span> <span class='ocrx_word' id='word_1_349' title='bbox 905 2245 1090 2292; x_wconf 88' lang='lat' dir='ltr'>episcopus</span> <span class='ocrx_word' id='word_1_350' title='bbox 1118 2245 1228 2281; x_wconf 91' lang='lat' dir='ltr'>dicit:</span> <span class='ocrx_word' id='word_1_351' title='bbox 1267 2245 1450 2289; x_wconf 74' lang='lat' dir='ltr'>“Quanto</span> <span class='ocrx_word' id='word_1_352' title='bbox 1479 2246 1669 2291; x_wconf 78' lang='lat' dir='ltr'>fragiliores</span> <span class='ocrx_word' id='word_1_353' title='bbox 1699 2258 1820 2282; x_wconf 88' lang='lat' dir='ltr'>sumus</span> 
     </span>
     <span class='ocr_line' id='line_1_34' title="bbox 180 2305 1821 2351; baseline 0.001 -12"><span class='ocrx_word' id='word_1_354' title='bbox 180 2309 277 2339; x_wconf 86' lang='lat' dir='ltr'>tanto</span> <span class='ocrx_word' id='word_1_355' title='bbox 305 2305 416 2349; x_wconf 91' lang='lat' dir='ltr'>magis</span> <span class='ocrx_word' id='word_1_356' title='bbox 441 2305 582 2340; x_wconf 84' lang='lat' dir='ltr'>auxiliis</span> <span class='ocrx_word' id='word_1_357' title='bbox 610 2305 665 2340; x_wconf 90' lang='lat' dir='ltr'>his</span> <span class='ocrx_word' id='word_1_358' title='bbox 694 2305 953 2349; x_wconf 71' lang='lat' dir='ltr'>indigemus„:</span> <span class='ocrx_word' id='word_1_359' title='bbox 981 2310 1014 2340; x_wconf 87' lang='lat' dir='ltr'>et</span> <span class='ocrx_word' id='word_1_360' title='bbox 1042 2310 1181 2351; x_wconf 89' lang='lat' dir='ltr'>propter</span> <span class='ocrx_word' id='word_1_361' title='bbox 1208 2305 1270 2341; x_wconf 88' lang='lat' dir='ltr'>hoc</span> <span class='ocrx_word' id='word_1_362' title='bbox 1305 2306 1409 2341; x_wconf 84' lang='lat' dir='ltr'>etiam</span> <span class='ocrx_word' id='word_1_363' title='bbox 1446 2316 1515 2340; x_wconf 88' lang='lat' dir='ltr'>non</span> <span class='ocrx_word' id='word_1_364' title='bbox 1554 2306 1673 2341; x_wconf 88' lang='lat' dir='ltr'>omnia</span> <span class='ocrx_word' id='word_1_365' title='bbox 1707 2316 1821 2341; x_wconf 86' lang='lat' dir='ltr'>sacra-</span> 
     </span>
     <span class='ocr_line' id='line_1_35' title="bbox 177 2363 1821 2411; baseline 0.001 -14"><span class='ocrx_word' id='word_1_366' title='bbox 177 2368 294 2399; x_wconf 86' lang='lat' dir='ltr'>menta</span> <span class='ocrx_word' id='word_1_367' title='bbox 321 2364 541 2410; x_wconf 73' lang='lat' dir='ltr'>dispensant.</span> <span class='ocrx_word' id='word_1_368' title='bbox 574 2363 670 2400; x_wconf 84' lang='lat' dir='ltr'>Unde</span> <span class='ocrx_word' id='word_1_369' title='bbox 701 2364 900 2399; x_wconf 82' lang='lat' dir='ltr'>sacerdotes</span> <span class='ocrx_word' id='word_1_370' title='bbox 929 2364 1157 2410; x_wconf 76' lang='lat' dir='ltr'>parochiales,</span> <span class='ocrx_word' id='word_1_371' title='bbox 1185 2364 1235 2399; x_wconf 80' lang='lat' dir='ltr'>vel</span> <span class='ocrx_word' id='word_1_372' title='bbox 1263 2363 1408 2399; x_wconf 88' lang='lat' dir='ltr'>abbates</span> <span class='ocrx_word' id='word_1_373' title='bbox 1427 2365 1483 2407; x_wconf 85' lang='lat' dir='ltr'>(de</span> <span class='ocrx_word' id='word_1_374' title='bbox 1501 2365 1683 2409; x_wconf 88' lang='lat' dir='ltr'>regimine,</span> <span class='ocrx_word' id='word_1_375' title='bbox 1704 2369 1821 2411; x_wconf 86' lang='lat' dir='ltr'>utpote</span> 
     </span>
     <span class='ocr_line' id='line_1_36' title="bbox 179 2422 1820 2468; baseline 0.001 -11"><span class='ocrx_word' id='word_1_376' title='bbox 179 2423 381 2458; x_wconf 85' lang='lat' dir='ltr'>monasterii</span> <span class='ocrx_word' id='word_1_377' title='bbox 409 2423 461 2458; x_wconf 89' lang='lat' dir='ltr'>sui</span> <span class='ocrx_word' id='word_1_378' title='bbox 491 2423 586 2462; x_wconf 85' lang='lat' dir='ltr'>iuris,</span> <span class='ocrx_word' id='word_1_379' title='bbox 616 2423 712 2468; x_wconf 90' lang='lat' dir='ltr'>prius</span> <span class='ocrx_word' id='word_1_380' title='bbox 739 2423 853 2458; x_wconf 79' lang='lat' dir='ltr'>vocati</span> <span class='ocrx_word' id='word_1_381' title='bbox 875 2434 895 2458; x_wconf 88' lang='lat' dir='ltr'>a</span> <span class='ocrx_word' id='word_1_382' title='bbox 920 2422 962 2458; x_wconf 92' lang='lat' dir='ltr'>D.</span> <span class='ocrx_word' id='word_1_383' title='bbox 989 2422 1051 2458; x_wconf 91' lang='lat' dir='ltr'>Th.</span> <span class='ocrx_word' id='word_1_384' title='bbox 1084 2429 1106 2442; x_wconf 81' lang='lat'><em>“</em></span> <span class='ocrx_word' id='word_1_385' title='bbox 1125 2429 1318 2458; x_wconf 60' lang='lat' dir='ltr'>conxentus</span> <span class='ocrx_word' id='word_1_386' title='bbox 1340 2426 1392 2468; x_wconf 83' lang='lat'>‚‚),</span> <span class='ocrx_word' id='word_1_387' title='bbox 1427 2429 1486 2459; x_wconf 86' lang='lat' dir='ltr'>aut</span> <span class='ocrx_word' id='word_1_388' title='bbox 1524 2424 1581 2459; x_wconf 89' lang='lat' dir='ltr'>alii</span> <span class='ocrx_word' id='word_1_389' title='bbox 1621 2423 1820 2461; x_wconf 87' lang='lat' dir='ltr'>huiusmodi</span> 
     </span>
     <span class='ocr_line' id='line_1_37' title="bbox 178 2481 1821 2529; baseline 0.002 -14"><span class='ocrx_word' id='word_1_390' title='bbox 178 2481 321 2526; x_wconf 87' lang='lat' dir='ltr'>praelati</span> <span class='ocrx_word' id='word_1_391' title='bbox 352 2485 435 2526; x_wconf 87' lang='lat' dir='ltr'>(non</span> <span class='ocrx_word' id='word_1_392' title='bbox 459 2482 608 2528; x_wconf 86' lang='lat' dir='ltr'>proprie,</span> <span class='ocrx_word' id='word_1_393' title='bbox 627 2482 685 2517; x_wconf 92' lang='lat' dir='ltr'>sed</span> <span class='ocrx_word' id='word_1_394' title='bbox 706 2481 736 2516; x_wconf 84' lang='lat' dir='ltr'>vi</span> <span class='ocrx_word' id='word_1_395' title='bbox 758 2481 917 2517; x_wconf 85' lang='lat' dir='ltr'>nominis</span> <span class='ocrx_word' id='word_1_396' title='bbox 936 2486 1104 2528; x_wconf 86' lang='lat' dir='ltr'>tanquam</span> <span class='ocrx_word' id='word_1_397' title='bbox 1129 2483 1307 2528; x_wconf 80' lang='lat' dir='ltr'>praefecti)</span> <span class='ocrx_word' id='word_1_398' title='bbox 1329 2494 1397 2518; x_wconf 90' lang='lat' dir='ltr'>non</span> <span class='ocrx_word' id='word_1_399' title='bbox 1420 2488 1563 2529; x_wconf 86' lang='lat' dir='ltr'>possunt</span> <span class='ocrx_word' id='word_1_400' title='bbox 1585 2483 1821 2529; x_wconf 86' lang='lat' dir='ltr'>indulgentias</span> 
     </span>
     <span class='ocr_line' id='line_1_38' title="bbox 179 2542 337 2576; baseline 0 0"><span class='ocrx_word' id='word_1_401' title='bbox 179 2542 337 2576; x_wconf 88' lang='lat' dir='ltr'>facere».</span> 
     </span>
    </p>
   </div>
   <div class='ocr_carea' id='block_1_4' title="bbox 178 2629 1816 2758">
    <p class='ocr_par' dir='ltr' id='par_1_6' title="bbox 178 2629 1816 2758">
     <span class='ocr_line' id='line_1_39' title="bbox 298 2629 1815 2688; baseline 0.002 -16"><span class='ocrx_word' id='word_1_402' title='bbox 298 2629 514 2673; x_wconf 88' lang='lat' dir='ltr'>Praeterea</span> <span class='ocrx_word' id='word_1_403' title='bbox 551 2632 588 2672; x_wconf 91' lang='lat' dir='ltr'>in</span> <span class='ocrx_word' id='word_1_404' title='bbox 623 2643 713 2686; x_wconf 87' lang='lat' dir='ltr'>cap.</span> <span class='ocrx_word' id='word_1_405' title='bbox 755 2646 775 2672; x_wconf 85' lang='grc'>((</span> <span class='ocrx_word' id='word_1_406' title='bbox 794 2630 896 2675; x_wconf 89' lang='lat' dir='ltr'>Cum</span> <span class='ocrx_word' id='word_1_407' title='bbox 934 2644 983 2674; x_wconf 86' lang='lat' dir='ltr'>ex</span> <span class='ocrx_word' id='word_1_408' title='bbox 1019 2645 1106 2674; x_wconf 86' lang='lat' dir='ltr'>eo»</span> <span class='ocrx_word' id='word_1_409' title='bbox 1148 2632 1198 2674; x_wconf 85' lang='grc'>14</span> <span class='ocrx_word' id='word_1_410' title='bbox 1237 2631 1288 2675; x_wconf 89' lang='lat' dir='ltr'>de</span> <span class='ocrx_word' id='word_1_411' title='bbox 1325 2633 1588 2688; x_wconf 90' lang='lat' dir='ltr'>poenitentiis</span> <span class='ocrx_word' id='word_1_412' title='bbox 1610 2637 1649 2675; x_wconf 90' lang='lat' dir='ltr'>et</span> <span class='ocrx_word' id='word_1_413' title='bbox 1672 2635 1815 2675; x_wconf 91' lang='lat' dir='ltr'>remis-</span> 
     </span>
     <span class='ocr_line' id='line_1_40' title="bbox 178 2698 1816 2758; baseline 0.002 -15"><span class='ocrx_word' id='word_1_414' title='bbox 178 2699 363 2744; x_wconf 89' lang='lat' dir='ltr'>sionibus</span> <span class='ocrx_word' id='word_1_415' title='bbox 394 2698 459 2756; x_wconf 79' lang='lat' dir='ltr'>(V‚</span> <span class='ocrx_word' id='word_1_416' title='bbox 494 2699 567 2758; x_wconf 82' lang='lat'>38)</span> <span class='ocrx_word' id='word_1_417' title='bbox 605 2702 896 2750; x_wconf 71' lang='lat' dir='ltr'>«decernitur,</span> <span class='ocrx_word' id='word_1_418' title='bbox 930 2707 973 2745; x_wconf 86' lang='lat' dir='ltr'>ut</span> <span class='ocrx_word' id='word_1_419' title='bbox 1007 2714 1100 2745; x_wconf 89' lang='lat' dir='ltr'>cum</span> <span class='ocrx_word' id='word_1_420' title='bbox 1135 2702 1359 2746; x_wconf 89' lang='lat' dir='ltr'>dedicatur</span> <span class='ocrx_word' id='word_1_421' title='bbox 1395 2702 1583 2752; x_wconf 85' lang='lat' dir='ltr'>Basilica,</span> <span class='ocrx_word' id='word_1_422' title='bbox 1626 2715 1706 2746; x_wconf 90' lang='lat' dir='ltr'>non</span> <span class='ocrx_word' id='word_1_423' title='bbox 1749 2716 1816 2747; x_wconf 89' lang='lat' dir='ltr'>ex-</span> 
     </span>
    </p>
   </div>
   <div class='ocr_carea' id='block_1_5' title="bbox 297 2853 884 2898">
    <p class='ocr_par' dir='ltr' id='par_1_7' title="bbox 297 2853 884 2898">
     <span class='ocr_line' id='line_1_41' title="bbox 297 2853 884 2898; baseline 0.002 -11"><span class='ocrx_word' id='word_1_424' title='bbox 297 2854 308 2875; x_wconf 77' lang='lat'><strong>1</strong></span> <span class='ocrx_word' id='word_1_425' title='bbox 337 2853 468 2898; x_wconf 88' lang='lat' dir='ltr'>Suppl.</span> <span class='ocrx_word' id='word_1_426' title='bbox 499 2865 533 2898; x_wconf 91' lang='lat' dir='ltr'>q.</span> <span class='ocrx_word' id='word_1_427' title='bbox 566 2854 712 2894; x_wconf 88' lang='lat' dir='ltr'>XXVI,</span> <span class='ocrx_word' id='word_1_428' title='bbox 742 2866 775 2888; x_wconf 83' lang='lat' dir='ltr'>a.</span> <span class='ocrx_word' id='word_1_429' title='bbox 807 2856 824 2888; x_wconf 83' lang='lat'>1</span> <span class='ocrx_word' id='word_1_430' title='bbox 853 2866 884 2888; x_wconf 91' lang='lat' dir='ltr'>c.</span> 
     </span>
    </p>
   </div>
   <div class='ocr_carea' id='block_1_6' title="bbox 1892 0 1971 3261">
    <p class='ocr_par' dir='ltr' id='par_1_8' title="bbox 1892 0 1971 3261">
     <span class='ocr_line' id='line_1_42' title="bbox 1892 0 1971 3261; baseline 0 0"><span class='ocrx_word' id='word_1_431' title='bbox 1892 0 1971 3261; x_wconf 95' lang='lat' dir='ltr'> </span> 
     </span>
    </p>
   </div>
  </div>
 </body>
</html>
