1971 3261
81 168 174 205 Cnn.
200 165 358 203 938-939
549 165 631 198 Ti'r.
662 165 706 199 V.
736 186 747 191 -
775 166 831 200 De
856 171 1029 201 esvtrmna
1061 151 1239 202 auctione
1633 172 1701 206 341

83 290 197 332 nario
231 285 293 329 vel
328 285 444 328 alteri
478 287 545 340 qui
581 287 669 327 eius
705 287 816 328 vices
848 288 969 341 gerit,
1000 292 1123 343 atque
1158 289 1195 329 iu
1230 286 1307 330 alia
1345 288 1542 344 religione
1568 290 1706 335 laicali.

80 359 130 402 ad
167 356 390 413 parocbum
426 355 502 397 loci
541 355 602 398 vel
651 355 700 398 ad
751 356 1038 412 cappellanuni
1068 373 1103 408 n,
1137 357 1198 399 liis
1231 357 1394 402 casibus
1428 360 1476 402 ad
1514 374 1698 404 normam

80 429 241 472 illorum
276 439 479 470 canonum
514 428 712 481 exceptis,
749 426 940 468 iniitisler
963 427 1224 473 ‹attium-ius.
1248 442 1318 471 seu
1346 432 1433 473 iure
1458 431 1703 487 regulariter

78 500 310 555 deputatus,
344 502 403 539 es!
434 494 647 553 parochus
680 495 775 542 loci,
814 497 853 538 in
890 511 968 553 qao
1001 497 1113 552 (tersit
1148 498 1338 554 infirmus
1362 500 1616 544 decumbens
1638 502 1699 546 vel

80 583 156 613 non
182 567 347 626 quando
372 569 557 623 recipere
578 567 664 609 vult
684 567 760 610 hec
778 573 1100 621 sacramentum,
1124 571 1212 611 site
1238 569 1345 612 illius
1368 573 1416 613 sit
1441 572 1630 615 subditus
1648 574 1696 616 ad

79 652 265 684 normam
285 651 374 682 can.
395 638 462 691 94,
481 640 571 681 sive
593 640 836 694 peregrinus
856 643 925 681 aut
953 652 1082 694 tagus
1101 640 1149 681 ad
1172 653 1356 682 normani
1384 654 1472 685 can.
1500 644 1566 684 91.
1596 647 1697 687 lluic

76 711 116 767 ξι
151 709 318 766 regulae
350 709 559 752 adduntur
593 708 698 751 duae
732 711 1009 764 exceptiones,
1043 709 1193 765 (puluis
1236 711 1476 767 designatur
1517 716 1701 757 minister

77 767 445 829 extraordinarius,
493 782 699 821 statuente
745 791 925 821 canone:
969 780 1010 834 a)
1054 779 1092 820 in
1133 793 1231 822 casu
1266 787 1402 823 aulem
1438 784 1701 826 necess-italis

79 850 274 908 physicae
326 848 386 891 vel
438 848 619 902 moralis,
652 848 818 906 quando
854 862 999 904 nempe
1035 852 1219 892 {ninister
1258 851 1492 894 ordinarius
1534 856 1700 896 omnino

78 925 266 979 nequeat,
305 919 366 963 vel
402 933 480 962 nen
514 918 670 976 absque
704 919 966 962 incommodo
999 923 1115 974 gravi
1144 920 1440 975 edulcare-<1111
1468 926 1701 968 illinistiare

77 992 153 1035 hoc
185 995 506 1043 sacramentum,
540 992 609 1047 qui
644 1002 764 1033 casus
796 989 956 1032 accidet.
999 992 1120 1032 etiam
1161 994 1190 1032 si
1229 992 1431 1046 parochus
1468 996 1699 1038 ministrare

76 1063 200 1117 nolet,
248 1062 287 1117 b)
322 1061 382 1104 vel
414 1060 464 1103 (Ie
497 1060 685 1115 licentia,
723 1063 812 1103 sive
860 1074 1053 1116 expressa
1108 1061 1258 1107 vei-bis.
1291 1065 1455 1118 scripto,
1490 1066 1701 1121 aequipol-

77 1133 254 1177 lentibus
286 1135 428 1189 signis,
462 1135 552 1175 sive
586 1134 721 1187 tacita,
757 1144 863 1189 quae
907 1132 1013 1174 adsit
1056 1136 1093 1174 et
1137 1132 1345 1187 colligitur
1378 1148 1424 1176 ex
1464 1135 1577 1177 lactis
1610 1150 1699 1179 eain

75 1204 307 1256 tribuentis,
341 1206 422 1246 imo
458 1208 499 1246 ut
541 1205 597 1246 ait
639 1215 794 1246 canen:
829 1201 978 1244 saltem
1014 1202 1342 1253 rationabiliter,
1379 1204 1502 1247 idest:
1538 1220 1588 1248 ex
1622 1210 1701 1250 cir-

75 1277 334 1318 cumstantiis
379 1275 604 1330 prudenter
641 1279 916 1331 praesumpta
955 1273 1063 1330 qued
1098 1275 1411 1330 concederetur,
1445 1282 1512 1318 aut
1549 1279 1699 1320 tactum

76 1344 298 1389 baberetur
330 1349 509 1401 gratum,
543 1346 702 1387 etiamsi
738 1343 848 1387 nulla
881 1343 1012 1388 subsit
1034 1357 1156 1387 causa
1182 1345 1474 1388 concedendae
1499 1346 1700 1397 licentiae,

73 1417 143 1459 sed
180 1415 280 1459 llaec
314 1418 364 1459 sit
398 1414 583 1458 eiusdem
618 1429 785 1471 nempe:
819 1428 942 1471 supra
967 1416 1168 1471 designati
1190 1415 1370 1473 par-orm
1394 1416 1455 1458 vel
1477 1416 1702 1461 Ordimzrii

75 1486 167 1532 loci.
207 1502 226 1527 «
252 1489 289 1529 in
324 1500 404 1544 quo
438 1486 552 1543 (legit
585 1487 774 1529 intirmus
796 1491 895 1539 »μη
929 1488 964 1528 in
1001 1486 1077 1529 lioc
1113 1486 1255 1529 ultimo
1279 1488 1555 1531 disiunctivae
1589 1502 1701 1542 casu,

74 1560 196 1602 etiam
232 1557 542 1601 contradicente
577 1557 755 1613 parocho
770 1573 786 1611 ς’
813 1571 907 1600 cum
952 1557 1136 1614 qualibet
1181 1560 1305 1613 igitur
1338 1572 1386 1601 ex
1423 1558 1484 1601 liis
1529 1559 1702 1602 licentiis

74 1628 194 1672 alius'
219 1628 391 1686 quilibet
424 1627 635 1682 sacerdos,
666 1631 735 1686 qui
771 1642 819 1672 ex
854 1627 882 1685 ξ
920 1629 930 1670 l
979 1644 998 1668 <c
1026 1628 1161 1671 valide
1194 1629 1498 1672 administrat»
1538 1629 1612 1672 hoe
1634 1644 1700 1672 sa-

74 1705 344 1754 cramentum,
364 1702 486 1743 etiam
508 1699 633 1758 licite,
650 1702 827 1743 servatis
849 1702 998 1743 ceteris
1020 1700 1187 1742 aliunde
1209 1701 1441 1751 servandis,
1457 1700 1702 1743 inimatrare

71 1776 232 1826 potest,-
263 1784 362 1827 ergo
396 1776 455 1814 est
491 1773 677 1814 minister
726 1773 813 1814 iure
862 1771 1142 1815 ecclesiastico
1176 1771 1532 1814 extraordinarius
1565 1785 1699 1815 sacra-

76 1844 199 1885 menti
233 1847 446 1885 extremae
480 1843 697 1885 unctionis.

193 1912 289 1957 282.
324 1914 658 1970 obligationis
691 1915 784 1960 hoc
817 1917 1177 1959 sacramentum
1201 1915 1510 1959 ministrandi
1534 1915 1702 1959 funda-

72 1987 303 2029 mentum.
349 2010 399 2014 —
444 1983 608 2027 Dictum
654 1989 716 2026 est
750 1987 787 2026 in
823 1997 912 2027 can.
949 1984 1046 2035 682,
1083 1987 1213 2040 primo
1252 2000 1273 2023 «
1296 1984 1346 2026 de
1382 1984 1495 2027 laicis
1520 2000 1557 2034 )),
1591 1985 1699 2040 quod

78 2069 97 2094 «
123 2052 229 2097 Laici
264 2056 326 2097 ius
359 2053 511 2098 habent
545 2055 771 2110 recipiendi
806 2068 827 2098 a
860 2055 986 2107 clero,
1019 2055 1068 2097 ad
1106 2067 1291 2097 normani
1316 2054 1621 2098 ecclesiasticae
1644 2055 1700 2097 di-

71 2123 284 2180 sciplinae‚
316 2124 544 2181 spiritualia
582 2124 685 2168 bona
710 2141 750 2166 ».
802 2152 853 2156 —
904 2125 1017 2169 Hanc
1052 2140 1150 2181 ergo
1184 2125 1462 2181 disciplinam,
1496 2127 1544 2168 ad
1583 2128 1698 2168 inini-

71 2198 200 2238 strum
236 2194 357 2239 huius
388 2198 635 2239 sacramenti
670 2197 778 2254 quod
813 2199 970 2247 attinet,
998 2211 1069 2252 pro
1093 2196 1185 2239 data
1212 2196 1473 2239 distinctione
1499 2198 1700 2238 ministro-

73 2277 162 2307 rum
196 2268 337 2308 statuit
369 2280 458 2308 caiz.
494 2268 600 2309 939.
635 2265 834 2310 Minister
866 2267 1115 2310 01·(lim1rias
1151 2269 1187 2308 in
1224 2279 1312 2309 can.
1350 2279 1484 2322 praec.
1510 2266 1698 2322 designa-

72 2339 137 2378 tus
168 2335 209 2392 a)
242 2349 294 2378 ex
326 2336 493 2379 iustitia
537 2343 704 2394 propter
746 2343 983 2394 susceptum
1030 2338 1210 2380 officium
1258 2342 1421 2379 tenesm-
1456 2336 1529 2380 lior
1561 2351 1699 2379 saera-

73 2412 251 2449 memum
286 2410 408 2450 etiam
460 2409 624 2451 infirmo
674 2422 752 2451 n0n
804 2412 1097 2455 necessarium,
1132 2408 1202 2451 sed
1240 2411 1350 2451 iuxta
1387 2421 1472 2463 reg.
1509 2408 1611 2450 luris
1645 2409 1698 2451 68

72 2478 110 2518 in
146 2475 190 2519 6⁰
220 2491 297 2534 per
328 2492 371 2520 se
400 2478 488 2535 ipse
521 2478 582 2521 vel
610 2492 687 2536 per
720 2479 852 2522 alicam
897 2478 1222 2521 (zdinint'strare.·
1264 2491 1363 2534 erge
1408 2477 1605 2521 liberatur
1647 2477 1699 2521 ab

70 2547 148 2590 bac
180 2548 432 2604 obligatione
464 2562 561 2593 casu
596 2553 887 2605 exceptionum
922 2552 1154 2603 eveniente,
1179 2555 1215 2592 et
1242 2551 1279 2591 in
1305 2549 1431 2591 altera
1456 2551 1698 2604 exceptione

71 2619 237 2676 quando
269 2619 376 2663 alius
408 2621 603 2664 sacerdos
639 2621 845 2664 licentiam
890 2623 1138 2676 acceptaxit‚
1180 2625 1300 2676 prout
1340 2622 1548 2676 sequitui-3
1584 2625 1621 2661 e!
1657 2619 1695 2661 in

72 2702 171 2731 casu
204 2690 466 2733 «necessitatis
504 2691 739 2735 declaratae
773 2695 810 2734 in
852 2691 1019 2747 pi·aec.“
1052 2697 1158 2734 can.⁸
1188 2691 1216 2749 ξ
1250 2691 1308 2744 ⁶2⁰,
1345 2690 1386 2747 b)
1421 2704 1471 2733 ear
1504 2691 1696 2738 (γιί-ιἸαΙυ,

75 2759 247 2814 preinde
291 2762 402 2803 iuxta
454 2763 569 2804 istius
617 2761 830 2804 ordinatae
881 2761 1042 2817 regulas
1078 2761 1265 2812 morales,
1299 2759 1470 2817 quilibet
1503 2759 1697 2802 sacerdes

77 2845 96 2869 «
122 2833 326 2873 tenetur»
364 2830 637 2888 obligatione;
672 2837 851 2875 attamen
877 2836 1037 2887 oportet
1062 2834 1282 2874 memorari
1314 2848 1332 2870 «
1359 2831 1433 2873 lioc
1468 2843 1697 2873 sacramen-
