1971 3261
138 101 207 134 302
536 100 620 134 Lm.
650 99 723 133 ΙΙΙ.
752 119 765 124 -
792 99 916 133 PARS.
941 98 970 133 Ι.
999 120 1008 123 -
1034 99 1090 134 De
1115 99 1381 134 &tommentis
1493 97 1587 133 fan.
1613 94 1773 133 915-916

140 218 298 258 Ordinis,
328 218 432 253 etiam
473 228 541 252 non
583 216 793 262 approbatos
819 215 860 250 ad
889 215 1124 251 confessiones
1160 215 1407 251 audiendas».
1443 214 1522 250 Pius
1548 213 1579 249 X
1605 227 1630 249 s.
1658 226 1706 249 m.
1735 215 1769 250 id

137 276 330 323 approbare
357 276 521 320 dignatus
547 280 610 311 est.

234 336 402 380 ‘Insuper
433 349 445 366 t«
470 334 548 369 Pius
575 333 603 369 X
635 344 750 380 preces
777 334 929 379 benigne
954 334 1144 380 excipiens,
1175 345 1234 379 per
1262 332 1339 368 Dec.
1371 332 1409 368 C.
1437 331 1472 368 S.
1503 331 1572 368 Off.
1595 334 1606 355 1
1633 344 1702 378 qno
1728 333 1774 368 sa-

138 395 239 430 cilius
266 394 408 429 tertiarii
437 405 477 429 ex
506 398 649 438 utroque
667 404 763 437 sexu,
785 393 1036 438 cuiuscumque
1055 391 1215 434 Ordinis,
1235 393 1276 426 iis
1304 403 1373 428 non
1401 393 1567 435 exceptis,
1588 391 1645 437 qui
1666 392 1771 427 vitam

138 465 360 489 communem
393 457 514 497 agunt,
544 452 668 488 diebus
703 453 841 487 statutis
870 452 1067 497 generalem
1098 452 1361 487 Absolutionem
1392 462 1450 486 seu
1480 450 1639 496 Papalem
1667 450 1776 486 Bene-

138 513 326 547 dictionem
353 512 505 557 recipere
532 511 687 552 valeant,
717 511 906 546 clementer
940 510 1100 554 indulsit7
1130 515 1180 555 ut,
1209 510 1347 555 quoties
1376 510 1439 555 ipsi
1467 510 1509 544 ad
1538 509 1633 544 hunc
1669 509 1773 545 finem

138 582 209 606 una
235 570 337 605 simul
365 571 611 613 convenerint,
641 575 673 605 et
700 568 880 610 Sacerdos
910 570 1009 604 cuius
1046 575 1097 604 est
1136 569 1232 603 illam
1275 568 1458 614 impertiri,
1488 579 1709 614 quacumque
1733 579 1773 603 ex

137 640 253 669 causa,
282 629 443 670 abfuerit,
469 629 626 664 eamdem
665 629 927 663 Absolutionem
969 639 1025 663 seu
1069 626 1352 663 Benedictionem
1391 627 1546 673 accipere
1585 626 1719 672 possint
1753 637 1773 661 a

137 687 291 734 quolibet
318 686 515 722 Sacerdote.
533 688 605 723 sive
624 687 805 727 saeculari„
823 687 894 722 sive
913 687 1078 731 regulari,
1099 686 1156 731 qui
1177 686 1220 721 ad
1241 686 1512 721 sacramentales
1538 685 1774 721 consessiones

136 746 329 782 audiendas
355 747 400 781 sit
425 746 687 792 approbatus».

257 855 351 897 ⁴249.
392 857 622 901 Potestas
656 857 950 912 designandi
984 856 1144 900 altare
1172 855 1626 911 privilegiatum.—-
1648 852 1767 907 Quod

137 940 184 970 ex
214 926 332 969 Brevi
357 926 508 971 Bened.
531 925 619 969 Xlll
645 925 659 948 ²
688 943 709 967 α
733 924 930 970 Omnium
968 925 1088 969 saluti
1112 940 1134 965 ›>
1173 925 1415 968 conceditur
1447 921 1769 976 cathedralibus,

137 1003 173 1040 et
220 1010 267 1040 ex
316 997 435 1040 Brevi
480 995 609 1041 Clem.
648 996 735 1039 Xlll
762 997 776 1018 ³
815 1012 833 1037 «
858 996 908 1040 Ut
951 1010 1048 1052 erga
1095 995 1396 1052 parochiales»
1433 993 1676 1038 conceditur
1718 994 1768 1037 ad

136 1070 395 1124 septennium
433 1068 666 1124 petentibus
700 1067 915 1124 Episcopis
948 1071 985 1109 et
1010 1065 1257 1119 Abbatibus,
1281 1078 1327 1108 ac
1360 1064 1437 1108 suh
1471 1063 1602 1108 trihus
1634 1064 1772 1107 condi—

137 1138 318 1182 tionibus
352 1142 390 1182 in
426 1138 683 1182 Documento
720 1138 787 1181 illo
821 1140 1041 1194 expressis,
1075 1150 1184 1180 nune
1222 1139 1310 1179 iure
1343 1149 1585 1180 concessum
1626 1140 1686 1177 est
1723 1147 1770 1178 ae

138 1224 209 1266 pro
243 1210 334 1253 aliis
357 1210 554 1253 Praelatis
590 1215 805 1253 extensum
843 1212 881 1252 in
907 1223 996 1251 can.
1018 1210 1119 1251 916.
1145 1208 1187 1264 a)
1210 1206 1425 1265 Episcopi,
1444 1210 1608 1262 sumpto
1645 1205 1771 1249 verbo

137 1282 249 1324 iuxta
300 1281 582 1324 definitionem
621 1283 657 1323 in
693 1293 784 1323 can.
821 1280 919 1333 329,
951 1279 979 1338 ξ
1017 1280 1050 1334 1,
1086 1284 1125 1322 et
1159 1278 1331 1335 proinde
1382 1279 1558 1320 maiores
1605 1289 1771 1334 quoque

137 1350 212 1405 his,
233 1350 519 1394 residentiales
554 1356 597 1394 nt
631 1352 749 1406 infra,
774 1350 819 1407 b)
843 1349 1019 1393 Abbales
1054 1349 1117 1392 vel
1159 1348 1347 1391 Praelatz'
1380 1346 1539 1390 nullius
1572 1347 1768 1403 descripti

136 1434 225 1465 can.
262 1421 359 1474 319,
393 1420 420 1478 ξ
456 1422 492 1476 1,
527 1424 567 1477 c)
613 1420 773 1463 Viearii
809 1434 857 1463 ae
899 1419 1110 1477 Praefecti
1141 1418 1374 1477 Apostoli&¹
1407 1419 1559 1474 cogniti
1594 1430 1642 1460 ex
1678 1429 1768 1460 can.

139 1492 233 1547 293,
259 1492 286 1550 ξ
315 1492 347 1547 l,
373 1497 411 1535 et
435 1491 478 1549 d)
505 1491 752 1548 Superiores
787 1491 968 1534 mm'ores
1001 1493 1069 1547 qui
1092 1493 1390 1533 enumerantur
1414 1490 1451 1530 in
1476 1500 1565 1531 can.
1586 1487 1685 1541 488,
1709 1485 1768 1542 8⁰,

136 1563 363 1606 dummodo
396 1565 477 1606 sint
509 1562 734 1619 reliyiom's
766 1561 978 1604 clericalis
1017 1566 1235 1618 exemptae
1267 1572 1314 1603 ac
1351 1559 1524 1615 proinde
1563 1573 1581 1598 «
1607 1560 1645 1600 in
1680 1559 1769 1600 iure

136 1636 302 1677 nomine
340 1633 567 1677 Orclinarii
597 1634 930 1690 intelliguntur»
970 1632 1078 1689 (can.
1115 1632 1210 1681 198,
1242 1631 1270 1689 ξ
1303 1630 1369 1688 U:
1402 1630 1547 1673 horum
1582 1630 1766 1671 omnium

135 1704 284 1760 singuli
318 1710 494 1761 possunt
532 1707 567 1746 vi
604 1704 726 1748 huius
775 1706 944 1747 canonis
976 1702 1202 1759 designare
1236 1704 1340 1744 inter
1387 1700 1557 1753 altaria
1581 1699 1696 1755 plura
1730 1704 1769 1741 et

135 1774 370 1830 declarare,
406 1778 501 1833 quia
536 1775 612 1818 suh
658 1775 735 1819 hac
769 1775 923 1831 duplici
968 1774 1203 1817 conditione
1237 1786 1285 1815 ex
1321 1775 1410 1815 iure
1445 1773 1531 1827 ipso
1565 1771 1608 1812 tit
1643 1782 1769 1812 unum

136 1845 275 1888 altare
315 1845 635 1903 yn‘ivileqialmn
677 1846 774 1889 reali
825 1845 1060 1902 privilegio,
1094 1844 1145 1887 de
1179 1856 1259 1901 quo
1303 1855 1391 1886 can.
1426 1842 1481 1884 Τό
1515 1842 1766 1884 mentionem

137 1918 246 1969 facit,
280 1916 571 1974 quotidianmn
605 1923 851 1974 perpetuum
888 1929 1062 1972 nempe:
1105 1913 1420 1975 intelligendum
1468 1915 1579 1955 iuxta
1626 1909 1767 1953 Decla-

137 1990 338 2030 rationem
387 1988 666 2032 authenticam
712 1984 902 2044 'aequalis
947 1986 1093 2029 indulti
1130 1988 1241 2028 iuxta
1279 1983 1533 2041 praecedens
1567 1985 1629 2025 ius
1671 1994 1766 2025 con-

135 2061 238 2102 cessi
273 2059 409 2102 datam
446 2073 466 2102 a
501 2059 539 2102 S.
564 2058 713 2116 Congr.
749 2058 939 2114 lndnlg.m
976 2062 1015 2100 et
1048 2056 1209 2113 Reliq.¹²⁰
1245 2058 1282 2098 in
1318 2068 1396 2098 una
1433 2051 1764 2097 Wormatienf:

139 2129 317 2173 Dubium
342 2147 363 2171 α
389 2131 457 2173 1³³³:
479 2130 540 2173 An
563 2130 660 2173 illud
683 2129 948 2187 privilegium
970 2128 1019 2171 ad
1040 2129 1300 2184 septennium
1317 2126 1377 2183 (vi
1399 2125 1489 2168 Litt.
1507 2124 1635 2168 Elem.
1655 2122 1765 2179 Xlll)

136 2200 320 2244 obtineat
356 2215 430 2257 pro
468 2201 643 2257 singulis
685 2200 833 2244 diebus
875 2202 1000 2243 totius
1042 2200 1152 2253 anni,
1185 2196 1536 2255 quandocumque
1573 2194 1768 2238 sacerdos

136 2271 390 2327 approbatus
425 2275 461 2315 in
497 2273 713 2327 designato
758 2271 875 2315 altari
910 2269 1074 2313 Missam
1121 2269 1393 2325 applicaverit
1438 2279 1510 2322 pro
1549 2270 1663 2309 certo
1696 2264 1766 2307 de-

137 2343 291 2385 functo.
311 2342 437 2386 Clem.
460 2343 549 2385 Xlll
586 2342 920 2399 respondendum
959 2354 1047 2384 esse
1081 2341 1291 2383 decrevit:
1327 2338 1388 2381 Ad
1418 2338 1481 2381 1¹¹¹.
1507 2336 1767 2379 Affirmative

137 2416 249 2456 iuxta
278 2412 371 2456 Dec.
395 2414 433 2457 S.
453 2414 601 2470 Congr.
628 2413 795 2457 Rituum
821 2411 1096 2469 approbatum
1121 2423 1142 2453 a
1167 2409 1263 2453 Ven.
1284 2409 1521 2452 Innocentio
1546 2405 1600 2450 XI
1626 2408 1766 2450 datum

135 2484 212 2527 sub
246 2485 268 2526 4
305 2484 397 2527 Maii
438 2485 546 2528 1688
575 2501 613 2527 ».

254 2557 491 2612 Sequuntur
526 2558 563 2598 in
603 2568 761 2599 canone
804 2567 927 2611 quem
973 2556 1306 2596 commentamur
1348 2550 1455 2593 duae
1497 2548 1768 2600 conditiones,

135 2638 241 2683 <quae
277 2626 512 2669 facultatem
549 2629 637 2669 iure
671 2637 909 2669 concessam
949 2624 1124 2666 limitant
1158 2622 1351 2679 equidem
1388 2633 1460 2677 pro
1496 2632 1593 2662 usus
1628 2617 1770 2661 validi-

137 2701 232 2751 tate,
269 2696 485 2740 videlicet:
530 2706 570 2752 a)
607 2695 828 2739 dummodo
873 2694 994 2738 aliud
1040 2708 1120 2736 ivon
1165 2691 1370 2735 habeatur
1412 2701 1675 2747 quacumque
1716 2688 1768 2731 de

256 2803 262 2824 ¹
295 2803 336 2836 15
363 2803 454 2836 Dee.
489 2803 588 2836 1910.
619 2802 692 2837 CO.
721 2802 792 2844 ΙΙΙ,
821 2803 879 2835 22.
911 2820 952 2826 —
980 2800 993 2822 2
1019 2799 1065 2832 20
1092 2800 1194 2843 Aug.
1223 2798 1324 2833 1724.
1357 2817 1398 2821 —
1426 2797 1440 2818 ‘0¹
1468 2795 1511 2829 19
1540 2794 1633 2828 Maii
1656 2793 1760 2828 1759.

136 2870 180 2874 —
198 2851 211 2871 4
238 2849 284 2883 30
309 2849 391 2884 Ian.
420 2850 524 2891 1760,
553 2850 644 2884 Dec.
674 2849 784 2883 auth.
812 2860 848 2882 n.
875 2849 956 2881 219.
