1971 3261
122 160 216 196 Gan.
242 158 313 193 976
693 157 777 191 Trr.
809 158 872 191 tv.
908 179 918 183 -
951 159 1006 193 De
1037 159 1180 195 Ordine
1679 160 1747 194 397

124 281 247 335 patet,
280 278 494 319 instructio
529 289 601 333 pro
633 276 808 332 singulis
850 278 1065 321 ordinibus
1106 282 1361 335 praescripta
1391 282 1428 322 in
1473 278 1596 324 Conc.
1636 279 1746 323 'l'rid.

121 349 307 392 intimum
332 346 559 403 attingebat
583 349 838 390 necessitatis
861 349 1050 404 gradum7
1076 356 1137 392 ast
1161 349 1350 406 Episcopi
1375 364 1449 393 suo
1475 353 1563 394 iure
1588 356 1748 395 utentes

122 421 318 462 maiorem
353 417 429 460 hac
462 419 675 460 scientiam
711 420 878 474 exigere
914 423 1101 474 poterant
1134 419 1184 463 ab
1218 421 1472 477 ordinandis,
1506 424 1610 465 sicut
1645 427 1745 465 tem-

121 502 217 546 pora
251 493 290 531 et
324 488 411 531 loca
446 487 770 544 expostularent.

237 576 300 612 Pro
326 575 424 612 ltalia
450 576 586 621 vigebat
612 576 772 622 specialis
797 576 985 622 disciplina
1011 588 1050 611 ex
1076 594 1088 609 u
1113 578 1292 612 Normis...
1326 595 1339 611 »
1371 580 1406 613 S.
1436 580 1593 617 (jouarf.
1625 580 1685 615 [ΞΕ.
1715 587 1745 616 et

120 636 203 677 tut„
230 646 316 681 quas
353 635 431 670 Pius
471 634 497 670 A
536 648 564 669 s.
609 647 653 671 m.
692 636 819 671 servari
861 640 892 670 et
931 637 1155 682 exequutioni
1197 639 1400 673 demandari
1441 639 1539 674 iussit
1582 639 1746 675 Kalendis

119 695 190 730 lan.
221 692 318 729 19⁰8.
345 716 390 720 —
419 708 434 726 «
457 695 528 728 Art.
564 693 615 728 12.
647 694 691 729 La
718 699 862 729 tonsura
890 706 956 729 non
986 695 1011 729 si
1037 696 1205 730 conteririi
1227 710 1261 731 se
1284 708 1351 732 non
1373 699 1439 741 agli
1460 699 1584 733 alunni
1605 699 1667 733 che
1688 700 1748 734 tre-

116 758 296 800 queutano
322 753 344 788 il
371 764 467 788 corso
493 753 525 788 di
554 752 812 799 Propedeutica‚
838 765 856 789 e
881 753 927 799 gli
956 753 1080 789 Ordini
1111 755 1235 788 minori
1265 768 1300 789 se
1330 768 1395 790 non
1424 769 1444 791 a
1471 757 1574 802 quelli
1603 758 1665 792 che
1691 758 1743 802 gia

118 823 205 848 sono
230 813 284 848 nei
313 813 380 849 due
407 813 508 859 primi
528 813 613 848 anni
641 813 674 847 di
702 812 875 857 T'eologia.
908 834 945 838 —
975 815 1047 848 Art.
1082 813 1133 847 123.
1165 813 1336 850 Nessuno.
1358 816 1420 850 elie
1441 827 1523 860 pure
1542 816 1644 851 abbia
1666 816 1743 852 l'eta

121 873 300 918 presel-itta
325 873 381 908 dal
409 873 444 907 S.
471 872 626 908 Concilio
651 871 684 906 di
722 871 862 914 Trento,
898 873 974 907 sara
1013 872 1173 907 ordinato
1200 873 1414 909 suddiacono
1452 875 1559 920 prima
1597 876 1628 909 di
1665 887 1746 910 aver

115 931 292 977 compiuto
320 931 341 965 il
368 935 460 967 terzo
485 942 580 966 anno
605 931 638 966 di
667 931 845 976 'l'eologia3
874 931 1030 969 diacono.
1061 931 1171 976 prima
1198 931 1289 966 della
1322 932 1455 977 l'asqua
1482 933 1535 967 dcl
1564 932 1602 966 40
1628 944 1742 973 anno3

117 988 300 1025 Sacerdote
333 991 444 1036 prima
477 991 565 1026 della
596 990 663 1026 tine
697 991 750 1025 del
779 995 901 1036 quarto
933 1001 1028 1025 anno
1056 990 1246 1025 medesimo
1268 1005 1298 1024 ».
1331 991 1367 1025 Et
1397 992 1458 1026 liae
1498 1004 1650 1031 normae,
1684 992 1744 1027 ali-

115 1049 325 1095 quantulum
354 1050 562 1089 moderatae,
593 1049 627 1084 in
655 1049 816 1085 Codicem
844 1049 1032 1084 translatae
1050 1054 1145 1089 suut,
1174 1050 1276 1084 simul
1297 1061 1353 1084 eas
1369 1051 1587 1085 extendendo
1604 1052 1645 1086 ad
1669 1052 1744 1086 uni-

117 1119 250 1144 versam
279 1108 424 1144 latinam
452 1109 638 1144 Ecclesiam
667 1119 858 1154 omnesque
886 1109 989 1144 buius
1015 1108 1229 1143 ordinandos
1256 1109 1446 1153 religiosos.
1474 1131 1490 1133 ⁷-
1535 1109 1654 1153 Quoad
1685 1111 1744 1145 lios

113 1169 208 1203 enim
234 1168 284 1203 sic
309 1169 477 1214 scriptum
504 1173 554 1204 est
582 1168 616 1202 in
644 1172 709 1203 art.
740 1167 777 1201 60
805 1168 893 1203 Deci.
936 1182 951 1199 «
975 1168 1093 1203 Auctis
1126 1168 1315 1202 admodum
1338 1182 1351 1199 ‚›
1384 1168 1417 1203 S.
1446 1169 1573 1213 (Longr.
1613 1169 1675 1203 Eli.
1712 1175 1742 1203 et

116 1226 184 1262 RR.
208 1228 232 1260 ¹:
266 1241 280 1259 «
303 1227 447 1262 Professi
475 1232 549 1262 tum
577 1232 733 1263 votorum
761 1227 974 1263 solemnium
1002 1232 1076 1262 tum
1103 1227 1317 1273 simplicium
1344 1227 1387 1262 ab
1427 1227 1627 1263 Ordinariis
1657 1229 1743 1263 loco-

113 1297 191 1321 rum
217 1287 259 1321 ad
288 1298 334 1321 ss,
364 1287 504 1321 ordines
532 1297 601 1322 non
635 1286 883 1328 admittantur,
909 1287 987 1327 nisi,
1017 1292 1151 1332 praeter
1176 1287 1245 1321 alia
1270 1298 1289 1321 a
1318 1286 1390 1321 iure
1417 1291 1559 1327 statuta,
1591 1288 1742 1322 testimo-

84 1345 222 1397 ,niales
251 1345 380 1381 litteras
406 1345 602 1386 exhibeant,
630 1346 719 1392 quod
747 1346 868 1381 saltem
900 1357 957 1391 per
982 1357 1117 1381 annum
1145 1356 1262 1380 sacrae
1297 1346 1488 1390 theologiae
1522 1358 1661 1392 operam
1690 1347 1743 1381 de·

111 1404 239 1439 derint.
267 1406 295 1440 si
321 1410 444 1450 agatur
468 1405 510 1440 de
536 1405 800 1444 subdiaconatu,
825 1405 869 1441 ad
905 1405 1022 1439 minus
1050 1416 1107 1451 per
1135 1405 1331 1446 biennium,
1357 1405 1383 1438 si
1412 1405 1454 1440 de
1480 1406 1678 1444 diaconatu¹
1709 1413 1738 1441 et

113 1464 224 1509 quoad
256 1464 532 1511 presbyteratum
559 1464 680 1499 saltem
710 1475 768 1510 per
795 1464 1003 1505 triennium,
1034 1463 1223 1510 praemisso
1257 1469 1375 1499 tamen
1412 1464 1560 1509 regulari
1594 1465 1740 1500 aliorum

113 1524 308 1558 studiorum
335 1516 559 1559 curriculo».

231 1580 343 1617 Huius
369 1582 454 1617 Arti.
484 1581 739 1618 Declarationes
766 1583 969 1629 prodierunt
994 1594 1016 1618 a
1042 1582 1077 1617 S.
1099 1581 1209 1628 Cong.
1238 1583 1279 1618 de
1301 1582 1479 1627 Religiosis
1494 1584 1517 1619 2,
1550 1594 1637 1628 quae
1660 1598 1674 1616 «
1696 1595 1742 1618 re-

111 1640 266 1687 spiciunt
294 1641 421 1676 Domus
447 1641 626 1686 religiosas
652 1641 889 1677 studiorum...
911 1642 1039 1687 ubique
1058 1647 1229 1677 terrarum
1262 1642 1468 1677 constitutas
1489 1657 1502 1673 »
1533 1644 1559 1685 ³,
1587 1647 1619 1677 et
1642 1656 1656 1673 «
1677 1643 1741 1677 eis-

111 1701 190 1736 dem
225 1699 524 1736 Declarationibus
558 1712 631 1737 sese
660 1702 878 1737 conformare
913 1701 1155 1737 debuerunt...
1192 1702 1296 1737 etiam
1335 1701 1413 1736 illae
1448 1700 1741 1745 Congregationes

112 1759 241 1806 quibus
258 1759 392 1795 alumni
413 1760 568 1805 ligantur
585 1760 735 1807 simplici
761 1761 992 1807 promissione
1019 1761 1309 1807 perseverantiae,
1331 1765 1365 1795 ut
1392 1761 1482 1806 apud
1504 1760 1665 1795 Eudistas
1681 1776 1695 1792 ι)
1718 1763 1742 1797 ⁴.

230 1836 498 1894 Exponamus
523 1837 732 1881 inductam
753 1851 775 1881 a
793 1837 945 1882 Codice
963 1838 1238 1894 disciplinam.
1264 1837 1366 1882 Can.
1386 1840 1492 1881 976.
1513 1840 1537 1891 ἓ
1562 1839 1593 1880 l.
1614 1837 1740 1881 Nemo

111 1907 267 1966 absque
312 1908 392 1952 ulla
436 1922 705 1966 personarum
751 1912 1008 1966 exceptione,
1049 1909 1134 1952 sire
1175 1908 1410 1951 saecularis
1450 1922 1522 1964 pro
1562 1922 1738 1965 quorum

111 1978 223 2022 clero
257 1981 390 2036 magis
421 1980 724 2023 determinatur
757 1979 990 2037 disciplina,
1033 1980 1119 2023 sive
1160 1980 1387 2037 relz‘qiosus
1420 1992 1518 2035 erga
1563 1992 1737 2036 quorum

110 2049 269 2093 clerum
307 2052 451 2107 vigens
485 2052 600 2107 prius
631 2051 705 2094 fuit
738 2054 1003 2095 convenienti
1038 2054 1263 2094 mutatione
1289 2053 1486 2106 mitigata,
1527 2065 1546 2090 c(
1570 2063 1691 2092 uenio
1715 2065 1734 2090 ))

110 2120 168 2164 ad
195 2120 379 2179 primam
415 2126 631 2165 tonsuram
660 2128 961 2180 promoveatur
993 2128 1091 2165 (mle
1122 2122 1329 2180 inceptum
1353 2121 1531 2165 scilicet:
1558 2121 1608 2164 de
1633 2122 1739 2164 t'acto

113 2194 151 2234 in
184 2190 477 2247 Universitate,
511 2193 754 2249 Seminario‚
790 2198 868 2237 etc.
904 2207 976 2250 per
1009 2192 1246 2237 scholarum
1294 2195 1454 2235 initium
1503 2194 1737 2249 frequenta-

80 2266 246 2317 ,tarum
280 2275 301 2306 3
336 2263 620 2320 promovendo
654 2277 822 2306 cursum
850 2263 1151 2321 *theotoqiewm
1196 2266 1265 2320 qui
1311 2265 1607 2319 praesupponit
1647 2276 1736 2319 pro-

111 2334 363 2377 movendum
403 2349 423 2375 «
451 2336 490 2377 in
527 2334 828 2392 philosophiam
866 2336 1105 2379 rationalem
1141 2347 1235 2378 cum
1271 2334 1464 2378 atliuibus
1509 2333 1739 2390 disciplinis

110 2417 184 2461 per
215 2406 424 2461 integrum
457 2405 603 2449 saltem
639 2405 850 2450 biennium
887 2406 1123 2450 incubuisse
1147 2422 1165 2446 ))
1204 2405 1313 2463 (can.
1349 2405 1474 2460 1365,
1509 2407 1534 2459 ἓ
1569 2404 1625 2462 1),
1649 2418 1738 2449 cur-

108 2489 262 2534 susque
296 2478 483 2533 inceptus
518 2476 776 2534 theologicus
809 2477 1100 2521 denominatur
1133 2476 1184 2519 ob
1218 2476 1467 2533 theologiam
1502 2475 1646 2520 saltem
1671 2490 1738 2533 ge-

109 2546 292 2590 neralem
326 2561 399 2590 seu
433 2548 802 2605 tundamentalem,
836 2551 901 2592 cui
936 2548 1091 2592 alumni
1129 2550 1165 2590 in
1199 2547 1351 2591 scholis
1388 2553 1548 2591 vacant.

227 2617 428 2662 Remanet
454 2621 597 2675 vigens
621 2633 693 2676 pro
728 2619 806 2663 illis
839 2618 1031 2663 omnibus
1064 2633 1112 2661 ex
1148 2621 1230 2661 cit·.
1257 2620 1410 2661 normis
1434 2620 1588 2662 iussum
1618 2616 1735 2663 «Or-

109 2687 226 2731 dines
261 2690 440 2732 minores
473 2691 634 2733 nonnisi
669 2692 728 2734 eis
761 2704 849 2734 esse
884 2689 1157 2733 conterendos
1190 2691 1258 2745 qui
1302 2689 1469 2732 student
1503 2691 1541 2732 in
1575 2688 1737 2733 duobus

109 2761 254 2816 primis
286 2761 405 2802 annis
436 2773 583 2804 cursus
605 2760 642 2804 S.
668 2760 918 2817 Theologiae
941 2776 980 2810 »,
1008 2759 1083 2802 hoc
1117 2762 1225 2802 enim
1261 2762 1421 2803 eruitur
1457 2760 1568 2803 velut
1602 2759 1735 2816 impli-

226 2864 238 2885 1
263 2864 286 2897 4
312 2864 411 2899 Nov.
443 2865 544 2899 1882.
575 2885 617 2891 —
643 2866 659 2889 2
684 2866 705 2901 7
733 2866 837 2910 Sept.
866 2865 968 2906 1909,
998 2864 1074 2899 CO.
1102 2865 1132 2909 1,
1161 2865 1243 2900 701.
1276 2886 1318 2890 —
1344 2865 1358 2887 3
1386 2865 1424 2899 S.
1447 2864 1489 2899 C.
1518 2865 1563 2899 de
1591 2864 1734 2910 Religs.

105 2911 150 2946 31
178 2911 274 2945 Maii
302 2911 393 2946 1910
418 2912 467 2947 ad
494 2914 528 2957 1,
556 2912 630 2948 CO.
658 2913 709 2953 ΙΙ,
735 2913 817 2947 449.
858 2933 890 2936 -
917 2913 930 2934 ⁴
958 2912 1045 2946 Loc.
1073 2913 1139 2947 cit.
1158 2911 1206 2946 ad
1232 2913 1267 2945 2.
