1971 3261
205 119 273 153 468
609 116 692 151 Lus.
721 116 792 151 III.
820 136 831 141 -
859 116 969 150 PARS
995 115 1025 150 Ι.
1052 135 1065 141 -
1090 115 1148 150 De
1173 116 1438 151 Sciet-amentis
1512 115 1605 151 Can.
1634 116 1835 151 1000-1001

205 236 387 280 moribus
421 242 459 278 et
492 235 594 288 vita,
628 234 670 292 b)
704 249 728 277 a
762 234 843 291 lide
875 233 1030 292 diynis,
1065 247 1141 278 nec
1173 235 1458 291 interrogandi
1488 240 1582 279 sunt
1604 235 1673 279 alii
1699 236 1833 280 forsan

204 320 301 364 erga
334 306 587 349 ordinandos
623 304 728 349 male
777 305 926 359 allecti,
967 304 1007 362 c)
1041 304 1270 363 diligenter
1301 305 1500 363 eoeqairat
1532 320 1625 349 cum
1661 310 1837 363 positivo

204 378 353 429 studio,
377 376 425 419 llo
460 382 498 419 et
530 375 699 419 litteras
736 375 1052 423 testimoniales,
1078 378 1136 419 sic
1173 380 1339 419 vocatas
1373 381 1540 433 propter
1563 389 1706 421 earum
1741 391 1836 421 con-

204 453 376 501 tentum,
411 460 589 503 nempe:
625 448 662 501 a)
697 446 837 504 ipsam
870 446 1234 503 invesliqationem
1269 459 1316 490 ac
1354 449 1643 503 responsiones
1690 448 1838 492 saltem

203 518 337 577 quoad
373 517 661 571 substantiam,
696 517 939 560 earumdem
978 520 1074 571 vim,
1112 516 1153 574 b)
1186 523 1225 560 et
1254 517 1596 575 publicationem,
1633 518 1838 577 huiusque

205 590 374 633 effectus
408 590 575 631 forsitan
612 587 880 631 revelationis
914 588 1306 644 impedimentorum
1346 588 1406 631 vel
1442 602 1562 632 secus
1594 588 1838 647 referentes,

207 659 263 703 ad
299 658 471 703 Curiam
507 658 787 701 transmittat.
813 656 930 711 Quae
953 658 1035 702 duo
1070 663 1233 715 praeter
1268 658 1586 715 publicationem
1626 665 1721 703 sunt
1744 659 1843 704 obli-

208 733 393 788 gationes
418 743 583 787 qnoque
608 729 776 786 parochi
796 743 847 773 ex
865 731 1156 773 commissione
1178 731 1216 772 vi
1240 732 1409 773 canonis
1433 735 1594 784 enatae,
1617 730 1841 774 alteriusve

206 803 331 844 etiam
367 812 582 856 personae,
616 800 692 844 sub
726 800 977 854 conditione,
1013 804 1055 843 ut
1087 813 1225 856 supra,
1259 800 1329 844 sed
1365 800 1533 843 exclusa
1561 800 1841 856 publicatione

208 884 313 929 quae
347 871 396 914 ad
434 871 541 914 hanc
576 884 655 914 non
693 873 883 927 pertinet.

329 944 555 987 Maximam
575 941 785 985 Ecclesiae
808 941 1129 985 sollicitudinem
1155 944 1265 986 circa
1290 941 1533 985 electionem
1560 944 1842 986 ministrorum

210 1013 374 1067 Christi,
410 1026 460 1056 ex
494 1026 672 1070 quorum
711 1015 792 1055 vita
833 1015 1056 1069 praecipue
1105 1014 1322 1056 derivatur
1355 1012 1488 1056 tidelis
1537 1013 1674 1069 populi
1719 1013 1842 1069 salus,

210 1082 477 1127 commendat
525 1082 785 1140 subsequens
817 1087 873 1125 tot
909 1085 1173 1139 praescriptis
1204 1081 1232 1140 ξ
1266 1084 1303 1127 2.
1340 1082 1446 1126 Idem
1473 1082 1732 1126 Ordinorins
1767 1083 1842 1127 loci

210 1154 261 1196 de
294 1166 375 1211 quo
411 1155 448 1195 in
483 1153 528 1210 §⁰
569 1153 600 1207 l,
638 1152 874 1196 declaratus
923 1155 960 1195 in
995 1165 1084 1196 can.
1122 1153 1219 1203 998,
1251 1153 1279 1211 ξ
1314 1153 1332 1196 1
1371 1153 1484 1196 alias
1503 1153 1846 1211 percontationes

209 1237 281 1268 seu
316 1223 631 1267 conlidentiales
668 1224 980 1267 informationes
1003 1224 1130 1266 etiam
1142 1224 1350 1281 privatas,
1376 1224 1502 1268 idest:
1528 1237 1606 1267 non
1632 1229 1844 1282 tamquam

210 1310 258 1339 ex
294 1296 428 1339 officio
465 1298 668 1350 receptaS,
704 1293 780 1337 hac
813 1296 1023 1350 supposita
1060 1294 1301 1351 hypothesi:
1335 1294 1373 1337 si
1395 1294 1440 1337 id
1464 1295 1749 1337 necessariora
1772 1300 1847 1337 aut

211 1372 495 1424 opportunam
531 1364 796 1421 iudicaverit,
816 1365 886 1408 sed
923 1365 1000 1409 hoc
1033 1365 1109 1409 sibi
1144 1367 1363 1409 eveniente
1391 1368 1668 1409 conscientiae
1693 1366 1845 1410 iudicio

216 1438 444 1493 prudenter
477 1440 603 1490 certo,
652 1436 835 1492 adigitur
883 1438 1053 1479 canonis
1086 1439 1362 1493 praescripto:
1396 1435 1539 1494 facere
1580 1451 1631 1479 ne
1665 1437 1848 1480 omittat.

217 1508 388 1552 lnterest
422 1510 530 1551 enim
564 1506 775 1550 Ecclesiae
809 1519 1015 1550 summam
1052 1509 1088 1550 in
1124 1506 1201 1550 hac
1235 1521 1277 1550 re
1300 1507 1486 1551 adhiberi
1511 1507 1848 1551 sollicitudinem.

334 1579 431 1621 380.
485 1579 772 1635 Spiritualia
820 1580 1058 1624 exercitia
1112 1580 1506 1624 ordinationibus
1554 1581 1850 1635 recipiendis

215 1651 593 1706 praemittenda.
628 1674 684 1680 —
716 1647 862 1701 Quoad
898 1647 1000 1692 haec
1033 1648 1225 1692 standum
1261 1654 1349 1692 erat
1373 1649 1654 1705 peculiaribus
1678 1648 1850 1705 legibus.

221 1719 282 1763 vel
318 1719 704 1764 consuetudinibus.

334 1832 395 1867 Pro
423 1831 520 1867 ltalia
546 1836 579 1867 et
607 1831 733 1866 insulis
759 1832 1001 1868 adiacentibus
1028 1833 1166 1878 vigebat
1191 1844 1231 1868 ex
1266 1832 1403 1868 Normis
1439 1845 1498 1879 pro
1525 1832 1733 1868 Seminariis
1759 1843 1853 1878 prae-

216 1895 376 1937 ceptum:
410 1905 423 1921 «
447 1890 518 1924 Art.
553 1888 607 1924 15.
637 1889 966 1926 immediatamente
1002 1891 1115 1937 prima
1146 1890 1471 1932 dell'ordinazione‚
1500 1891 1544 1936 gli
1572 1889 1759 1926 ordinandi
1795 1889 1854 1925 do-

217 1960 350 1985 vranno
378 1949 449 1984 fare
477 1960 523 1983 un
550 1959 649 1984 corso
675 1949 708 1983 di
736 1949 910 1995 spirituali
932 1949 1072 1985 esercizt
1098 1950 1132 1985 di
1152 1949 1237 1985 dieci
1258 1950 1370 1995 giorni
1393 1960 1451 1996 per
1468 1950 1513 1995 gli
1535 1949 1647 1985 ordini
1669 1949 1851 1994 maggiori‚

217 2020 234 2043 6
260 2008 292 2043 (11
321 2008 448 2053 cinque
477 2018 536 2053 per
563 2007 570 2041 i
600 2007 727 2042 minori
750 2022 781 2041 ».
813 2007 851 2042 Et
871 2019 931 2054 pro
954 2007 1043 2044 Urbe
1061 2010 1241 2055 oportebat
1261 2008 1367 2044 vitare
1388 2019 1571 2044 censuram
1591 2012 1703 2043 const.
1729 2021 1744 2040 «
1765 2008 1854 2054 Apo-

215 2067 355 2102 stolicae
384 2065 483 2101 Sedis
506 2080 519 2098 »
552 2065 599 2100 Pii
629 2065 673 2100 lX
701 2066 750 2101 sic
775 2071 1048 2113 conceptam:...
1076 2067 1127 2102 vel
1154 2078 1224 2103 non
1254 2067 1455 2114 praemissis
1492 2071 1574 2103 ante
1605 2065 1775 2103 Ordinem
1802 2077 1855 2101 sa-

213 2137 311 2161 crum
339 2126 607 2171 suscipiendum
633 2126 806 2161 exercitiis
834 2126 1076 2172 spiritualibus
1104 2138 1163 2172 per
1189 2128 1306 2162 decem
1334 2127 1407 2162 dies
1435 2127 1468 2161 in
1498 2127 1599 2162 domo
1626 2126 1761 2161 urbana
1793 2124 1853 2161 Sa-

213 2185 391 2220 cerdotum
419 2197 436 2219 a
471 2185 636 2220 missione
664 2190 955 2231 noncupatorum,
981 2186 1250 2232 suspensionem
1276 2186 1320 2221 ab
1347 2186 1531 2221 ordinibus
1554 2185 1603 2221 sic
1621 2185 1791 2230 susceptis
1810 2184 1852 2220 ad

218 2243 478 2289 beneplacitum
507 2242 542 2278 S.
572 2243 670 2278 Sedis
702 2244 776 2290 ipso
817 2244 891 2279 iure
923 2244 1126 2280 incurrunt:
1165 2244 1321 2291 Episcopi
1358 2255 1437 2280 vero
1470 2244 1674 2280 ordinantes
1708 2243 1752 2279 ab
1788 2254 1854 2278 usu

221 2302 474 2348 pontificalium
505 2313 563 2348 per
587 2313 724 2337 annum
745 2316 775 2344 »,
802 2314 891 2349 quae
917 2315 1012 2338 nunc
1043 2303 1296 2348 «abrogatae»
1326 2304 1369 2339 ad
1404 2314 1563 2339 normam
1589 2314 1667 2338 cau.
1697 2301 1732 2344 6,
1761 2313 1796 2336 n.
1819 2299 1856 2336 5⁰

213 2361 461 2407 respiciebant,
507 2366 542 2396 ut
584 2362 729 2404 videtur,
759 2376 773 2394 «
795 2362 937 2398 clericos
965 2363 1179 2409 pertinentes
1216 2364 1259 2398 ad
1285 2363 1439 2409 aliquem
1465 2374 1483 2399 e
1509 2374 1567 2398 sex
1593 2361 1854 2408 episcopatibus

212 2419 479 2459 suburbicariis,
513 2420 539 2454 si
568 2420 817 2456 ordinarentur
842 2426 938 2457 extra
959 2433 1058 2456 suam
1085 2422 1322 2463 dioecesim»,
1348 2426 1381 2457 et
1410 2421 1563 2457 fortassis
1589 2422 1694 2456 etiam
1729 2430 1854 2455 omues

213 2478 354 2513 clericos
382 2478 582 2514 saeculares
610 2478 738 2514 Romae
764 2479 990 2519 ordinandos⁴
1019 2480 1078 2526 qni
1105 2480 1148 2515 ad
1167 2480 1304 2515 diversa
1323 2478 1520 2515 Seminaria
1538 2479 1590 2514 vel
1611 2477 1764 2523 Collegia
1782 2488 1854 2512 non

218 2536 411 2581 pertinent.

342 2636 589 2680 Not-marum
628 2644 894 2695 praeceptum
915 2642 1085 2683 citatum
1111 2653 1206 2683 cum
1227 2640 1510 2683 moderamine
1533 2638 1582 2682 ad
1608 2637 1854 2681 catholicam

218 2706 452 2750 Ecclesiam
486 2707 655 2752 latinam
690 2710 874 2753 extendit
909 2724 985 2752 can
1020 2712 1146 2754 1001.
1181 2713 1205 2764 ἓ
1240 2710 1277 2754 1.
1315 2709 1411 2763 Qut,
1454 2709 1561 2763 laici,
1604 2708 1759 2759 clerici,
1796 2721 1858 2750 re—

222 2777 369 2833 ligiosi⁷
395 2778 646 2822 disiunctive
670 2780 710 2834 a)
735 2779 790 2821 ad
810 2779 993 2837 primam
1019 2785 1236 2824 tonsuram
1254 2786 1292 2823 e!
1316 2779 1485 2824 ordines
1510 2779 1691 2821 minores
1716 2791 1858 2831 unum,

226 2847 289 2890 vel
325 2847 463 2904 plures
495 2849 632 2896 simul,
668 2850 717 2892 ad
755 2863 941 2893 normam
976 2863 1066 2894 can.
1102 2852 1200 2902 978,
1234 2854 1258 2905 ἓ
1292 2851 1314 2893 3
1338 2848 1611 2908 promovendi
1632 2853 1745 2899 sant,
1769 2848 1852 2905 spi-

1964 1269 1971 1327 i]

1962 1329 1971 1357 3

1966 1358 1971 1416 l
