1971 3261
145 153 240 189 Can.
267 151 424 187 Sal-*3346
533 150 617 185 ΤΙΤ.
643 149 711 184 ΙΙΙ.
738 168 749 175 -
769 148 826 184 De
851 151 1106 183 sanctissima
1134 149 1387 183 Eucharistia
1712 148 1778 183 177

146 286 229 330 qua
262 270 499 328 disciplina)
535 283 613 313 non
647 274 784 314 autem
820 281 988 325 corpus,
1033 271 1107 312 nisi
1144 269 1405 326 (antiquitus)
1450 271 1487 311 in
1523 271 1781 321 necessitate,

146 343 316 388 «iubente
349 345 543 399 episcopo
581 341 642 384 vel
680 339 925 397 presbytero
945 355 964 380 ι)
992 339 1028 388 1;
1063 340 1132 382 sed
1171 342 1283 382 iuxta
1307 352 1532 384 canonem:
1556 339 1597 397 a)
1622 339 1672 383 de
1708 338 1782 383 Or-

146 414 314 458 diaarii
347 413 428 457 loci
463 412 523 455 vel
553 410 733 470 parochi
756 409 945 463 lieentia,
970 410 1079 467 quod
1108 410 1362 465 intelligatur
1385 413 1506 453 etiam
1534 413 1584 454 de
1608 410 1781 454 diacono

148 485 343 542 religioso
377 488 586 539 exempto,
621 483 692 526 sed
729 486 887 525 tantum
924 479 967 538 b)
998 481 1122 537 (μηνί
1144 481 1194 523 de
1218 495 1359 531 causa,
1392 495 1426 522 v.
1452 496 1512 538 gr.
1539 483 1782 525 necessitate

149 557 366 599 ministerii
403 558 576 611 cogente
612 556 650 596 in
685 551 854 610 parochi
891 550 1139 605 subsidium,
1178 551 1243 594 vel
1277 551 1355 595 hoc
1394 552 1613 595 deficiente
1645 551 1782 595 aliove

145 626 364 671 sacerdote
397 626 447 668 ad
483 626 820 669 communionem
853 635 1021 680 quoque
1056 635 1103 665 ex
1143 622 1380 676 devotione,
1414 628 1473 666 est
1507 621 1783 676 concedenda,

147 711 256 756 quae
289 697 453 741 licentia
490 696 529 739 in
566 710 665 738 casu
699 693 978 747 necessitatis,
1016 707 1052 734 v.
1088 706 1149 749 gr.
1187 697 1372 750 urgentis
1415 693 1784 738 administrationis

153 771 307 824 viatici,
341 769 503 812 etiamsi
538 780 731 811 recursus
764 766 852 810 fieri
889 769 1024 822 posset
1048 764 1097 808 ad
1123 764 1255 807 solum
1282 764 1545 821 Episcopum,
1573 764 1635 808 vel
1660 776 1784 821 quan-

149 841 387 897 documque
412 841 554 895 gravis
577 838 700 881 datur
722 849 846 881 causa
870 841 909 880 et
934 849 1128 879 recursus
1163 836 1250 878 lieri
1279 840 1456 892 nequeat
1480 836 1531 878 ad
1557 835 1781 891 parochum

152 925 227 955 nec
260 911 309 955 ad
346 910 610 967 Episcopum,
635 921 883 966 semperque
908 905 1152 964 presbytero
1189 906 1422 950 deliciente.
1463 905 1649 963 stegsilime
1682 906 1785 949 idest

154 984 193 1025 vi
228 982 350 1025 huius
383 983 557 1025 canonis
585 979 878 1038 praesumitur
925 977 1090 1021 obtenta
1126 991 1175 1020 ex
1212 990 1358 1020 eorum
1407 977 1628 1020 voluntatis
1662 979 1783 1020 inter-

153 1054 396 1109 pretatione.
431 1051 492 1094 Ad
529 1063 715 1094 normam
742 1049 864 1093 huius
897 1050 1067 1093 canonis
1101 1047 1372 1104 intelligenda
1397 1061 1505 1091 nunc
1530 1061 1635 1104 resp.
1670 1048 1708 1090 S.
1743 1046 1785 1091 C.

154 1124 234 1168 Rit.
255 1123 270 1145 ‘³
309 1140 330 1164 «
349 1124 410 1166 An
431 1122 652 1176 Diaconus,
674 1123 712 1164 in
733 1121 878 1164 ordine
902 1125 1059 1164 tantum
1086 1118 1352 1173 Diaconatus,
1378 1121 1635 1173 constitutus,
1671 1123 1785 1161 extra

153 1208 297 1239 casum
334 1195 592 1238 necessitatis
627 1194 752 1249 possit
783 1191 1034 1235 distribuere
1068 1189 1263 1234 fidelibus
1307 1188 1681 1234 Communionem‘?
1716 1189 1789 1232 Re-

152 1265 422 1309 scribendum
458 1265 641 1307 censuit:
675 1262 878 1319 Negative
896 1277 936 1306 ».

277 1335 373 1377 163.
410 1337 482 1381 De
515 1336 840 1381 ministranda
874 1335 1213 1380 communione
1249 1334 1295 1377 in
1330 1336 1558 1388 respectu
1581 1334 1644 1377 ad
1679 1347 1790 1378 con-

155 1408 500 1452 secrationem.
535 1431 586 1435 —
626 1404 728 1448 Caii.
762 1407 869 1447 846.
904 1407 928 1458 ἓ
956 1405 990 1446 1.
1030 1402 1216 1457 Quilibet
1250 1402 1449 1446 sacerdos
1476 1405 1551 1446 rite
1575 1403 1816 1446 celebrans>

154 1475 478 1519 eucharisticum
504 1476 772 1530 sacrificium,
796 1475 914 1517 iutra
939 1473 1112 1517 Missam
1136 1476 1250 1517 iuxta
1275 1474 1529 1517 desiderium
1555 1474 1592 1516 S.
1619 1473 1789 1517 Triden-

156 1549 265 1590 tinae
298 1546 454 1604 Synodi
475 1546 513 1589 ³:
554 1562 573 1587 ((
594 1551 636 1589 ut
670 1548 709 1589 in
743 1546 917 1602 singulis
951 1547 1086 1589 missis
1119 1544 1264 1589 fideles
1298 1545 1507 1588 adstantes
1547 1558 1624 1588 non
1658 1545 1789 1588 solum

154 1618 361 1675 spirituali
397 1618 562 1666 allectu,
612 1617 683 1660 sed
718 1616 1009 1660 sacramentali
1058 1618 1182 1660 etiam
1218 1615 1495 1659 eucharistiae
1529 1619 1792 1672 perceptione

156 1691 517 1732 communicarent
537 1704 576 1741 »3
627 1694 680 1740 et,
720 1688 757 1730 si
787 1688 991 1746 privatim
1036 1686 1232 1742 celebrat,
1282 1687 1408 1730 idest:
1459 1690 1546 1729 sine
1597 1689 1793 1730 ministris

155 1760 332 1804 diacono
366 1765 405 1803 et
438 1759 707 1814 subdiacono,
743 1765 782 1803 et
815 1762 903 1802 sine
936 1763 1073 1814 cantu,
1110 1771 1184 1801 nec
1229 1758 1546 1802 conventualem
1583 1760 1793 1802 canonicis

159 1829 272 1874 horis
304 1843 552 1883 connexam,
586 1830 714 1873 etiam
745 1830 940 1888 proa'ime
972 1834 1070 1872 aule
1102 1834 1141 1872 ei
1174 1829 1319 1871 statim
1351 1834 1458 1885 post,
1484 1829 1592 1885 quod
1629 1831 1707 1872 iam
1743 1842 1792 1872 ex

157 1902 460 1945 consuetudine
483 1901 647 1956 licebat,
670 1915 837 1944 sacram
862 1900 1192 1944 communionem
1225 1899 1474 1942 ministrare
1504 1904 1654 1955 polest,
1683 1902 1795 1957 equi-

158 1972 253 2016 dem
291 1972 422 2027 licite·
460 1986 535 2016 nec
569 1973 780 2016 discordat
813 1986 834 2016 a
871 1972 947 2016 Rit
984 1972 1122 2016 Rom.4
1128 2008 1136 2026 ‚
1171 1974 1237 2015 cui
1262 1971 1487 2014 concordat
1511 1970 1618 2015 Miss.
1645 1970 1792 2015 Rom.t>

157 2044 293 2101 quoad
345 2045 534 2087 ordinem
568 2044 952 2088 administrandis.
987 2043 1324 2115 οοηᾞμὶηἰοηθη]
1376 2044 1479 2084 intra
1525 2040 1703 2084 Missam
1740 2067 1792 2072 -

165 2113 386 2158 Videlicet:
427 2130 446 2155 ((
467 2115 712 2158 Communio
745 2119 882 2158 autem
921 2113 1091 2173 populi
1084 2104 1200 2156 intra
1225 2111 1386 2155 Missam
1413 2114 1548 2155 statim
1576 2120 1664 2168 post
1687 2125 1796 2155 c-om

163 2186 401 2228 munionem
438 2184 532 2242 (sub
567 2189 741 2242 utraque
773 2183 930 2241 specie)
976 2166 1213 2228 Sacerdotis
1257 2181 1506 2225 celebrantis
1551 2183 1637 2224 lieri
1673 2180 1793 2225 debet

159 2256 253 2310 (nisi
288 2256 538 2314 quandoque
561 2269 612 2298 ex
638 2255 870 2299 rationabili
906 2267 1030 2298 causa
1065 2259 1154 2311 post
1189 2253 1350 2296 Missam
1377 2255 1427 2294 sit
1456 2253 1675 2309 facienda),
1700 2265 1792 2296 cum

159 2328 383 2380 orationes,
418 2339 524 2384 quae
559 2329 597 2369 in
643 2325 763 2370 Missa
799 2332 888 2383 post
931 2327 1267 2369 communionem
1309 2323 1505 2366 dicuntur
1549 2337 1626 2365 non
1661 2322 1793 2366 solum

161 2397 212 2440 ad
247 2396 530 2451 Sacerdotem,
554 2397 625 2440 sed
660 2399 783 2440 etiam
819 2397 868 2440 ad
904 2397 1005 2440 alios
1049 2396 1406 2439 communicantes
1439 2398 1679 2449 spectent».
1715 2393 1793 2436 Sed

161 2481 256 2511 cum
283 2470 321 2510 in
347 2470 493 2524 capitis
522 2470 637 2512 initio
661 2467 817 2525 absque
844 2470 1100 2511 restrictione
1125 2466 1324 2507 doceatur
1350 2464 1451 2506 ordo
1475 2464 1794 2507 administrandi

162 2542 504 2582 communionem
537 2544 654 2582 extra
688 2538 869 2599 Missam,
912 2536 1219 2593 interpretenda
1263 2535 1428 2578 videtur
1472 2535 1658 2578 clausula
1693 2537 1796 2578 intra

167 2610 446 2664 parenthesim
480 2610 531 2653 de
564 2622 687 2653 causa
729 2609 961 2652 rationabili
996 2608 1044 2650 ad
1080 2605 1355 2649 dill'erendam
1401 2608 1704 2649 communionis
1737 2606 1795 2648 di·

165 2679 460 2724 stributionem
496 2682 609 2723 linito
645 2679 790 2724 Missae
823 2681 1044 2723 sacriticio.

270 2809 348 2842 1D.
379 2809 448 2845 Th
474 2809 499 2843 1.
527 2810 595 2843 cit.
624 2809 673 2843 ad
701 2807 993 2842 1112.—2·.O1d
1024 2806 1116 2839 Min.
1140 2805 1218 2840 Obs
1223 2818 1302 2840 erv.
1318 2805 1468 2840 25Feb
1491 2806 1593 2843 1777
1623 2817 1660 2838 n.
1690 2806 1794 2839 25o4.

166 2876 211 2880 —
237 2856 251 2878 3
273 2856 370 2891 Sess.
389 2857 521 2909 XXII.
551 2857 642 2891 Dec.
670 2856 715 2890 de
742 2856 936 2890 sacrificio
955 2855 1110 2895 missae,
1131 2853 1222 2897 Cap.
1247 2853 1310 2887 H
1342 2874 1382 2878 —
1412 2853 1423 2874 ⁴
1452 2853 1529 2886 Tit.
1547 2853 1613 2888 Π
1633 2852 1795 2897 Cap,11,

99 2906 106 2912 ”
167 2914 207 2937 n.
239 2904 295 2938 10.
326 2925 368 2929 —
396 2904 556 2938 0Ritus
590 2903 815 2938 celeb1andi
849 2902 1023 2936 Missam.
1062 2901 1113 2941 Χ,
1148 2902 1182 2933 6

253 2981 349 3010 BLAr
375 2997 392 3003 -
419 2982 543 3010 Comm.
574 2983 658 3010 next.
687 2982 764 3011 cffod
790 2981 843 3009 Im
910 2982 970 3007 an.
1679 2979 1713 3004 123
