1971 3261
0 3225 20 3261 l*

146 154 236 190 Can.
267 151 469 187 1014-1015
649 152 734 186 Trr.
767 152 850 186 VII.
878 172 891 176 -
919 152 974 186 De
1012 153 1271 185 Matrinionio
1716 150 1786 184 493

148 270 422 315 contubernio
460 283 572 323 vero,
605 270 713 327 quod
759 272 1068 312 matrimonium
1113 274 1340 326 reputatur,
1377 269 1626 325 relinquere,
1660 282 1783 325 quam

148 344 364 386 incurrere
398 343 579 385 scienter
614 333 842 396 periculum
893 340 1072 383 violandi
1115 340 1245 396 legem
1294 339 1670 383 indissolubilitatis
1705 352 1787 383 ma-

147 414 357 464 trimonii;
394 417 529 455 tamen
562 415 703 467 utpote
728 413 816 454 iure
841 411 1123 454 ecclesiastico
1147 417 1233 453 orta
1262 411 1471 467 praedicta
1500 423 1642 453 norma
1668 409 1789 453 debet

150 484 296 539 potiori
332 484 409 525 iuri
444 482 595 525 cedere
631 481 767 525 locum
796 495 868 537 per
891 484 1179 537 exceptionem
1215 486 1485 538 sequentem:
1519 480 1634 524 salvo
1665 494 1789 538 prae-

148 553 306 611 scripto
341 567 432 595 can.
454 554 583 605 1127,
611 553 879 608 praevalente
917 568 938 592 «
963 554 1104 594 farore
1140 554 1240 594 iuris
1273 566 1354 608 quo
1390 551 1656 608 privilegium
1694 551 1789 595 lidei

150 623 265 681 (tune
310 622 626 680 explicandum)
661 623 878 679 gaudet».

267 694 367 737 403.
401 696 830 740 Matrimoniorum
856 696 1199 740 distinctiones
1223 709 1282 740 ac
1306 696 1537 740 diversae
1564 695 1684 739 iuris
1707 707 1789 750 ap-

150 766 460 822 pellationes.
496 790 548 794 —
590 763 764 820 Cognito
811 765 1090 822 undequaque
1135 766 1413 818 matrimonio,
1460 764 1582 807 huius
1625 763 1795 807 exhibet

150 835 439 878 distinctiones
473 848 565 878 can.
599 837 727 879 1015.
761 835 789 892 ὲ
824 836 860 878 1.
896 834 1217 878 Matrimonium
1261 834 1571 892 baptizatorum
1618 847 1792 890 nempe:

152 906 390 949 huiusmodi
427 904 761 949 contrabentium
800 905 1012 949 rinculum
1052 905 1235 949 validam
1271 911 1440 962 propter
1475 905 1596 949 talem
1633 909 1795 950 contra·

150 982 261 1021 ctum
310 976 657 1020 matrimonialem
704 975 864 1019 dicitnr
905 979 1184 1020 communiter
1217 990 1264 1020 ac
1300 979 1336 1019 in
1380 976 1663 1019 ecclesiastico
1707 978 1795 1019 iure

152 1052 308 1099 ratam,
340 1060 418 1103 qua
456 1050 493 1089 in
530 1046 741 1091 Ecclesiae
777 1048 862 1090 foro
896 1052 1069 1091 externo
1105 1049 1381 1104 recognitum,
1409 1046 1535 1090 veluti
1565 1046 1794 1090 seeundum

151 1131 203 1161 ss.
239 1131 418 1161 canones
452 1118 503 1161 de
541 1118 756 1161 validitate
800 1123 1075 1173 contractum,
1110 1123 1149 1162 et
1184 1118 1286 1161 haec
1326 1117 1553 1174 appellatio
1587 1130 1635 1159 ex
1672 1116 1795 1160 histo-

155 1190 251 1231 ricis
286 1190 385 1230 iuris
418 1188 683 1231 documentis
706 1193 865 1231 constat
891 1193 974 1231 tum
1002 1188 1296 1243 Deci-elationi,
1323 1193 1408 1231 tum
1434 1187 1526 1231 aliis
1548 1187 1666 1230 Sedis
1689 1187 1797 1244 Apo-

153 1258 336 1309 stolicae,
372 1264 458 1302 tum
502 1272 551 1301 ex
599 1271 690 1315 cap.
729 1259 765 1312 l,
799 1258 922 1303 Cone.
957 1258 1084 1313 Ti·id.,
1117 1272 1216 1302 sess.
1251 1257 1397 1313 XXIV,
1433 1258 1491 1303 De
1539 1258 1611 1301 rel'.
1657 1262 1797 1302 matri-

156 1332 307 1384 monii3
346 1331 580 1387 retinetque
629 1329 875 1386 simpliciter
923 1329 1000 1374 hoc
1052 1344 1216 1385 nomen,
1251 1330 1289 1373 si
1321 1330 1506 1374 nondam
1541 1345 1797 1375 consumina-

157 1401 269 1444 tione
288 1401 390 1444 infra
412 1400 658 1458 explicanda
682 1400 930 1459 completam
954 1407 1029 1453 est,
1050 1406 1245 1458 tanquam
1266 1404 1405 1445 animo
1426 1407 1582 1446 tantum
1609 1407 1801 1445 constans

161 1471 375 1516 vinculum
411 1485 483 1515 seu
519 1473 557 1514 in
592 1476 686 1515 actu
723 1474 880 1528 primo;
913 1478 1057 1515 ratuni
1104 1486 1202 1516 vero
1241 1472 1362 1516 simul
1398 1480 1435 1515 et
1470 1479 1799 1516 consummatam

90 1561 99 1567 ’
162 1558 184 1584 ε(
206 1542 361 1586 dieitur
396 1541 494 1585 illud
532 1541 715 1586 validum
742 1557 782 1596 »‚
816 1543 854 1585 si
887 1542 1000 1585 inter
1033 1543 1230 1601 coniayes
1263 1542 1397 1586 loc-mn
1432 1542 1627 1586 habuerit
1660 1543 1801 1586 eoniu-

157 1613 272 1671 9alis
307 1619 440 1666 aetas,
474 1626 646 1670 nempe:
681 1613 731 1657 ad
768 1613 894 1670 prolis
927 1616 1239 1670 generationem
1274 1619 1396 1671 aptus
1427 1615 1657 1658 secundum
1692 1614 1801 1672 quod

161 1684 263 1729 haee
296 1698 316 1727 a
356 1684 567 1727 xoluntate
618 1684 781 1741 pendet,
816 1686 876 1728 sic
910 1687 1018 1728 enim
1069 1684 1137 1728 ille
1184 1686 1422 1742 explicatur
1457 1688 1494 1728 in
1529 1698 1710 1730 canone:
1749 1684 1805 1729 acl

160 1769 279 1814 quem
312 1761 470 1798 natura
504 1769 582 1798 sua
615 1754 846 1798 ordinatur
879 1761 1123 1799 contractus
1155 1756 1491 1800 matrimonialis
1523 1757 1574 1800 ad
1615 1769 1802 1800 normam

157 1839 248 1871 can.
276 1827 403 1875 1013,
427 1831 466 1870 et
494 1839 575 1883 quo
608 1831 825 1870 contractu
861 1827 911 1870 ad
948 1827 1058 1871 hune
1090 1832 1228 1871 aetum
1264 1828 1387 1870 datur
1421 1832 1564 1870 mutuo
1598 1829 1682 1881 ius3
1719 1840 1803 1871 ma⁴

158 1900 304 1955 gisque
340 1897 643 1940 determinatur
693 1897 760 1940 ille
809 1902 926 1941 aetus
960 1911 1008 1941 ex
1045 1897 1316 1955 sequentibus
1360 1897 1523 1941 terbis:
1557 1903 1595 1940 et
1629 1912 1708 1956 qao
1743 1912 1805 1941 co-

159 1968 309 2027 niuqes
344 1968 450 2024 fiant
485 1982 567 2011 ana
602 1982 702 2012 caro
736 1971 851 2013 iuxta
884 1970 924 2012 S.
958 1970 1201 2025 Scripturae
1252 1969 1501 2012 locutionem
1538 1972 1576 2012 in
1612 1969 1807 2013 ecclesia-

162 2042 266 2084 stico
301 2041 390 2083 iure
423 2041 579 2095 scripto
613 2041 778 2096 saepius
811 2040 1064 2096 adoptatam,
1086 2044 1125 2083 et
1148 2052 1254 2097 quae
1279 2040 1452 2097 proinde
1475 2043 1553 2083 erit
1575 2040 1804 2083 secundum

163 2110 392 2153 Auctorum
429 2108 699 2166 probatorum
736 2112 1120 2173 interpretationem
1146 2111 1418 2154 aestimanda.
1444 2110 1492 2154 Et
1516 2110 1617 2154 haec
1641 2116 1701 2154 est
1727 2123 1808 2154 ma-

163 2182 345 2224 trimonii
382 2180 593 2224 distinctio
628 2183 788 2224 ratione
827 2181 1121 2238 complementi
1158 2183 1286 2238 ipsius
1319 2186 1569 2225 contractus.

284 2250 417 2294 Huius
451 2253 671 2295 occasione
705 2257 840 2308 capta,
877 2254 1074 2296 inseritur
1114 2254 1217 2296 iuris
1254 2254 1405 2295 veteris
1438 2253 1643 2310 quaedam
1690 2266 1805 2310 prae-

166 2324 346 2379 sumptio
387 2324 424 2365 in
459 2323 487 2379 ξ
522 2323 558 2365 ⁶2.
597 2321 818 2366 Celebrate
864 2323 1149 2375 matrimonio,
1182 2323 1363 2367 scilicet:
1408 2328 1622 2367 contractu
1669 2326 1809 2367 matri-

169 2392 335 2436 moniali
370 2406 652 2451 quocumque,
685 2394 723 2437 si
755 2394 952 2451 eoniuyes
985 2393 1114 2437 simul
1146 2393 1495 2451 cohabitaverint,
1529 2408 1703 2452 nempe:
1738 2395 1808 2438 diu

167 2469 390 2521 noctuque,
414 2463 475 2507 vel
510 2464 642 2508 solum
679 2470 801 2509 noctu
828 2465 887 2522 (v.
912 2479 973 2522 gr.
999 2467 1038 2507 in
1073 2465 1236 2509 officina
1271 2465 1426 2508 detenti
1463 2479 1535 2523 per
1567 2466 1711 2523 diem),
1738 2466 1807 2510 sed

167 2534 245 2578 sub
278 2535 424 2578 eodem
462 2540 582 2591 tecto,
617 2536 921 2579 consummatio
955 2549 1078 2592 supra
1125 2536 1334 2580 declarata
1366 2538 1660 2594 praesumitur
1694 2550 1805 2594 prae-

169 2608 404 2662 sumptione
434 2621 454 2647 «
479 2609 580 2650 iuris
612 2607 874 2664 simpliciter,
897 2612 1041 2651 contra
1075 2620 1199 2664 quam
1235 2608 1469 2652 admittitur
1503 2608 1690 2665 probatio
1725 2613 1808 2651 tum

170 2678 343 2722 directa,
371 2682 455 2720 tum
493 2678 694 2722 indirecta
719 2694 740 2719 »
769 2677 878 2735 (can.
906 2677 1054 2735 1826),
1079 2678 1128 2721 ad
1165 2678 1274 2736 quod
1311 2679 1566 2723 innuendum
1603 2680 1717 2723 addit
1750 2693 1813 2723 ca-

173 2760 275 2790 non:
311 2746 441 2790 donec·
483 2749 747 2792 eontrarium
792 2749 996 2806 probetur
1038 2749 1232 2806 equidem
1269 2752 1306 2792 in
1343 2750 1496 2794 iudicio
1529 2750 1581 2794 ab
1614 2764 1663 2793 eo
1695 2753 1814 2794 cuius

175 2819 348 2872 intersit,
375 2831 468 2862 nam
503 2832 684 2863 canones
713 2835 732 2861 (‹
757 2820 808 2864 ‹le
844 2819 1297 2877 praesumptionibus»
1327 2824 1364 2864 in
1389 2821 1541 2866 Codice
1576 2824 1681 2865 inter
1713 2821 1815 2865 alias

175 2887 390 2932 iudiciales
431 2889 694 2945 probationes
730 2893 981 2934 inseruntur.
