1971 3261
117 145 210 182 Can.
237 145 306 180 93?
547 172 550 175 Α
592 146 676 180 TIT.
706 147 750 180 V.
781 169 789 173 -
819 149 875 183 De
901 153 1074 184 eaetrewa
1104 155 1282 186 unctione
1676 157 1745 191 339

116 278 286 309 numero
309 264 456 320 plurali
483 265 684 318 adhibito,
704 272 908 323 quatenus
940 269 1083 312 saltem
1110 270 1161 313 ob
1187 277 1450 328 praeceptum
1477 279 1591 317 extra
1621 288 1742 319 verae

117 338 369 380 necessitatis
402 347 543 378 casum
580 336 718 392 plures
750 337 1011 382 adhibendae
1045 346 1150 386 sunt.
1187 347 1223 384 61
1259 347 1318 385 est
1354 346 1523 388 materia
1555 348 1740 401 proxima

113 407 234 450 buius
266 409 529 459 sacramenti,
563 420 634 450 seu
672 421 768 450 usus
802 412 999 453 materiae
1036 416 1217 456 remotae
1252 413 1377 456 idest:
1416 417 1487 465 rei,
1511 429 1617 472 (luae
1651 432 1742 460 con-

111 479 242 521 stituit
275 477 502 534 partialiter
533 483 840 521 sacramentum
879 479 967 534 boc,
1007 482 1305 540 designataque
1349 484 1506 528 verbis:
1544 486 1586 543 b)
1620 487 1739 529 1111111-

111 548 194 591 bico
228 547 317 592 oleo
349 547 569 595 olivarum,
604 549 674 591 sed
712 551 824 592 iuxta
859 553 972 606 prius
1005 552 1111 595 dicta
1149 556 1185 595 in
1221 567 1309 598 can.
1335 555 1431 609 734,
1465 556 1493 614 ἓ
1530 558 1563 611 l,
1599 558 1649 601 de
1677 572 1736 602 sa-

110 622 309 662 cramenti
345 621 588 662 necessitate
624 619 705 662 rite
737 618 964 675 benedicto,
987 628 1024 664 el
1049 628 1257 680 tamquam
1285 626 1454 669 formale
1488 627 1734 671 elementum

109 692 319 747 sequitur:
354 690 394 746 c)
425 703 502 747 per
537 689 655 732 verba
709 691 749 732 111
801 691 1028 734 ritualibus·
1072 693 1192 736 libris
1236 694 1284 737 ab
1327 695 1517 739 Ecclesia
1547 698 1737 755 probati-s·

106 760 388 818 praescripta,
423 760 521 804 (111111
556 773 699 804 sacrae
734 761 826 804 illae
861 765 1076 806 unctiones
1111 766 1224 810 liunt.

229 832 324 876 279.
352 833 643 878 Distributio
662 833 809 878 Tituli
833 835 880 878 in
905 837 1069 891 capita
1092 851 1151 881 ae
1175 851 1342 882 eorum
1367 841 1504 884 ordo.
1525 866 1578 869 —
1603 839 1733 885 Verba

107 902 275 960 quidem
312 901 446 946 lacobi
481 902 668 958 apostoli,
703 902 854 960 quibus
882 904 1190 960 promulgatum
1216 921 1303 949 esse
1329 908 1405 951 1106
1428 916 1732 953 sacramentum

108 973 342 1030 dogmatica
390 974 575 1017 definitio
622 976 784 1028 asserit,
815 978 910 1017 sunt
945 977 1056 1019 iuxta
1091 990 1179 1032 cap.
1222 978 1232 1019 1
1275 978 1383 1022 Dec.i
1418 980 1657 1024 doctrinalis
1697 985 1732 1024 in

107 1045 197 1089 ead.
231 1058 328 1087 sess.
363 1042 486 1088 Cone.
520 1043 668 1089 Trid.¹:
709 1044 986 1089 «infirmatur
1009 1049 1101 1103 quis
1127 1050 1163 1089 in
1194 1048 1338 1091 vobis-3
1374 1051 1539 1093 inducat
1565 1052 1731 1109 presby-

107 1121 215 1158 teros
247 1115 472 1169 Ecclesiae,
506 1120 542 1158 et
578 1121 695 1158 orent
727 1129 852 1172 super
885 1130 995 1169 eum,
1032 1124 1231 1173 ungentes
1265 1134 1356 1162 euni
1393 1120 1483 1163 oleo
1506 1124 1542 1163 in
1571 1126 1734 1166 nomine

108 1185 293 1234 Domini;
327 1191 367 1229 et
399 1188 530 1229 oratio
566 1186 660 1230 fidei
695 1186 873 1230 salvabit
908 1189 1139 1242 inlirmum,
1175 1195 1213 1231 et
1237 1189 1449 1233 alleviabit
1472 1205 1565 1234 611111
1603 1192 1734 1235 Domi-

108 1270 205 1311 nus;
240 1261 292 1310 et,
326 1259 357 1299 si
394 1259 432 1299 in
469 1259 648 1313 peccatis
680 1259 744 1313 sit,
777 1258 1038 1301 dimittentur
1062 1261 1110 1301 ei.
1137 1259 1297 1314 Quibus
1323 1261 1472 1310 rerbis,
1498 1267 1541 1305 ut
1565 1276 1612 1305 ex
1638 1276 1732 1319 apo-

104 1325 246 1370 stolica
281 1328 502 1370 traditione
550 1341 622 1384 per
671 1341 817 1372 manus
850 1334 1019 1385 accepta
1055 1330 1228 1373 ecclesia
1263 1331 1419 1379 didicit,
1453 1332 1571 1376 docet
1608 1339 1731 1377 mate-

105 1399 222 1452 riam,
259 1399 448 1448 formam,
484 1401 696 1455 proprium
733 1401 982 1453 ministrum,
1016 1405 1053 1444 et
1088 1402 1280 1445 effectum
1315 1402 1436 1446 liuius
1461 1403 1652 1447 salutaris
1674 1417 1732 1448 sa-

73 1492 78 1499 ae
103 1472 327 1512 oramenti:
363 1469 566 1513 intellexit
588 1473 695 1513 enim
722 1470 919 1526 Ecclesia,
942 1475 1156 1515 materiam
1182 1486 1270 1516 esse
1294 1474 1428 1516 oleum
1455 1474 1506 1518 ab
1530 1475 1731 1533 Episcopo

104 1539 392 1591 beiieclictun13
429 1554 521 1584 nam
559 1544 697 1585 unctio
730 1544 943 1597 aptissime
975 1544 1153 1599 Spiritus
1185 1544 1321 1587 Sancti
1356 1547 1546 1601 gratiam,
1572 1559 1650 1601 qua
1678 1550 1731 1589 in-

106 1609 322 1654 visibiliter
353 1613 489 1654 anima
523 1615 776 1669 aegrotantis
801 1616 1027 1670 inungitur,
1054 1620 1348 1671 repraesentat,
1373 1616 1427 1672 (61
1454 1618 1564 1660 iuxta
1595 1630 1729 1661 sacra·

104 1686 336 1725 mentorum
381 1688 570 1726 naturam
615 1685 789 1740 confert,
826 1697 917 1728 nam
958 1685 1215 1729 «alleviabit
1249 1700 1341 1730 eum
1381 1686 1590 1740 Dominus,
1625 1693 1665 1731 et
1697 1692 1728 1731 si

103 1755 140 1795 in
178 1756 356 1809 peccatis
388 1756 453 1806 sit,
487 1754 747 1798 dimittentur
780 1758 815 1799 ei
840 1762 906 1811 n),
941 1758 1113 1799 sormam
1150 1758 1299 1801 deinde
1344 1771 1432 1801 esse
1476 1758 1540 1801 illa
1580 1759 1728 1803 verba:

105 1824 178 1867 l'er
211 1826 328 1868 istam
365 1828 614 1879 unctionem,
640 1830 716 1869 etc.
741 1841 780 1870 ›).
805 1852 863 1857 —
884 1826 944 1870 De
969 1830 1156 1871 ministro
1189 1840 1236 1871 ac
1270 1827 1455 1872 subiecto
1492 1829 1590 1871 nibil
1615 1831 1727 1873 addit

101 1894 178 1939 hoc
212 1898 250 1938 111
286 1895 375 1939 1060
407 1897 444 1940 S.
480 1897 683 1954 synodus,
709 1897 823 1941 velut
849 1898 987 1943 verbis
1010 1899 1193 1955 Apostoli
1218 1899 1434 1942 evidenter
1458 1900 1728 1954 declaratum,

106 1966 318 2010 «inducat
354 1967 618 2025 presbyteros
650 1968 875 2024 Ecclesiae,
914 1972 946 2013 si
981 1972 1072 2027 quis
1117 1970 1350 2012 infirmatur
1384 1973 1421 2012 in
1460 1970 1576 2014 vobis
1598 1987 1619 2011 ›>
1656 1986 1726 2015 seu

102 2039 207 2080 inter
241 2037 476 2094 baptizatos.
513 2039 635 2082 Prout
670 2042 707 2082 in
743 2039 833 2084 aliis
856 2040 1001 2084 'l'itulis
1026 2043 1266 2097 praesertim
1301 2041 1352 2084 de
1388 2040 1589 2098 baptismo
1613 2044 1727 2087 et'de

100 2108 415 2152 confirmatione
448 2110 550 2153 ordo
583 2116 775 2154 servatur
808 2114 1004 2168 capitum,
1042 2125 1211 2168 nempe:
1241 2112 1373 2169 Papae
1397 2111 1423 2155 Ι.
1456 2112 1512 2155 De
1533 2113 1726 2157 ministro

98 2184 312 2222 eoetremae
346 2181 568 2231 unctionis,
607 2181 742 2239 Capu!
776 2181 831 2227 II.>
874 2182 931 2225 [Ie
961 2181 1140 2225 subiecto
1180 2188 1393 2225 effrenate
1432 2184 1655 2236 *lenc-tionis
1689 2191 1725 2228 et

103 2248 237 2308 Caput
269 2249 346 2295 III.
384 2250 442 2294 De
473 2252 626 2296 ritibus
659 2259 697 2296 et
730 2254 1048 2298 caeremoniis„
1081 2253 1157 2297 sub
1195 2253 1345 2311 quibus
1388 2254 1438 2297 de
1483 2259 1652 2299 materia
1687 2263 1724 2300 61

97 2322 229 2364 forma
265 2323 487 2378 praedictis
519 2326 668 2380 agitur,
703 2338 778 2368 nee
811 2325 889 2369 alia
923 2328 1055 2381 capita
1090 2329 1184 2368 sunt
1217 2327 1463 2380 necessaria,
1483 2328 1576 2382 quia
1613 2326 1726 2371 locus

97 2397 136 2435 et
168 2397 332 2449 tempus
363 2396 608 2438 necessitate
643 2396 893 2439 infirmitatis
926 2409 1003 2439 non
1049 2398 1137 2438 iure
1176 2395 1520 2451 determinantur,
1555 2399 1725 2455 eiusque

95 2466 369 2520 susceptionis
386 2465 597 2509 adnotatio
617 2466 738 2524 (alias
763 2469 843 2510 iam
869 2466 1140 2523 praescripta)
1164 2479 1244 2509 11011
1271 2471 1329 2510 est
1356 2470 1599 2515 necessaria,
1623 2470 1727 2512 sicut

96 2547 170 2578 nec
202 2537 450 2578 sacramenti
487 2535 609 2580 buius
642 2540 850 2594 susceptio
885 2537 974 2594 lege
1007 2537 1142 2594 aliqua
1177 2541 1237 2580 est
1271 2539 1539 2594 praescripta.
