1971 3261
161 164 231 196 214

163 283 249 319 dicis
277 282 404 328 pariter
429 287 461 317 et
488 281 614 317 medici
640 292 821 327 personam
841 282 940 316 susti-

163 342 245 366 nere
270 341 309 365 ac
327 329 467 364 divinae
487 329 639 363 iustitiae
653 329 759 364 simul
785 333 819 364 et
839 329 941 365 mise-

163 377 330 413 ricordiae
357 377 558 411 ministrum
588 387 609 411 a
627 375 695 411 Deo
713 375 940 411 constitutum

160 436 234 461 esse
261 429 297 459 ut
324 424 443 459 honori
464 423 583 458 divino
613 428 644 458 et
663 423 862 458 animarum
891 434 941 459 sa-

161 472 223 508 luti
251 471 419 507 consulat.

207 518 285 562 ξιξ.
326 517 453 553 Caveat
494 516 640 552 omnino
679 528 722 552 ne
757 517 938 564 complicis

160 577 286 601 nomen
328 565 495 610 inquirat,
523 576 566 599 ne
592 564 738 600 curiosis
774 569 834 600 aut
861 566 938 600 inu-

159 613 281 648 tilibus
298 611 572 658 quaestionibus,
588 613 739 647 maxime
757 612 849 647 circa
867 623 938 648 sex-

158 666 231 696 tum
261 659 415 703 Decalogi
454 664 684 706 praeceptum,
724 670 936 705 quemquam

158 708 374 747 detineat‚.et
390 706 593 752 praesertim
612 718 656 742 ne
674 706 827 742 iuniores
842 707 883 743 de
896 706 939 741 iis

158 766 246 802 quae
284 755 447 800 ign-orant
475 754 713 800 imprudenter
739 755 939 800 interroget.

205 802 290 838 CAN.
332 799 410 837 889.
439 821 456 826 —
481 805 499 843 ἓ
532 802 558 836 Ι.
601 800 862 838 Sacramentale
892 802 935 836 si·

156 850 280 895 gilium
319 848 520 884 inviolabile
557 854 633 892 est;
678 860 784 895 quare
818 854 937 885 caveat

156 897 342 942 diligenter
380 897 614 932 confessarius
653 908 697 931 ne
734 896 836 931 verbo
877 902 937 932 aut

156 945 256 990 signo
273 949 334 979 aut
350 943 418 978 alio
436 944 558 989 quovis
578 944 678 979 modo
697 948 729 978 et
754 944 876 990 quavis
893 944 936 980 de

155 1003 260 1028 eausa
288 991 408 1038 prodat
445 991 667 1037 aliquatenus
705 996 933 1037 poccatorem.

202 1040 220 1086 ξ
247 1040 279 1073 2.
310 1037 534 1083 Obligatione
554 1039 714 1074 servandi
736 1050 934 1074 sacramen-

154 1088 222 1122 tale
247 1085 404 1132 sigillum
424 1091 588 1121 tenentur
606 1097 744 1132 quoque
764 1086 934 1132 interpres

154 1134 287 1180 aliique
311 1144 433 1169 omnes
460 1134 502 1168 ad
530 1144 616 1180 quos
644 1134 764 1169 notitia
800 1135 933 1169 confes-

155 1183 263 1217 sionis
289 1192 427 1227 quoquo
454 1181 555 1216 modo
583 1183 788 1227 pervenerit.

202 1228 286 1265 CAN.
316 1227 395 1263 890.
432 1249 448 1254 -
482 1233 500 1271 ξ
533 1229 560 1263 l.
590 1227 746 1264 Omnino
783 1228 933 1274 prohibi-

154 1281 209 1311 tus
247 1281 297 1312 est
334 1276 546 1312 confessario
573 1287 658 1311 usus
696 1276 863 1311 scientiae
893 1287 933 1311 ex

562 163 646 197 Lus.
673 162 743 197 111.
769 183 782 188 -
810 162 919 197 PARS
944 163 975 198 Ι.
1002 160 1018 189 -“
1041 163 1099 199 De
1123 164 1391 201 sacramentis

1061 287 1081 325 g
1107 283 1140 317 ’2.
1177 283 1262 319 Tam
1302 282 1504 330 Superiores
1537 296 1598 331 pro
1637 291 1791 332 tempore

1014 330 1214 372 existentes,
1240 342 1344 377 quam
1364 332 1566 368 confessarii
1595 333 1652 378 qui
1674 338 1791 378 postea

1015 376 1216 423 Superiores
1259 379 1388 414 tuerint
1424 379 1628 421 renuntiati,
1667 380 1791 416 notitia

1011 436 1116 470 quam
1143 425 1185 460 de
1201 426 1350 472 peccatis
1369 426 1404 461 in
1424 427 1646 463 confessione
1665 427 1790 463 babue-

1011 472 1094 513 rint,
1143 473 1185 507 ad
1235 473 1439 509 exteriorem
1494 473 1785 519 gubernationem

1011 519 1108 554 nullo
1135 520 1236 555 modo
1263 521 1309 555 uti
1339 525 1495 567 possunt.

1058 565 1142 602 CAN.
1180 565 1261 602 89l.
1313 588 1329 593 —
1374 567 1537 613 Magister
1574 569 1785 604 novitiorum

1012 614 1156 660 eiusque
1181 615 1304 656 socius,
1333 614 1497 662 Superior
1518 614 1704 651 Seminarii
1725 616 1789 652 col-

1012 661 1134 706 legiive
1159 663 1429 699 sacramentales
1458 663 1693 700 consessiones
1711 675 1788 699 suo-

1010 719 1087 743 rum
1106 709 1331 744 alumnorum
1351 721 1467 746 secum
1487 710 1523 745 in
1548 711 1669 746 eadem
1687 711 1789 746 domo

1009 757 1303 791 commorantium
1331 768 1375 793 ne
1399 758 1558 798 audiant,
1588 758 1655 792 nisi
1675 759 1788 794 alum-

1010 803 1045 837 ni
1073 814 1112 838 ex
1140 804 1234 848 gravi
1262 808 1296 840 et
1334 805 1469 850 urgenti
1498 815 1603 840 causa
1642 805 1676 840 iu
1704 807 1788 841 casi-

1010 850 1073 885 bus
1101 851 1369 897 particularibus
1394 857 1518 898 sponte
1545 853 1576 887 id
1606 858 1738 899 petant.

1057 896 1142 933 CAN.
1172 896 1252 932 892.
1297 920 1313 924 -
1346 903 1365 941 ἓ
1404 900 1432 933 l.
1476 900 1616 934 Parochi
1657 900 1787 946 aliique

1009 945 1137 990 quibus
1162 956 1246 981 cura
1271 946 1471 982 animarum
1491 947 1522 982 vi
1552 947 1708 982 muneris
1734 953 1785 983 est

1007 992 1228 1034 demandata,
1255 994 1350 1038 gravi
1389 993 1540 1029 iustitiae
1577 994 1788 1040 obligatione

1006 1044 1171 1075 tenentur
1196 1040 1360 1076 audiendi
1383 1041 1455 1077 sive
1482 1052 1542 1087 per
1567 1053 1603 1077 se
1628 1042 1701 1078 sive
1730 1053 1787 1088 per

1005 1086 1114 1121 alium
1141 1088 1379 1124 consessiones
1407 1088 1561 1124 fidelium
1588 1089 1653 1124 sibi
1695 1101 1785 1125 com-

1007 1134 1205 1175 missorum,
1232 1136 1367 1180 quoties
1393 1136 1416 1171 ii
1443 1136 1556 1171 audiri
1596 1137 1785 1172 rationabi-

1008 1182 1086 1217 liter
1115 1187 1240 1228 petant.

1053 1234 1072 1272 ἓ
1100 1230 1131 1265 ’2.
1156 1229 1306 1275 Urgente
1324 1231 1541 1267 necessitate.
1564 1242 1686 1267 omnes
1704 1243 1785 1267 con-

1008 1277 1139 1312 fessarii
1166 1277 1377 1322 obligatione
1403 1283 1567 1314 tenentur
1584 1290 1623 1314 ex
1642 1280 1785 1314 caritate

1003 1324 1241 1360 confessiones
1280 1325 1436 1361 fidelium
1475 1326 1656 1368 audiendi,
1683 1332 1716 1362 et
1746 1327 1782 1361 in

153 1324 370 1359 confessione
395 1323 586 1368 acquisitae
623 1335 703 1359 cum
729 1324 932 1368 gravamine

1005 1372 1125 1406 mortis
1153 1373 1304 1418 periculo
1330 1384 1452 1408 omnes
1478 1374 1686 1409 sacerdotes.

154 1371 376 1417 poenitentis,
395 1370 532 1406 excluso
558 1371 663 1406 etiam
691 1371 812 1416 quovis
838 1380 931 1406 reve—

155 1418 294 1454 lationis
323 1418 487 1464 periculo.

273 1561 369 1604 193.
398 1563 717 1607 Coordinatio
733 1575 972 1607 canonum
991 1565 1083 1608 sub
1105 1564 1221 1620 Cap.
1243 1565 1274 1608 1.
1298 1589 1350 1593 —
1366 1562 1424 1606 De
1440 1565 1625 1606 ministro
1648 1576 1781 1607 sacra-

153 1635 278 1676 menti
314 1634 590 1688 poenitentiae
623 1634 729 1675 scire
763 1645 865 1688 opus
899 1638 972 1685 est,
1006 1645 1086 1690 qua
1120 1633 1273 1690 duplici
1310 1639 1509 1690 potestate
1547 1635 1781 1691 praeditum

152 1717 241 1747 esse
274 1708 475 1760 oporteat,
508 1703 618 1760 quod
664 1704 837 1747 tradunt
868 1716 958 1747 can.
994 1704 1092 1747 871.
1127 1705 1232 1750 87⁶2:
1278 1709 1317 1748 et
1350 1719 1443 1748 cum
1477 1705 1604 1748 altera
1637 1708 1688 1749 sit
1721 1708 1780 1749 iu-

152 1774 349 1829 risdictio,
385 1786 472 1819 can.
510 1774 592 1817 873
628 1774 753 1817 edicit
789 1774 879 1817 illos
912 1777 980 1831 qni
1015 1787 1105 1818 eam
1140 1776 1392 1819 ordinariam
1439 1775 1627 1819 habeant.
1663 1775 1780 1819 Circa

154 1846 388 1902 delegatam
425 1859 523 1888 vero
546 1850 641 1888 sunt
666 1850 747 1888 tres
771 1858 964 1901 canones,
991 1849 1059 1904 qui
1095 1847 1315 1890 ostendunt
1338 1844 1607 1892 Ordinarium
1643 1860 1664 1890 a
1699 1861 1780 1905 quo

151 1917 382 1959 iurisdictio
416 1916 664 1971 obtineatur,
700 1921 739 1959 et
773 1916 940 1974 quidem
975 1930 1064 1960 can.
1103 1917 1183 1960 874
1220 1931 1293 1974 pro
1326 1917 1660 1976 quibuscumque
1685 1932 1779 1974 poe-

150 1986 390 2041 nitentibus,
424 1999 515 2030 can.
550 1987 633 2030 875
671 2001 744 2043 pro
778 1987 980 2043 religiosis
1015 1990 1115 2031 viris
1157 1991 1375 2045 exemptis,
1411 2001 1502 2032 nam
1547 1989 1782 2045 specialiter

151 2072 225 2114 pro
275 2058 523 2102 monialibus
555 2064 594 2102 et
627 2059 842 2103 sororibus
889 2064 1009 2103 cavet
1045 2073 1133 2103 can.
1171 2061 1267 2103 876.
1304 2060 1343 2103 ln
1379 2060 1644 2104 concedenda
1681 2074 1780 2104 vero

151 2129 434 2172 iurisdictione
467 2134 652 2173 statuunt
684 2143 881 2182 canones,
906 2131 988 2173 877
1023 2136 1065 2174 ut
1099 2131 1149 2174 de
1175 2131 1397 2174 idoneitate
1425 2136 1596 2185 constet,
1622 2132 1705 2175 878
1729 2132 1779 2174 dc

149 2202 534 2256 circumscriptione
570 2202 697 2256 ipsius
742 2201 1042 2244 iurisdictionis
1076 2206 1113 2244 et
1149 2201 1231 2244 879
1266 2202 1317 2245 de
1360 2204 1626 2245 concessione
1659 2202 1780 2244 liuius

148 2283 343 2326 expressa
378 2276 416 2313 et
450 2274 642 2327 gratuita,
685 2271 836 2329 quibus
869 2272 1031 2315 accedit
1065 2284 1154 2315 can.
1189 2273 1271 2315 880
1296 2272 1347 2316 de
1372 2272 1478 2315 illius
1513 2275 1778 2315 revocatione

149 2346 219 2384 aut
266 2343 548 2397 suspensione.
601 2342 798 2399 Sequitur
845 2343 1135 2386 determinatio
1183 2343 1442 2387 subditorum
1479 2346 1774 2400 poenitentium

150 2425 221 2467 per
253 2424 342 2455 can.
380 2412 587 2468 881-884,
622 2414 853 2470 etquidem
892 2415 1023 2470 primo
1057 2414 1320 2470 generaliter,
1353 2415 1536 2457 secundo
1571 2417 1607 2456 in
1636 2417 1777 2457 mortis

148 2482 336 2536 articulo,
372 2485 490 2525 tertio
526 2485 563 2526 in
599 2486 809 2527 maritimo
844 2486 1004 2539 itinere,
1038 2490 1077 2527 et
1112 2484 1254 2528 ultimo
1287 2485 1421 2542 quoad
1456 2485 1700 2541 complicem
1738 2487 1774 2527 in

151 2558 318 2609 peccato
353 2556 474 2610 turpi.
500 2553 557 2596 De
582 2556 709 2610 ipsius
735 2557 950 2598 ministerii
985 2557 1184 2598 exercitio
1218 2568 1307 2599 can.
1343 2556 1529 2599 885-888
1555 2556 1778 2613 loquuntur

149 2623 225 2666 hoc
259 2623 425 2667 ordine:
460 2627 571 2667 circa
597 2638 742 2680 preces
766 2638 813 2668 ac
839 2625 1060 2668 formulam
1096 2625 1377 2679 absolutionis,
1411 2627 1546 2684 quoad
1582 2626 1687 2670 hanc
1711 2626 1776 2670 de-

150 2694 380 2750 negandam
419 2695 480 2737 vel
515 2695 807 2750 differendam,
841 2696 975 2753 quoad
1010 2697 1308 2740 satisfactiones
1343 2697 1614 2753 iniungendas
1648 2702 1685 2740 et
1721 2700 1778 2740 in-

148 2767 447 2821 terrogationes
479 2766 713 2819 cavendas,
749 2780 824 2810 can
877 2767 973 2822 889,
1010 2767 1092 2810 890
1126 2767 1229 2810 duas
1260 2767 1468 2823 explicant
1500 2768 1773 2824 obligationes

144 2840 443 2892 consequentes
476 2849 526 2878 ex
560 2836 831 2880 confessionis
862 2837 1088 2891 auditione,
1123 2837 1291 2895 demum
1328 2840 1522 2894 postremi
1557 2850 1645 2882 can.
1673 2838 1771 2892 891,
