1971 3261
210 163 255 195 64
611 160 694 193 Lm.
726 159 794 194 III.
823 180 835 183 -
863 159 971 192 PARS
998 158 1025 192 Ι.
1053 178 1065 183 -
1091 158 1148 192 De
1174 159 1440 198 &loramentis
1560 159 1652 195 Can.
1683 159 1838 194 tea-770

214 281 438 337 baptizatus
474 279 598 322 talem
631 278 672 320 rin
709 283 796 320 lota
830 277 915 319 rita
949 276 1082 333 quoad
1131 278 1314 320 actiones
1346 290 1490 320 omnes
1537 282 1577 321 et
1625 291 1752 336 usque
1785 278 1834 322 ad

214 356 387 394 mortem
430 363 473 392 se
502 347 717 406 praebeat,
753 346 918 405 qualem
960 346 1152 403 solatrum
1196 360 1285 389 esse
1325 346 1519 390 sollemni
1558 348 1836 400 caeremonia,

212 426 252 464 ut
286 422 466 464 diximus
500 419 589 462 illos
624 420 766 462 fecisse
801 420 837 460 in
873 417 1147 460 sollemnitate
1183 416 1373 473 baptismi
1402 418 1463 461 vel
1491 418 1687 475 implicite
1714 422 1750 462 in
1776 434 1839 463 su-

211 493 432 547 sceptionis
465 495 571 545 actu,
605 487 919 546 spoponderim!
955 489 1117 544 patrini.

919 636 974 673 CA
984 637 1004 673 Ρ
1015 637 1068 674 UT
1098 637 1134 673 V.

572 718 624 751 De
650 717 825 759 tempore
851 716 890 750 et
916 716 999 750 loco
1026 715 1208 759 baptismi
1234 717 1478 752 conferendi.

259 816 341 852 CAN
374 816 451 851 770.
485 837 500 841 -
542 816 696 850 lnsantes
723 815 987 860 quamprimum

212 865 450 910 baptizentur3
479 869 511 898 et
540 863 676 909 paloclii
705 874 745 897 ac
771 862 991 897 concionato-

212 923 265 947 res
293 912 490 956 frequenter
518 910 634 945 filcles
661 910 702 944 de
729 909 793 944 liae
817 909 913 954 gravi
933 920 987 945 eo—

213 970 288 994 rum
315 957 528 1001 obligatione
555 960 814 992 commoneant.

260 1004 342 1041 CAN.
373 1004 451 1041 771.
473 1026 488 1030 -
512 1004 708 1050 Baptismus
736 1003 902 1049 privatus,
933 1015 987 1038 ur-

210 1058 312 1097 gente
343 1052 560 1095 necessitate,
601 1051 723 1096 quovis
760 1055 916 1097 tempore
955 1055 988 1086 et

212 1100 284 1135 loco
309 1099 610 1134 administrandus
637 1103 700 1133 est.

259 1145 343 1182 CAN.
374 1145 452 1181 772.
486 1167 502 1171 -
534 1145 644 1181 Etiam
672 1144 853 1180 sollemnis
881 1145 974 1191 bapti

211 1205 307 1229 smus
334 1193 488 1239 qualibet
513 1193 568 1228 die
594 1192 833 1228 administrari
857 1197 983 1238 potest3

210 1241 305 1276 dccet
325 1246 441 1276 tamen
468 1240 666 1276 adultorum
695 1240 922 1285 baptismum,
940 1251 988 1275 se-

210 1288 364 1323 cundum
379 1287 665 1342 antiquissimum
682 1286 855 1322 Ecclesiae
869 1287 988 1330 ritum,

211 1335 372 1375 conferri,
411 1335 436 1369 si
479 1335 550 1370 tieri
591 1334 771 1370 commode
805 1339 921 1380 queat
951 1334 987 1369 in

215 1363 392 1427 pervigilio
408 1382 583 1417 Paschatis
601 1386 634 1417 et
650 1381 879 1424 Pentecostes,
899 1393 991 1427 prae-

211 1429 312 1475 cipue
339 1429 372 1463 in
402 1428 680 1475 metropolitanis
717 1433 777 1464 aut
809 1429 990 1464 cathedra-

213 1477 302 1511 libus
327 1476 494 1512 ecclesiis.

259 1523 343 1559 CAN.
375 1523 455 1558 773.
493 1544 516 1549 —
545 1523 706 1569 Proprius
733 1523 895 1569 baptismi
925 1523 990 1558 sol-

214 1571 339 1606 lemnis
364 1570 635 1606 administrandi
676 1570 772 1605 locus
801 1575 852 1606 est
879 1570 990 1616 bapti-

213 1618 355 1653 sterium
396 1619 431 1653 in
470 1617 614 1653 ecclesia
654 1618 703 1652 vel
744 1618 892 1653 oratorio
928 1629 988 1664 pu-

214 1665 312 1701 blico.

259 1712 343 1747 CAN.
374 1710 454 1746 774.
484 1732 506 1737 -
533 1716 551 1753 ἓ
584 1711 610 1746 l.
647 1710 831 1755 Quaelibet
871 1722 988 1757 paroe-

212 1759 309 1794 cialis
334 1759 491 1800 ecclesia,
532 1764 690 1794 revocato
729 1769 769 1794 ac
807 1759 992 1803 reprobato

214 1806 335 1852 quovis
361 1806 534 1841 contrario
559 1811 688 1841 statuto
724 1806 774 1841 vel
814 1806 993 1852 privilegio

214 1854 265 1889 vel
292 1854 555 1895 consuetudine,
592 1853 836 1899 baptismalem
866 1853 991 1889 liabeat

216 1901 356 1943 fontem,
383 1900 477 1936 salvo
506 1900 658 1945 legitimo
687 1901 759 1936 iure
777 1901 991 1936 cumulativo

213 1947 291 1982 aliis
316 1948 470 1983 ecclesiis
497 1948 565 1982 iam
592 1949 764 1994 quaesito.

261 1999 280 2037 ξ
310 1994 342 2031 2.
371 1994 444 2030 Loci
473 1994 683 2030 Ordinarius
719 1999 829 2041 potest
865 2006 924 2041 pro
953 1995 989 2030 fi-

213 2042 342 2077 delium
370 2042 614 2077 commoditate
643 2043 840 2088 permittere
859 2042 910 2078 vel
938 2042 989 2077 iu-

216 2089 292 2124 bere
312 2094 347 2124 ut
367 2090 441 2124 fons
464 2089 682 2134 baptismalis
712 2094 859 2135 ponatur
885 2089 988 2125 etiam

1061 815 1095 850 in
1135 815 1204 851 alia
1241 816 1386 851 ccclesia
1426 817 1475 852 vel
1517 817 1654 863 publico
1691 818 1839 853 oratorio

1060 863 1152 897 intra
1180 863 1356 908 paroeciae
1384 863 1485 899 fines

1107 908 1191 945 CAN.
1222 909 1303 944 775.
1331 931 1351 937 -
1379 909 1413 946 Si
1441 911 1483 946 ad
1511 911 1691 946 ecclesiam
1722 922 1837 958 paroe-

1058 957 1193 998 cialem,
1219 962 1279 992 aut
1305 958 1348 992 ad
1375 958 1480 993 aliam
1508 969 1597 1011 quae
1632 959 1705 994 iure
1735 959 1838 994 fontis

1057 1004 1218 1049 gaudeat
1243 1005 1484 1050 baptizandus,
1499 1007 1575 1041 sine
1592 1006 1687 1050 gravi
1707 1006 1838 1041 incom—

1060 1051 1160 1087 modo
1186 1057 1245 1086 aut
1267 1052 1430 1098 periculo.
1450 1053 1612 1088 accedere
1638 1058 1698 1088 aut
1724 1058 1836 1087 trans-

1062 1098 1138 1133 ferri
1177 1099 1564 1145 nequeanbapttsmus
1601 1100 1782 1135 sollemnis
1819 1111 1839 1135 a

1062 1146 1209 1198 parocho
1246 1146 1395 1182 conferri
1438 1151 1546 1192 potest
1584 1151 1617 1182 et
1662 1147 1763 1183 debet
1803 1147 1838 1182 in

1062 1193 1217 1245 proxima
1243 1193 1387 1229 ecclesia
1426 1198 1486 1228 aut
1524 1194 1674 1229 oratorio
1703 1194 1840 1240 publico

1061 1241 1153 1275 intra
1181 1240 1358 1286 paroeciae
1384 1241 1479 1280 fines,
1509 1241 1587 1277 licet
1618 1241 1701 1277 baec
1733 1241 1840 1288 bapti

1061 1287 1161 1322 smali
1193 1288 1285 1323 sonte
1310 1293 1465 1323 careant

1110 1334 1194 1370 cm
1225 1334 1306 1370 776.
1335 1335 1445 1377 -§l.
1477 1335 1513 1369 ln
1539 1335 1704 1371 domibus
1723 1340 1839 1371 autem

1064 1381 1206 1427 privatis
1246 1382 1440 1428 baptismus
1477 1382 1658 1418 sollemnis
1689 1382 1840 1418 admini-

1061 1429 1160 1464 strari
1181 1440 1249 1464 non
1265 1429 1379 1474 debet,
1394 1429 1459 1464 nisi
1477 1430 1598 1465 bisce
1590 1441 1626 1464 in
1641 1430 1837 1465 adiunctis:

1160 1476 1206 1511 tf>
1224 1476 1258 1512 Si
1289 1457 1486 1523 baptizandi
1508 1477 1581 1511 sint
1609 1477 1667 1512 filii
1696 1482 1755 1512 aut
1783 1488 1840 1512 ue-

1064 1528 1158 1569 potes
1183 1534 1301 1559 eorum
1322 1535 1378 1570 qui
1400 1535 1604 1570 supremum
1623 1529 1702 1559 actu
1721 1529 1840 1560 tenent

1065 1570 1268 1616 populorum
1300 1571 1533 1623 principatum
1555 1571 1605 1607 vel
1634 1571 1686 1606 ius
1712 1571 1840 1607 liabent

1063 1618 1269 1653 succedendi
1300 1629 1334 1652 in
1363 1618 1542 1660 thronum,
1565 1619 1701 1671 quoties
1724 1618 1777 1653 isti
1807 1618 1839 1652 id

1064 1665 1128 1700 rite
1162 1665 1401 1711 poposcerint;

1159 1712 1212 1747 20
1241 1712 1275 1748 Si
1318 1712 1379 1747 loci
1421 1711 1643 1754 Ordinarius‚
1684 1723 1743 1757 pro
1780 1723 1842 1747 suo

1067 1759 1229 1805 prudenti
1267 1759 1412 1795 arbitrio
1437 1764 1469 1794 et
1494 1759 1722 1802 conscientia,
1752 1760 1841 1795 iusta

1063 1817 1104 1842 ac
1131 1806 1328 1842 rationabili
1357 1807 1399 1842 de
1425 1817 1542 1846 causa,
1561 1807 1596 1841 in
1625 1817 1706 1842 casu
1724 1807 1842 1852 aliquo

1064 1854 1340 1889 extraordinario
1381 1853 1414 1889 id
1458 1854 1718 1890 concedendum
1762 1865 1841 1889 cen-

1064 1900 1184 1936 suerit.

1111 1952 1130 1989 §
1170 1948 1201 1984 2.
1241 1948 1275 1982 ln
1319 1948 1519 1983 memoratis
1556 1948 1695 1983 casibus
1734 1948 1842 1993 bapti-

1063 2006 1160 2030 smus
1186 1995 1418 2030 conferendus
1445 2000 1495 2030 cst
1524 1995 1558 2029 in
1578 1995 1703 2030 sacello
1718 1995 1842 2030 domus

1063 2046 1123 2077 aut
1148 2041 1271 2077 saltem
1299 2042 1335 2076 in
1361 2042 1430 2077 alio
1447 2042 1582 2078 decenti
1604 2043 1689 2086 loco,
1705 2046 1738 2078 et
1752 2053 1840 2088 aqua

1065 2089 1263 2135 baptismali
1291 2090 1332 2124 de
1360 2100 1452 2125 more
1479 2089 1675 2125 benedicta.

335 2184 399 2226 58.
436 2186 692 2241 inscriptio
727 2186 905 2249 capitis
936 2198 996 2230 ac
1028 2186 1151 2230 ordo
1185 2198 1440 2230 canonum.
1462 2209 1492 2215 ο
1515 2183 1672 2227 Deinde
1705 2185 1840 2227 consi-

214 2254 443 2297 derandum
479 2259 538 2297 est
570 2260 694 2312 caput
732 2254 769 2298 V.
811 2254 867 2297 De
892 2260 1074 2312 tempore
1095 2256 1185 2297 sive
1207 2259 1408 2312 quantum
1443 2254 1493 2297 ad
1518 2254 1840 2298 sollicitudinem

212 2327 301 2368 sive
333 2325 467 2382 quoad
503 2325 612 2368 diem
645 2331 683 2367 et
717 2325 805 2369 loeo
838 2338 957 2369 sacro
994 2324 1056 2369 vel
1091 2325 1235 2368 saltem
1273 2325 1435 2369 decenti
1470 2324 1669 2383 baptismi
1703 2323 1843 2381 conse-

216 2394 336 2437 rendi
368 2395 621 2438 sollemniter
673 2396 733 2439 vel
787 2398 998 2452 privatim.
1043 2395 1100 2439 De
1149 2395 1214 2439 illa
1265 2409 1364 2452 ergo
1409 2395 1689 2439 sollicitudine
1722 2398 1841 2438 cavet

215 2477 305 2508 can.
339 2465 436 2520 770,
472 2468 683 2523 positaque
717 2469 962 2523 exceptione
999 2465 1190 2523 baptismi
1237 2468 1385 2522 privati
1435 2465 1486 2509 ab
1535 2465 1656 2508 liuius
1699 2466 1844 2520 capitis

217 2539 383 2587 normis,
418 2535 493 2578 hae
526 2542 757 2593 sequuntur
807 2551 878 2593 pro
930 2536 1133 2593 baptismo
1166 2536 1379 2580 sollemni:
1413 2536 1547 2593 quoad
1583 2535 1671 2579 dies
1708 2537 1745 2578 in
1780 2546 1843 2578 ca-

218 2618 322 2648 none
355 2605 454 2660 772,
487 2606 620 2663 quoad
659 2606 792 2650 locum
832 2620 929 2650 vero
973 2609 1011 2649 in
1056 2608 1218 2657 ceteris,
1254 2606 1426 2663 illasque
1469 2606 1679 2649 ordinarie
1727 2616 1843 2660 prae-

216 2674 402 2719 scribunt
435 2688 524 2718 cau.
559 2676 657 2730 773,
691 2677 787 2729 774,
823 2677 1154 2721 extraordinarie
1197 2689 1287 2719 can.
1321 2676 1418 2728 775,
1453 2690 1526 2733 pro
1566 2674 1841 2733 quorumdam

220 2759 316 2788 vero
351 2745 445 2788 tiliis
480 2746 540 2788 vel
576 2746 626 2789 de
662 2746 737 2790 loci
771 2745 981 2791 Ordinarii
1016 2749 1284 2791 concessione
1319 2746 1424 2789 latus
1457 2751 1517 2790 est
1550 2759 1639 2790 can.
1675 2745 1771 2788 776.

338 2817 403 2859 59.
437 2818 723 2863 Sollicitudo
757 2820 803 2862 in
839 2819 1155 2875 parvulorum
1189 2819 1456 2873 baptismo.
1480 2843 1507 2847 —
1543 2817 1617 2859 l'ro
1652 2815 1713 2858 liis
1751 2829 1771 2855 ((
1793 2814 1842 2857 ad

217 2899 319 2943 quos
352 2899 448 2930 cura
486 2892 754 2930 ueonatorum
793 2891 1010 2944 pertinet»
1051 2886 1288 2945 (videlicet:
1336 2890 1440 2930 inter
1479 2887 1551 2931 hos
1585 2888 1718 2944 primo
1750 2889 1843 2927 sunt
