1971 3261
172 153 266 190 Gan.
293 153 364 188 889
691 152 775 186 T1'r.
803 151 870 186 IV.
900 172 911 178 -
939 152 995 187 De
1034 153 1278 187 Poeniteutia
1731 148 1802 182 249

173 276 314 317 eareat
332 285 404 329 pro
424 276 609 328 tempore
637 273 822 325 urgentis
853 273 1062 328 sequentis
1087 272 1316 326 praecepti:
1353 283 1402 311 ne
1428 268 1544 311 verbo
1578 273 1650 310 aa!
1684 267 1804 323 siquo

173 342 333 401 (verbis
365 341 689 398 aequipollente)
715 345 877 397 praeter
899 354 942 384 se
967 342 1141 384 faciente
1176 343 1213 383 in
1238 340 1409 383 alterius
1433 341 1488 383 rei
1523 341 1800 395 coguitionem

178 415 332 465 venire,
367 418 442 455 aut
474 411 560 455 alio
581 409 739 469 *queris
774 410 890 453 mode
919 425 954 455 v.
990 425 1050 467 gr.
1074 425 1117 454 se
1140 410 1310 467 gerendi
1346 410 1465 453 aliter
1500 423 1546 453 ae
1572 411 1684 465 prius
1707 422 1801 451 cum

175 486 424 541 poenitente,
458 482 618 540 aliquas
664 481 848 525 cautelas
895 494 1033 525 eoram
1069 482 1158 525 aliis
1195 481 1410 535 adhibens,
1450 480 1511 524 vel
1559 482 1805 522 monitiones

170 555 284 610 dans,
319 559 358 596 ec
390 552 537 611 quavis
570 551 620 595 de
663 565 807 604 caasa,
838 551 1021 595 scilieet:
1056 554 1215 595 etiamsi
1250 551 1299 594 ad
1340 551 1551 594 vitandum
1601 551 1797 606 gravissi-

174 639 285 669 mum
322 624 476 668 malum
524 623 783 675 confessarii,
820 624 1081 678 poenitentis,
1132 622 1223 665 boni
1260 622 1411 678 publici
1462 624 1582 665 etiam
1635 622 1727 664 tidei
1763 625 1801 663 et

176 709 350 749 morum,
386 695 436 739 ad
471 696 792 751 eorreptionem,
816 693 865 735 ad
900 695 1176 736 conscientiae
1202 695 1392 749 propriae
1414 694 1738 735 satisfactionem
1764 693 1801 733 in

175 767 369 825 gerendis
402 768 578 823 propriis
626 763 967 821 obligationibus2
1023 767 1161 821 «quia
1196 777 1273 807 nou
1311 768 1472 807 tenetur
1512 762 1711 806 adhibere
1747 775 1808 804 re-

177 838 374 893 medium,
420 839 495 880 nisi
545 850 592 880 eo
642 835 764 879 modo
812 848 893 891 quo
942 834 990 877 ad
1029 837 1160 890 ipsum
1206 835 1392 877 del'ertur
1427 834 1484 891 (id
1520 834 1625 890 quod
1676 836 1804 875 vitare

174 913 347 966 oportet,
386 907 448 952 vel
484 907 669 951 remedio
702 905 873 962 curari).
910 905 1027 949 Unde
1052 907 1089 947 in
1116 905 1177 947 liis
1200 918 1304 962 quae
1328 905 1377 948 ad
1405 907 1535 961 ipsum
1562 906 1807 947 deteruntur

176 982 214 1023 in
249 980 335 1023 fero
370 980 660 1036 poeniteutiae,
692 976 813 1020 debet
850 979 887 1019 iu
923 976 1068 1019 eodem
1105 977 1206 1025 soro,
1242 978 1485 1033 inquantum
1511 980 1655 1031 potest,
1689 973 1803 1016 adlii-

177 1050 273 1094 bere
307 1049 536 1094 remedium
558 1064 604 1100 »ς
654 1061 732 1091 nou
768 1052 883 1090 extra
920 1046 1018 1089 illud
1055 1051 1172 1102 prout
1210 1046 1361 1102 patebit
1397 1049 1433 1088 in
1469 1059 1559 1088 ean.
1601 1048 1800 1102 sequenti,

175 1124 248 1165 etsi
287 1138 308 1162 «
341 1123 474 1164 omnis
506 1122 686 1177 suspicio
723 1121 875 1162 vitetur
906 1118 957 1161 de
981 1119 1251 1161 confessionis
1281 1117 1532 1160 revelatione
1558 1133 1576 1157 »
1607 1117 1633 1156 ¹.
1660 1132 1678 1156 a
1703 1115 1759 1158 Ne
1780 1131 1803 1155 ›>

176 1193 301 1248 igitur
330 1189 499 1248 prodat,
533 1190 642 1247 quod
696 1188 868 1232 verbum
904 1190 962 1231 sie
997 1189 1161 1243 proprie
1196 1187 1382 1243 designat
1431 1187 1802 1229 manifestationem

175 1262 378 1306 adversus
412 1261 650 1304 fidelitatem
676 1259 926 1304 servandam
952 1272 1000 1302 ex
1042 1260 1390 1315 quasi-contractu
1428 1271 1521 1300 eum
1547 1271 1594 1299 eo
1618 1259 1685 1313 qui
1714 1270 1804 1312 per-

174 1338 266 1378 cata
299 1334 533 1386 confitetur,
557 1331 842 1389 aliquatenus,
863 1333 916 1374 ita
941 1335 983 1373 ut
1010 1329 1234 1386 probabilis
1257 1328 1431 1372 aliorum
1458 1330 1637 1384 cognitio
1662 1333 1697 1370 et
1719 1329 1807 1369 l'un-

175 1404 270 1448 data
303 1405 483 1460 suspicio
507 1402 783 1446 excludantur
807 1401 941 1458 quoad
961 1404 1241 1459 peecatorem.
1266 1399 1446 1443 seilicet:
1472 1399 1701 1442 subiectum
1743 1411 1803 1439 sa-

174 1477 375 1519 cramenti
411 1476 687 1531 poeniteutiae
721 1473 856 1531 quoad
897 1473 1211 1523 confessionem,
1237 1476 1275 1513 et
1299 1469 1527 1513 formaliter
1553 1475 1591 1512 ut
1623 1474 1804 1511 actorem

178 1548 374 1590 materiae
407 1544 531 1602 sigilli
564 1543 890 1593 sacramentalis,
927 1546 1023 1601 quia
1063 1558 1082 1583 «
1107 1556 1185 1585 non
1211 1541 1418 1598 obligatur
1442 1541 1613 1584 audiens
1647 1543 1805 1583 contes-

176 1619 332 1661 sionem
369 1617 419 1660 ad
456 1616 530 1660 liec
564 1615 673 1674 quod
724 1628 803 1658 non
840 1614 996 1657 revelet
1032 1618 1247 1670 peceatum
1283 1612 1539 1669 simpliciter,
1584 1612 1653 1654 sed
1690 1617 1806 1667 prout

176 1693 237 1732 est
270 1690 308 1731 in
343 1688 599 1731 consessione
633 1686 844 1737 auditum;
880 1685 990 1728 nullo
1024 1687 1131 1728 euim
1168 1697 1263 1727 casu
1300 1684 1440 1726 dicere
1475 1682 1595 1726 debet
1620 1696 1662 1725 se
1696 1682 1810 1725 auili-

180 1761 286 1803 visse
319 1761 357 1801 in
393 1759 650 1802 confessione
686 1773 705 1798 ))
749 1757 863 1815 (eum
912 1756 1095 1813 periculo
1131 1755 1328 1812 prodendi
1377 1758 1665 1810 1‘›et·.eat‹›rem>.
1705 1770 1723 1793 «
1760 1752 1806 1795 Et

178 1830 271 1873 ideo
305 1829 404 1873 illud
428 1829 538 1887 quod
575 1829 696 1871 liomo
736 1828 836 1871 alias
874 1829 963 1880 seit,
997 1829 1085 1869 sive
1119 1831 1211 1869 ante
1231 1826 1548 1873 confessionem,
1582 1826 1670 1866 sire
1707 1828 1809 1878 post,

177 1913 256 1944 uon
291 1904 455 1944 tenetur
488 1899 548 1957 (vi
582 1898 894 1943 sacramentalis
933 1896 1074 1954 sigilli)
1109 1896 1244 1940 celare
1293 1900 1492 1953 quantum
1528 1895 1576 1937 ad
1615 1895 1651 1937 id
1696 1894 1802 1950 quod

175 1974 251 2016 scit
288 1975 330 2015 ut
363 1970 510 2024 homo3
560 1975 691 2026 potest
731 1972 840 2013 enim
875 1970 1036 2013 dicere:
1071 1971 1154 2012 seio
1190 1967 1304 2021 illud,
1338 1969 1433 2024 quia
1481 1966 1578 2008 x‘idi.
1628 1965 1808 2008 Tenetur

175 2047 311 2086 tamen
347 2041 483 2086 celare
518 2041 631 2095 illud,
681 2043 925 2098 inquantum
960 2041 1035 2083 seit
1070 2044 1112 2082 ut
1147 2038 1279 2084 Deus:
1316 2050 1392 2080 non
1428 2039 1536 2080 enim
1585 2040 1713 2092 potest
1747 2035 1807 2077 ‹li-

174 2127 291 2157 eere:
325 2112 412 2169 Ego
445 2113 588 2156 audivi
623 2112 699 2156 hoe
734 2115 772 2155 in
822 2112 1081 2155 confessione
1105 2126 1145 2161 »,
1194 2112 1299 2152 sieut
1333 2108 1590 2152 deelaratum
1640 2112 1696 2150 est
1741 2120 1807 2149 su-

175 2196 261 2241 pra.
301 2183 499 2227 «Tamen
534 2188 702 2240 propter
734 2182 974 2233 scandalum
1014 2181 1226 2224 vitandum
1263 2179 1385 2223 debet
1418 2178 1625 2223 abstinere
1675 2191 1722 2220 ne
1757 2177 1809 2219 de

175 2254 254 2298 hoe
286 2254 490 2311 loquatur,
541 2257 615 2298 nisi
652 2256 863 2298 immineat
913 2254 1135 2296 necessitas
1168 2267 1206 2292 ».
1242 2250 1398 2307 Regula
1452 2249 1571 2293 valde
1612 2249 1807 2305 prudens.

178 2325 290 2369 Haeo
323 2339 372 2369 ex
407 2325 453 2369 D.
489 2325 645 2370 Thema
671 2326 698 2366 ².

295 2394 463 2453 Optime
497 2386 633 2453 arguit
681 2396 727 2440 D.
762 2396 833 2439 Th.
870 2398 883 2418 ³³
924 2412 943 2436 «
976 2395 1157 2451 sigillum
1195 2394 1466 2438 confessionis
1498 2394 1692 2448 competit
1741 2404 1808 2433 sa-

177 2468 350 2522 cerdoti,
383 2470 627 2525 inquantum
667 2473 728 2512 est
754 2470 939 2511 minister
964 2467 1084 2509 liuius
1107 2467 1376 2517 saeraineuti;
1417 2464 1526 2522 quod
1563 2463 1659 2505 nillil
1696 2461 1805 2504 aliud

177 2543 238 2581 est
269 2550 393 2596 quam
428 2537 614 2582 debitum
648 2540 946 2582 contessionem
983 2536 1160 2590 celandi,
1193 2538 1299 2578 sieut
1348 2534 1478 2578 elaris
1527 2539 1585 2577 est
1631 2538 1809 2589 potestas

175 2608 433 2652 absolvendi.
468 2609 621 2653 Tamen
655 2612 761 2653 sieut
784 2608 933 2666 aliquis
967 2610 1034 2665 qui
1061 2620 1138 2650 non
1165 2613 1225 2650 est
1247 2607 1455 2658 sacerdos,
1482 2608 1519 2648 iu
1549 2604 1686 2661 aliquo
1710 2616 1806 2646 easu

179 2681 396 2736 participat
428 2679 584 2738 aliquid
622 2681 673 2724 de
707 2684 801 2723 actu
835 2679 978 2733 clavis,
1015 2679 1112 2722 dum
1147 2679 1446 2721 confessionem
1493 2676 1604 2719 audit
1642 2679 1809 2731 piopter

176 2751 478 2802 necessitatem,
515 2753 568 2794 ita
591 2752 714 2794 etiam
742 2751 957 2806 participat
983 2748 1137 2805 aliquid
1174 2748 1224 2791 de
1248 2753 1342 2791 aetu
1377 2746 1498 2803 sigilli
1525 2747 1807 2794 confessionis,

297 2855 308 2877 ¹
335 2854 382 2889 D.
412 2855 483 2890 Th.
514 2856 574 2890 loe
599 2855 668 2890 cit.
696 2860 770 2889 art.
790 2856 807 2888 1
834 2854 881 2888 ad
907 2854 971 2888 3¹¹³.
997 2874 1037 2878 —
1059 2853 1173 2888 2L00.
1203 2854 1270 2887 cit.
1300 2858 1372 2887 art.
1393 2853 1413 2886 5
1433 2852 1478 2886 ad
1505 2853 1553 2885 *2¹¹¹
1571 2856 1609 2885 et
1639 2851 1677 2884 in
1705 2861 1809 2893 corp.

178 2922 222 2929 --
248 2903 262 2925 3
281 2902 338 2938 Ib.
364 2908 438 2937 art.
462 2903 485 2936 3
511 2914 614 2948 corp.
