1971 3261
0 3042 3 3068 l

0 3097 3 3141 l

0 3148 4 3186 l

0 3194 4 3209 t

1 3227 7 3261 l

630 98 712 132 Trr.
742 98 825 132 VII.
851 118 862 122 -
889 98 945 132 De
974 98 1233 132 Matrimonio
1675 97 1742 131 627

118 220 227 278 quod
278 218 506 262 remedium
556 216 827 260 adhibeatur:
876 217 1078 263 idcirco»
1118 217 1290 273 provide
1328 220 1437 261 cavit
1476 215 1586 259 Trid.
1620 216 1743 260 Conc.

118 292 308 335 edicens:
347 305 369 330 «
391 288 470 341 Qui
506 288 639 341 aliter,
673 301 796 345 qnam
834 293 1049 344 praesente
1085 288 1278 344 parocho,
1306 288 1368 331 vel
1403 287 1482 331 alio
1515 288 1744 341 sacerdote,

119 362 170 406 de
202 363 330 417 ipsius
363 358 530 416 parochi
565 372 636 402 seu
671 356 882 403 Ordinarii
920 358 1098 412 licentia,
1132 363 1170 402 et
1202 358 1378 413 duobus,
1416 358 1477 402 vel
1519 358 1650 402 tribus
1689 364 1745 402 te-

117 432 249 477 stibus
283 431 593 474 matrimonium
628 429 875 473 contrahere
909 429 1182 482 attentabunt,
1216 443 1286 472 eos
1319 431 1357 472 S.
1391 430 1579 484 synodus
1614 430 1662 472 ad
1688 432 1747 473 sic

118 500 448 546 contrahendum
484 499 687 544 inhabiles
723 500 879 543 reddit:
915 505 954 543 et
988 500 1222 543 huiusmodi
1257 506 1495 544 contractus
1540 503 1676 544 irritos
1709 505 1748 544 et

122 572 255 616 nullos
288 585 377 615 esse
410 571 661 614 decernit».

236 642 313 686 Sed
337 643 347 664 ²
374 658 391 682 «
413 642 565 686 accidit
590 646 631 685 ut
656 642 771 698 plura
799 642 903 689 loca,
923 644 959 684 in
980 641 1131 699 quibus
1151 641 1374 697 publicatio
1400 641 1581 697 (Deci-eti
1601 642 1746 685 Conci-

122 713 249 766 liaris)
267 714 370 756 t'acta
392 726 470 755 non
498 713 586 766 fuit,
608 712 808 756 benolicio
829 713 1076 755 tridentinae
1101 711 1203 768 legis
1226 714 1494 763 caruerint‚...
1515 718 1550 755 el
1574 712 1747 755 haesita-

120 783 300 828 tionibus
312 788 435 841 atque
451 783 724 827 incommodis
741 786 892 826 veteris
910 783 1153 839 disciplinae
1172 782 1308 826 adhuc
1321 782 1497 826 obnoxia
1521 788 1746 826 manerent.

244 853 393 897 Verum
430 868 504 898 nec
539 854 606 898 ubi
645 856 775 910 viguit.
809 867 914 897 nova
951 854 1030 900 lex.
1063 853 1223 896 sublata
1258 857 1319 896 est
1351 856 1485 896 omnis
1514 853 1748 898 dillicultas.

119 927 251 982 Saepe
285 938 464 983 namque
497 928 638 981 gravis
670 927 805 968 extitit
837 925 1040 969 dubitatio
1085 927 1122 967 in
1168 924 1429 967 decernenda
1473 938 1643 980 persona
1680 938 1750 982 pa-

122 996 235 1040 rochi
270 1010 350 1054 quo
398 1001 613 1052 praesente
659 998 966 1039 matrimonium
1016 998 1067 1039 sit
1114 994 1489 1039 contrahendum...
1526 995 1750 1039 Enimvero

121 1070 217 1126 quia
252 1080 562 1125 nonnumquznn
598 1067 766 1110 difficile
800 1071 860 1110 est
895 1067 1093 1118 iudicare,
1127 1071 1239 1109 certo
1274 1080 1323 1109 ne
1357 1071 1515 1109 constet
1538 1066 1589 1110 do
1613 1069 1751 1124 quasi-

123 1138 348 1191 domicilio‚
375 1138 482 1181 haud
510 1150 638 1194 pauca
665 1140 925 1181 matrimonia
962 1139 1127 1181 fuerunt
1160 1137 1319 1181 obiecta
1356 1137 1539 1193 periculo
1568 1151 1617 1180 ne
1642 1138 1750 1181 nulla

123 1214 282 1253 essent:
319 1209 445 1252 multa
479 1222 661 1266 quoque,
683 1211 773 1252 sive
807 1211 965 1252 inscitia
1003 1208 1216 1251 hominum
1240 1210 1330 1251 sive
1355 1208 1513 1262 t'raude,
1538 1208 1750 1265 illegitima

124 1294 292 1337 prorsus
325 1285 448 1337 atque
484 1282 597 1323 irrita
630 1279 888 1336 deprehensa
923 1284 1030 1323 sunt.

242 1350 354 1395 Haec
388 1352 545 1394 dudum
580 1351 809 1407 deplorata.
843 1365 892 1395 eo
925 1351 1115 1395 crebrius
1147 1351 1338 1394 accidere
1371 1353 1525 1406 evenit,
1558 1364 1640 1409 quo
1662 1353 1751 1395 faci-

125 1421 203 1465 lius
234 1434 282 1466 ac
316 1422 494 1466 celerius
527 1428 785 1465 commeatus
809 1436 902 1465 cum
928 1421 1120 1478 gentibus
1154 1424 1275 1465 etiam
1311 1422 1647 1465 disiunctissimis
1671 1436 1756 1479 per-

125 1495 321 1537 ficiuntur
345 1509 383 1534 J).
420 1519 472 1524 —
507 1492 594 1536 Hae
625 1497 720 1536 sunt
753 1495 934 1536 rationes
977 1493 1110 1550 quoad
1161 1492 1282 1536 huius
1325 1495 1496 1536 instituti
1531 1493 1582 1536 de
1618 1496 1755 1536 matri-

125 1566 252 1608 monii
287 1563 568 1608 celebratione
602 1565 763 1607 initium
803 1576 851 1607 ac
886 1564 1206 1607 vicissitudines.

245 1635 342 1679 495.
369 1637 622 1682 Canonum
645 1637 877 1682 ordinata
898 1637 1181 1681 distributio
1207 1639 1268 1678 est
1293 1637 1330 1677 in
1355 1634 1459 1678 duas
1483 1639 1633 1692 partes,
1657 1647 1757 1692 qua-

129 1719 218 1751 rum
254 1708 385 1763 prima
421 1706 682 1763 protenditur
716 1719 847 1764 usque
878 1706 928 1749 ad
963 1718 1053 1749 can.
1082 1706 1192 1748 ’1099
1223 1705 1274 1749 de
1309 1706 1439 1748 forma
1473 1706 1757 1761 servanda,ut

129 1779 439 1820 matrimonium
475 1776 613 1820 valide
644 1778 728 1832 fiat,
763 1776 891 1820 altera
928 1790 1025 1820 vero
1058 1789 1080 1820 a
1113 1789 1204 1820 can.
1240 1776 1352 1819 1100
1387 1789 1517 1834 nsque
1550 1776 1598 1819 ad
1635 1778 1756 1820 tinem

128 1848 179 1892 de
212 1847 276 1891 his
308 1861 415 1906 quae
448 1847 739 1892 celebrationis
779 1847 999 1892 liceitatem
1044 1850 1265 1904 attingunt,
1302 1846 1365 1890 vel
1399 1847 1588 1891 eamdem
1623 1847 1763 1891 subse-

128 1923 312 1976 quuntur
359 1918 698 1962 celebrationem.
750 1918 896 1962 Forma
946 1918 1156 1974 praedicta
1206 1920 1391 1961 succinte
1439 1918 1672 1961 ostenditur
1721 1921 1758 1961 in

129 2001 219 2033 can.
242 1989 368 2044 1094,
389 1994 427 2032 et
449 1991 580 2045 magis
598 1989 901 2033 determinatur
921 2003 993 2045 pro
1019 1991 1193 2045 pastoris
1215 1991 1446 2032 assistentia
1468 1991 1505 2031 in
1525 1990 1760 2044 can.1095‚

130 2065 169 2103 et
203 2072 276 2116 pro
309 2059 481 2104 alterius
523 2060 752 2104 sacerdotis
791 2062 829 2102 in
865 2072 954 2103 can.
992 2060 1119 2115 1096,
1152 2059 1263 2103 illius
1299 2072 1396 2102 vero
1431 2059 1583 2103 licitam
1622 2060 1760 2103 mode-

130 2137 246 2175 ratur
277 2133 552 2176 assistentiam
587 2144 678 2176 can.
714 2131 840 2174 1097.
874 2130 1152 2187 Exceptiones
1186 2133 1223 2173 in
1259 2130 1486 2174 can.1094
1523 2133 1602 2174 iam
1637 2143 1763 2173 enun-

132 2205 256 2247 tiatae
288 2207 554 2260 exponuntur
588 2204 626 2245 in
661 2215 751 2246 can.
790 2202 900 2245 1098
934 2215 1007 2259 pro
1041 2201 1305 2245 incommodo
1338 2204 1457 2258 gravi
1496 2201 1762 2245 adsistentiae

135 2276 393 2317 necessariae
426 2273 688 2327 obtinendae,
721 2277 844 2330 atque
879 2275 916 2315 in
952 2285 1041 2317 can.
1068 2272 1180 2315 1099
1205 2272 1340 2330 quoad
1373 2285 1567 2328 personas
1602 2271 1652 2316 ab
1687 2271 1764 2316 hae

133 2345 265 2388 forma
298 2345 506 2388 servanda
541 2347 629 2388 iure
654 2348 881 2400 exemptas.
908 2344 1146 2401 Sequuntur
1169 2356 1349 2387 canones
1372 2343 1422 2387 de
1448 2342 1594 2387 ritibus
1624 2346 1660 2386 in
1687 2343 1764 2387 hac

136 2417 385 2459 matrimonii
421 2415 700 2459 celebratione
732 2415 963 2466 servandis,
998 2419 1038 2458 et
1070 2427 1159 2459 can.
1187 2414 1299 2457 1100
1325 2417 1362 2457 in
1387 2427 1539 2470 genere
1570 2414 1765 2471 loquitur,

134 2497 224 2529 can.
261 2486 367 2529 1101
406 2486 458 2530 de
490 2499 735 2542 sponsorum
771 2485 1075 2539 benedictione,
1102 2497 1191 2530 can.
1220 2484 1332 2527 1102
1367 2489 1564 2542 utrosque
1600 2486 1763 2540 respicit

136 2556 433 2613 praecedentes
468 2570 540 2614 pro
576 2558 850 2600 matrimoniis
883 2558 990 2599 inter
1023 2560 1179 2613 partem
1214 2554 1461 2599 catholicam
1497 2559 1536 2598 et
1568 2554 1766 2598 acatholi-

136 2639 243 2681 cam,
276 2640 324 2670 ac
359 2627 528 2670 ultimus
550 2640 641 2671 can.
669 2627 779 2670 1903
807 2629 1056 2670 matrimonii
1091 2626 1378 2670 adnotationes
1413 2625 1654 2682 praescribit
1679 2639 1763 2667 oin-

138 2700 234 2741 nino
269 2699 493 2742 faciendas.

0 2790 23 3024 ἃ
256 2854 266 2875 ¹
295 2852 507 2887 Decretum
540 2867 553 2881 «
574 2851 629 2886 Ne
658 2857 804 2886 temere
824 2868 837 2882 ι»
871 2852 911 2886 in
939 2853 1026 2887 eius
1054 2852 1185 2886 initio.
