1971 3261
208 163 277 197 580
608 161 693 195 Lm.
721 160 794 194 ΙΙΙ.
823 180 834 185 -
862 160 972 195 PARS
996 160 1028 194 I.
1057 181 1069 186 -
1096 161 1153 195 De
1177 161 1442 196 Sacramentz's
1515 161 1608 197 Can.
1636 161 1838 196 1071-1072

210 280 488 320 matrimonium,
518 283 636 325 utpote
662 284 782 314 contra
812 279 996 314 iustitiam.
1028 278 1115 324 Ergo
1142 279 1406 314 matrimonium
1436 283 1511 325 post
1528 278 1687 314 ordinem
1703 290 1840 314 sacrum

207 344 257 374 est
284 339 432 373 nullum.
461 359 505 364 —
533 337 725 380 Praeterea,
754 338 876 373 nullus
902 349 1031 373 vovens
1057 337 1300 382 (sollemniter)
1338 337 1593 373 continentiam
1633 342 1743 383 potest
1769 348 1840 373 ma-

208 397 414 432 trimonium
442 397 661 432 contrahere.
691 395 757 432 Sed
784 397 928 443 quidam
964 396 1105 432 ordines
1140 396 1307 440 (scilicet:
1348 397 1436 431 sacri
1465 396 1499 430 in
1528 395 1679 431 Ecclesia
1705 395 1841 440 Latina)

209 461 291 491 sunt
318 456 375 502 qui
404 451 535 491 habent
562 460 680 491 votum
709 455 907 500 (sollemne)
935 455 1174 491 continentiae
1200 455 1426 491 adnexum».
1463 455 1550 500 Ergo
1575 455 1656 490 talis
1681 456 1763 491 ordo
1791 456 1840 499 (in

211 516 363 551 Ecclesia
388 515 610 559 occidentali)
636 515 819 550 constituit
845 515 1138 561 impedimentum
1173 515 1343 550 dirimens
1370 515 1648 550 matrimonium.
1672 514 1782 550 Maior
1807 520 1842 549 et

201 575 325 622 ⁴minor
351 579 472 620 patent
498 585 538 609 ex
564 584 639 619 cap.
668 585 728 608 un.
775 574 851 609 «de
879 578 955 609 voto
981 579 1014 609 et
1043 574 1109 609 voti
1150 574 1419 620 redemptione»
1463 574 1499 608 in
1527 573 1564 608 60
1589 572 1660 615 (15,
1687 572 1756 616 ΙΙΙ),
1783 573 1839 609 ubi

212 633 293 669 Urb.
328 632 396 668 Vlll
424 632 473 668 sic
500 632 675 678 loquitur:
707 633 933 678 «praesentis
966 633 1218 668 declarandum
1257 633 1422 668 duximus
1459 632 1599 668 oraculo
1635 632 1840 677 sanctionis,

211 692 296 727 illud
323 692 436 727 solum
464 696 581 726 votum
608 691 733 727 debere
759 691 827 727 dici
854 692 1010 727 solemne
1049 696 1220 737 quantum
1248 691 1291 727 ad
1320 697 1395 738 post
1420 696 1639 726 contractum
1665 691 1843 726 matrimo-

211 751 312 786 nium
339 751 593 793 dirimendum‚
622 751 715 796 quod
742 751 1010 786 solemnizatum
1048 751 1150 786 fuerit
1186 761 1245 796 per
1277 750 1533 796 susceptionem
1568 750 1655 785 sacri
1687 750 1841 794 ordinis;

211 815 271 844 aut
299 821 357 856 per
386 809 636 855 professionem
663 820 862 856 expressam
901 809 953 845 vel
989 810 1130 844 tacitam
1168 809 1294 844 factam
1331 809 1434 844 alicui
1463 809 1504 844 de
1530 808 1760 854 religionibus
1785 819 1844 855 per

211 868 335 904 Sedem
365 867 598 913 Apostolicam
624 868 825 914 approbatis
847 881 876 902 ».
907 866 1008 912 Quod
1035 878 1131 902 nunc
1155 872 1206 902 est
1231 867 1501 912 intelligendum
1519 867 1561 903 de
1578 867 1788 913 professione
1806 867 1843 902 in

211 928 395 963 ordinibus
421 926 463 962 ad
492 937 651 962 normam
679 937 855 962 canonum
884 927 919 961 in
947 926 1032 973 Cap.
1063 925 1104 961 ΙΙΙ
1131 926 1197 961 Tit.
1227 925 1268 961 Xl
1299 925 1370 963 Lib.
1396 925 1419 963 Ι.

334 1011 416 1054 Has
447 1012 563 1055 duas·
599 1013 778 1054 rationes
827 1011 1072 1067 complexus
1119 1016 1179 1054 est
1224 1009 1434 1066 implicite,
1470 1012 1547 1052 iuri
1581 1010 1844 1066 praecedeuti

214 1082 333 1138 plene
366 1094 602 1137 congruens
649 1095 739 1124 ean.
790 1083 922 1125 1072.
971 1080 1164 1124 lmaalz'de
1204 1079 1522 1123 matrim-onium
1561 1080 1687 1124 idest:
1722 1079 1844 1123 huius

214 1158 471 1197 contractum
508 1158 720 1195 allentant
754 1152 804 1195 de
839 1153 961 1205 facto,
997 1152 1255 1209 proindeque
1288 1156 1331 1194 ut
1365 1150 1567 1194 inhabiles
1591 1150 1735 1193 elerici
1759 1156 1844 1194 ian-

214 1229 300 1267 tum
335 1223 378 1266 in
412 1224 548 1266 saeris
597 1222 817 1266 ordinibus
869 1222 1241 1280 «presbyteratus,
1290 1222 1547 1276 diaconatus5
1595 1214 1843 1265 subiacoua-

215 1300 279 1338 tus
298 1311 316 1335 ))
357 1294 464 1352 (can.
501 1294 603 1351 949)
637 1296 759 1338 etiam
799 1306 913 1350 «per
935 1294 1083 1337 saltum
1107 1310 1142 1348 ›>‚
1168 1293 1277 1351 quod
1300 1292 1542 1349 prohibetur
1566 1295 1603 1335 in
1629 1305 1717 1335 can.
1743 1292 1842 1345 977,

215 1365 449 1417 consliluli,
484 1370 521 1408 et
555 1367 748 1422 quamvis
781 1370 923 1408 contra
959 1365 1192 1421 liturgicam
1229 1363 1362 1420 legem
1397 1364 1612 1407 emittendi
1645 1363 1845 1406 sollemne

219 1441 357 1480 votum
393 1436 529 1479 adhuc
567 1438 789 1492 vigentem,
825 1435 964 1479 nolent.
997 1438 1174 1492 positivo
1217 1440 1308 1478 actu
1350 1434 1447 1477 illud
1488 1436 1692 1488 emittere,
1726 1438 1846 1490 prout

217 1507 364 1550 melior
400 1506 687 1562 propugnabat
720 1509 905 1550 anterior
937 1506 1076 1550 Codici
1112 1508 1329 1549 sententia.

334 1576 441 1630 Quid
476 1578 737 1621 sentiendum
773 1578 824 1620 de
858 1577 925 1621 illo
959 1580 1027 1635 qui
1067 1580 1230 1632 «gravi
1282 1581 1392 1620 metu
1442 1580 1610 1619 coactus
1657 1576 1844 1618 ordinem

216 1661 380 1692 sacrum
418 1652 659 1705 receperit»
700 1663 829 1705 usque
863 1649 960 1692 dum
997 1648 1270 1692 ratihabuerit
1301 1660 1417 1691 suam
1453 1647 1755 1690 ordinationem
1784 1644 1846 1688 vel

216 1733 238 1763 e
271 1725 412 1764 contra
447 1721 496 1764 ad
531 1726 682 1763 statum
716 1720 953 1764 clericalem
979 1722 1182 1763 sententia
1202 1719 1351 1763 iudicis
1390 1719 1573 1775 legitime
1597 1716 1847 1774 redigatur?

217 1791 336 1848 Rosp.
373 1794 409 1833 in
446 1792 532 1834 soro
566 1796 739 1834 externo
773 1796 834 1834 est
879 1790 1161 1847 prohibendus
1194 1803 1216 1834 3
1251 1793 1419 1846 nuptiis,
1453 1802 1545 1832 nam
1588 1788 1772 1832 «clerici
1809 1790 1847 1830 in

216 1863 444 1906 maioribus
478 1862 694 1905 ordinibus
727 1865 937 1905 constituti
972 1875 993 1905 3
1015 1865 1168 1918 nuptiis
1200 1866 1453 1914 arcentur»,
1493 1861 1600 1916 (can.
1638 1859 1719 1902 132
1749 1858 1777 1915 ς’
1802 1857 1843 1915 1)

217 1946 433 1991 usquequo
466 1933 743 1989 adimpleatur
778 1935 1079 1989 praescriptum
1115 1945 1204 1976 can.
1241 1931 1323 1974 ⁵214
1357 1931 1384 1989 ἓ
1419 1931 1459 1984 1,
1491 1930 1568 1974 hoc
1593 1934 1652 1973 est
1688 1928 1847 1972 «salvo

218 2007 473 2061 praescripto
508 2004 575 2047 illo
600 2020 638 2048 )>,
672 2003 979 2047 Matrimonium
1015 2009 1152 2047 autem
1188 2008 1293 2046 esset
1330 1992 1514 2045 validum
1547 2001 1775 2044 secundum
1801 2012 1847 2043 ea

217 2089 324 2133 quae
358 2077 540 2119 diximus
572 2075 622 2119 ad
657 2088 747 2120 can.
774 2075 870 2130 914,
895 2079 934 2118 et
965 2077 1062 2132 quia
1097 2075 1219 2118 iudex
1255 2074 1324 2117 dat
1361 2073 1723 2117 «declarationem
1759 2070 1847 2114 nul-

220 2146 342 2189 litatis
376 2160 588 2189 onerum»
627 2145 737 2197 (Can.
780 2146 903 2198 1994,
934 2145 962 2203 ξ
996 2145 1055 2202 Q),
1090 2145 1245 2188 redacti
1280 2143 1329 2187 ad
1364 2147 1514 2186 statum
1550 2140 1736 2184 laicalem
1773 2153 1848 2183 nec

220 2221 386 2276 proprie
426 2222 705 2261 «attentant»
745 2218 1069 2270 matrimonium,
1105 2228 1126 2258 a
1161 2228 1242 2272 quo
1275 2228 1351 2258 nec
1385 2212 1668 2270 prohibentur.

336 2312 601 2347 Confirmantur
626 2317 659 2347 et
684 2311 904 2357 explicantur
929 2321 1018 2356 quae
1045 2309 1257 2356 praecedunt
1282 2307 1427 2343 canonis
1446 2306 1715 2342 declarationem
1743 2315 1844 2349 argu-

220 2373 384 2407 menta¹:
417 2369 550 2406 «Ordo
576 2381 672 2406 sacer
697 2370 739 2405 de
765 2373 816 2405 sui
844 2369 979 2405 ratione
1007 2369 1110 2404 habet
1135 2379 1174 2403 ex
1200 2367 1353 2413 quadam
1391 2365 1632 2411 congruentia,
1661 2364 1751 2410 quod
1780 2374 1848 2398 ma-

215 2431 422 2466 trimonium
451 2430 618 2475 impedire
644 2429 778 2470 debeat,
806 2430 881 2474 (seu
920 2427 1284 2474 incompatibilitatem
1324 2437 1404 2461 cum
1440 2429 1531 2460 statu
1567 2422 1846 2462 matrimonialil‚

217 2490 299 2535 quia
326 2490 362 2523 in
391 2490 498 2524 sacris
525 2489 708 2523 ordinibus
747 2487 926 2523 constituti
967 2498 1065 2522 sacra
1099 2497 1181 2522 vasa
1206 2490 1239 2521 et
1265 2489 1485 2520 sacramenta
1522 2487 1687 2524 tractant,
1715 2486 1748 2516 et
1774 2481 1850 2517 ideo

216 2549 344 2584 decens
370 2552 421 2582 est
460 2552 497 2582 ut
536 2548 746 2582 munditiam
785 2546 1000 2593 corporalem
1041 2556 1100 2591 per
1137 2543 1392 2580 continentiam
1431 2546 1621 2578 servent».
1661 2539 1743 2584 (Sed
1768 2550 1849 2575 con-

216 2607 379 2652 gruentia
407 2618 475 2642 non
503 2611 554 2642 est
581 2607 667 2642 ratio
694 2617 821 2651 cogens
859 2605 901 2641 ad
940 2604 1087 2650 aliquid,
1128 2603 1222 2639 velut
1247 2614 1286 2638 ex
1314 2602 1388 2637 iure
1414 2606 1560 2636 naturae
1592 2599 1849 2644 obligatorium.

219 2666 306 2711 Ergo
333 2676 430 2701 sacer
456 2666 539 2700 ordo
565 2677 633 2711 qua
659 2665 739 2701 talis
765 2676 836 2700 non
864 2664 999 2699 dirimit
1025 2662 1290 2698 matrimonium
1317 2672 1355 2696 ex
1382 2661 1457 2695 iure
1483 2663 1641 2694 naturae.
1672 2658 1850 2693 Praeterea

215 2725 299 2760 ordo
326 2735 423 2760 sacer
450 2735 522 2759 non
548 2730 598 2760 est
625 2723 902 2770 incompatibilis
927 2734 967 2758 ex
995 2722 1069 2757 iure
1094 2722 1214 2756 divino
1239 2732 1318 2756 cum
1347 2718 1585 2759 matrimonio,
1613 2717 1661 2752 uti
1692 2721 1785 2762 patet
1809 2726 1848 2751 ex

219 2784 390 2819 Ecclesiae
418 2783 512 2829 praxi
541 2783 776 2829 permittentis
801 2787 883 2818 ante
909 2780 1071 2817 Codicem
1100 2774 1260 2815 uxoratos
1289 2778 1444 2813 ordinari
1466 2778 1502 2811 in
1520 2776 1641 2819 sacrm,
1661 2774 1850 2810 dummodo

339 2916 350 2937 1
377 2915 424 2949 D.
451 2913 522 2948 Th.
552 2914 623 2948 loc.
650 2914 716 2947 cit.
744 2914 784 2947 in
812 2924 914 2957 corp.
