1971 3261
699 154 782 188 Tl'r.
809 153 874 188 IV.
902 174 913 178 -
940 154 997 189 De
1023 155 1266 189 Poenz‘tentia

1726 157 1796 191 ‘285

214 269 299 307 CAN.
329 269 408 305 916.
446 291 463 296 -
502 270 673 317 Episcopi,
702 271 854 307 Abbates
893 272 944 307 vel

166 317 311 354 Praelati
356 317 499 360 nullius,
543 317 567 352 V
573 318 668 353 icarii
711 330 751 353 ac
780 318 942 354 Praefecti

163 364 354 411 Apostolici
393 369 427 400 et
465 364 667 411 Superiores
695 366 842 401 maiores
868 366 944 401 rcli-

160 412 277 458 gionis
294 411 465 448 clericalis
483 417 671 457 exemptae,
695 418 838 459 possunt
856 414 944 448 desi-

158 470 270 505 gnare
295 463 329 495 et
355 459 530 495 declarare
562 471 672 495 unum
708 460 817 496 altare
845 461 946 506 privi-

162 506 326 552 legiatum
347 507 590 552 quotidianum
612 512 831 553 perpetuum,
848 508 946 542 dum-

164 554 265 589 modo
289 554 384 589 aliud
412 565 481 589 non
512 554 694 595 habeatur,
722 555 756 588 in
793 555 865 590 suis
890 566 944 590 cc-

159 601 277 637 elesiis
303 601 574 640 cathedralibus.
602 602 850 642 abbatialibus.
876 603 943 637 col-

163 648 311 693 legiatis,
340 649 643 692 conventualibus,
675 649 941 695 paroecialibus,

160 696 546 742 quasi-paroecialibus,
568 707 636 732 non
664 702 780 732 autem
810 697 844 731 in
872 708 945 732 ora-

162 743 261 778 toriis
302 743 449 789 publicis
488 744 537 779 vel
579 744 844 790 semi-publicis,
875 745 940 779 nisi

161 791 234 825 sint
259 791 425 827 ecclesiae
453 791 635 837 paroeciali
657 792 756 827 unita
776 802 836 827 seu
855 792 944 827 eius-

162 838 242 873 dem
269 838 491 874 subsidiaria.

211 884 295 920 CAN.
318 885 398 920 917.
430 907 446 911 -
475 890 494 928 g
524 886 554 920 1.
587 885 646 922 Die
683 886 942 922 Commemora-

162 933 268 968 tionis
295 934 454 968 omnium
491 933 646 969 fidelium
681 934 939 970 defunctorum.

161 991 283 1016 omnes
309 980 435 1016 Missae
460 982 613 1026 gaudent
643 982 821 1027 privilegio
846 992 885 1017 ac
913 981 939 1015 si

158 1032 275 1063 essent
313 1028 357 1063 ad
400 1028 509 1064 altare
554 1029 813 1074 privilegiatum
853 1029 940 1064 cele-

161 1075 294 1111 bratae.

207 1127 226 1165 §
258 1123 286 1157 1.
317 1121 448 1158 Omnia
472 1123 598 1159 altaria
623 1124 788 1159 ecclesiae
808 1134 868 1170 per
884 1134 941 1159 seo

159 1169 233 1205 dies
260 1170 388 1216 quibus
414 1171 505 1206 inea
535 1171 712 1216 peragitur
730 1171 940 1218 supplicatio

157 1218 402 1263 Quadraginta
420 1217 591 1254 Horarum
611 1223 694 1254 sunt
709 1218 939 1264 privilegiata.

206 1263 297 1300 CAN.
327 1263 407 1301 918.
432 1287 448 1291 -
469 1270 488 1308 ξ
510 1266 539 1301 1.
573 1265 612 1302 Ut
641 1266 814 1302 indicetur
831 1266 940 1301 altare

154 1322 231 1349 esse
259 1312 531 1358 privilegiatum,
558 1313 647 1348 nihil
683 1314 778 1349 aliud
819 1313 938 1349 inscri-

158 1359 273 1400 batur,
310 1360 399 1395 nisi:
426 1361 536 1397 altare
563 1361 831 1408 privile-qimam,
865 1372 938 1407 per—

158 1411 300 1453 petuum
340 1407 393 1443 vel
431 1409 475 1444 ad
502 1415 652 1455 tempus,
690 1409 937 1455 quotidianum

158 1455 215 1490 vel
242 1466 323 1496 non,
340 1457 533 1492 secundum
561 1457 796 1492 concessionis
824 1456 939 1491 verba.

456 1609 493 1614 -—
526 1589 780 1635 descriptarum
808 1599 887 1624 cum
914 1588 1140 1624 distinctione

1065 277 1084 315 ἓ
1112 272 1143 307 2.
1167 273 1229 308 l’ro
1253 272 1365 307 Missis
1392 273 1612 308 celebrandis
1640 273 1673 308 in
1693 274 1792 309 altari

1020 320 1235 365 privilegiato
1261 321 1394 366 nequit,
1421 321 1485 356 sub
1519 321 1661 356 obtentu
1691 322 1793 367 privi-

1020 367 1107 412 legii,
1137 368 1247 403 maior
1284 368 1371 412 exigi
1406 367 1529 403 Missae
1562 368 1793 415 eleemosyna.

1067 413 1151 449 Cn.
1182 413 1261 449 919.
1279 435 1294 439 -
1316 419 1335 457 ἓ
1358 414 1513 451 [Novae
1540 416 1791 461 indulgentiae.

1017 462 1170 496 ecclesiis
1208 462 1311 497 etiam
1353 463 1563 507 regularium
1600 474 1794 504 concessae,

1017 519 1105 553 quae
1133 508 1259 544 Romae
1287 510 1522 555 promulgatae
1549 521 1617 545 non
1645 511 1727 549 sint,
1752 522 1794 545 ne

1018 557 1276 600 pcrvulgentur,
1294 557 1490 591 inconsulto
1508 558 1696 593 (irdinario
1716 558 1791 593 loci.

1064 606 1083 644 ἓ
1109 604 1141 637 2.
1169 603 1204 637 ln
1232 604 1376 638 edendis
1404 605 1514 641 tibris,
1546 605 1683 640 libellis.
1714 610 1794 641 etc..

1016 650 1143 694 quibus
1158 652 1398 685 concessiones
1418 652 1715 694 indulgentiarum
1735 664 1793 699 pro

1017 697 1120 731 variis
1149 698 1307 743 precibus
1326 704 1383 733 aut
1405 699 1469 744 piis
1495 700 1656 744 operibns
1677 711 1791 735 recen-

1015 750 1148 787 sentur.
1163 751 1317 780 servetur
1333 747 1583 792 praescriptum
1600 759 1676 782 can.
1694 746 1789 782 1:³88.

1063 791 1147 826 CAN.
1178 791 1257 827 920.
1276 813 1297 818 -
1317 793 1383 836 Qui
1411 805 1430 828 a
1457 794 1602 829 Summo
1629 794 1793 831 l‘ontilice

1016 838 1278 884 impetraverint
1316 840 1614 885 indulgentiarum
1654 853 1790 877 conces-

1014 886 1129 921 siones
1167 898 1226 931 pro
1260 888 1424 922 omnibus
1464 888 1634 927 fidelibus,
1662 889 1790 932 obliga-

1014 934 1108 968 tione
1147 939 1321 975 tenentur,
1360 935 1424 969 sub
1469 947 1574 981 poena
1623 936 1792 971 nullitatis

1013 982 1145 1025 gratiae
1171 981 1343 1022 obtentae,
1362 983 1561 1018 authentica
1581 984 1791 1029 exemplaria

1013 1029 1215 1063 earumdem
1259 1030 1523 1064 concessionum
1567 1031 1608 1065 ad
1649 1031 1788 1066 Sacram

1016 1075 1322 1111 Poeniteiitiariani
1349 1078 1540 1113 deferendi.

1061 1122 1145 1158 cm.
1176 1122 1256 1158 921.
1301 1145 1317 1149 -
1358 1128 1375 1170 5
1409 1124 1434 1158 l.
1464 1124 1682 1169 lndulgentia
1723 1126 1789 1171 ple-

1013 1171 1114 1206 naria
1133 1181 1296 1206 concessa
1317 1183 1376 1217 pro
1405 1172 1500 1207 sestis
1522 1171 1657 1207 Domini
1681 1172 1790 1208 Nostri

1013 1218 1087 1253 lesu
1107 1218 1235 1253 Christi
1257 1219 1307 1254 vel
1327 1230 1388 1265 pro
1408 1220 1502 1254 festis
1522 1219 1644 1255 Beatae
1664 1220 1792 1255 Mariae

1014 1265 1184 1310 Virginis.
1208 1266 1415 1310 intelligitur
1433 1278 1595 1304 concessa
1613 1268 1790 1303 dumtaxat

1013 1324 1074 1359 pro
1094 1313 1188 1348 festis
1215 1324 1303 1359 quae
1322 1314 1357 1348 in
1385 1314 1585 1349 calendario
1603 1315 1790 1350 universali

1012 1366 1248 1406 reperiuntur.

1059 1412 1077 1450 ἓ
1104 1408 1138 1442 τὶ.
1166 1407 1338 1444 Concessa
1378 1409 1595 1453 indulgentia
1636 1409 1789 1455 plenaria

1012 1456 1063 1490 vel
1099 1455 1257 1502 partialis
1299 1467 1358 1502 pro
1399 1456 1494 1491 festis
1533 1457 1788 1503 Apostolorum,

1605 1588 1692 1624 Can.
1723 1588 1783 1624 911

756 1704 806 1716 .-
834 1694 894 1729 per
919 1684 1088 1729 quosdam
1117 1683 1289 1719 Praelatos
1654 1698 1667 1715 »
1723 1683 1789 1718 912

455 1753 498 1757 -
526 1731 685 1767 facienda
703 1752 746 1756 —

763 1799 806 1804 —
832 1778 897 1813 sub
923 1778 1134 1824 quibusdam
1164 1778 1432 1813 limitationibus
1652 1792 1667 1810 »
1723 1776 1788 1812 913

460 1894 497 1899 -—
525 1884 603 1908 cum
635 1873 878 1909 benedictione
917 1895 959 1898 —
989 1884 1047 1919 per
1074 1873 1226 1908 locorum
1251 1870 1458 1908 Ordinarios
1653 1887 1667 1904 »
1723 1872 1787 1907 914

480 1921 595 1967 papali
627 1921 709 1956 data
856 1898 912 1985 -4
1428 1962 1433 1967 ⁴
1781 1966 1787 1973 .

915 1989 958 1993 —
987 1978 1046 2014 per
1073 1967 1258 2012 Regulares
1653 1981 1667 2000 »
1722 1965 1789 2002 91¹0

234 2015 310 2050 Art.
338 2014 362 2051 l.

168 2062 214 2099 De
240 2062 425 2109 indulgen·
798 2084 841 2088 —
871 2073 891 2098 a
929 2063 1031 2097 certis
1071 2062 1235 2097 Praelatis
1273 2066 1305 2097 et
1345 2062 1379 2096 in
1420 2061 1600 2096 nonnullis

234 2110 362 2146 tiarum
819 2110 973 2146 ecclesiis
999 2109 1256 2154 designandum
1652 2123 1665 2140 »
1721 2107 1787 2143 916

152 2157 378 2194 concessione
392 2181 436 2185 —
453 2178 495 2183 —
510 2168 570 2203 per
578 2158 687 2194 altare
699 2159 765 2205 pri-

475 2205 676 2250 vilegiatum
735 2227 841 2232 -——-
864 2217 885 2241 a
911 2206 985 2241 iure
1651 2219 1665 2236 »
1721 2202 1787 2238 917

793 2321 839 2326 -
873 2311 941 2347 quo
980 2300 1081 2335 modo
1119 2299 1362 2340 indicandum,
1402 2310 1441 2335 ac
1480 2309 1598 2335 conse-

816 2359 928 2394 quens
955 2348 1097 2383 vetitum
1650 2362 1664 2378 »
1720 2344 1786 2380 918

793 2464 835 2468 -
865 2442 1100 2488 pervulganda
1651 2455 1665 2473 »
1720 2439 1786 2474 919

451 2511 493 2516 -—
522 2490 705 2526 recentiori
732 2470 790 2557 -4
1285 2535 1290 2540 .

794 2558 835 2562 -
864 2548 984 2572 norma
1011 2536 1194 2576 servanda,
1223 2540 1258 2570 ut
1284 2535 1363 2571 illae
1390 2536 1527 2571 valeant
1651 2550 1665 2567 »
1721 2533 1787 2569 920

716 2650 765 2658 1—
796 2631 907 2678 quoad
945 2630 1138 2665 clausulam
1176 2640 1236 2675 pro
1272 2629 1368 2665 festis
1401 2641 1441 2665 ac
1475 2630 1597 2666 diebus
1649 2645 1663 2661 »
1719 2628 1779 2663 921

450 2701 492 2704 —
512 2680 682 2726 interpre-
715 2657 718 2751 i
815 2726 820 2731 .
1210 2726 1216 2731 ⁵

472 2727 580 2763 tanda
668 2749 702 2753 —
723 2748 764 2753 ——
792 2737 883 2762 eirca
910 2736 1027 2761 earum
1057 2725 1323 2761 translationem
1649 2738 1663 2756 »
1718 2722 1785 2758 922

716 2757 765 2847 i—
793 2821 905 2868 quoad
933 2825 1070 2867 tempus
1099 2820 1262 2856 visitandi
1291 2820 1472 2856 ecclesiam
1650 2833 1663 2851 ι)
1718 2817 1783 2853 923

451 2936 493 2944 -
520 2917 746 2964 quandonam
773 2915 852 2951 illae
878 2919 1014 2951 cessant
1041 2914 1093 2950 vel
1120 2925 1191 2950 non
1609 2909 1611 2911 ’
1646 2927 1661 2945 »
1717 2910 1783 2947 924
