1971 3261
79 144 173 180 Gan.
202 141 401 178 1078-1079
609 140 693 173 TIT.
727 139 810 174 VlI.
839 160 852 165 -
879 140 935 174 De
962 140 1220 174 Matrimonz'o
1641 140 1712 173 595

83 264 249 321 proprie
304 259 651 304 matrimonialem
701 263 960 302 contractum
1009 258 1174 301 dirimit
1230 271 1498 314 personarum
1550 259 1713 302 illarum

83 344 207 378 eausa
253 332 298 375 in
329 331 466 388 primo
513 334 552 372 et
585 327 765 372 secundo
810 328 951 385 yradu
990 328 1129 371 lineae
1176 334 1316 371 rectae
1347 332 1718 385 consanguinitatis

85 405 135 448 de
168 416 248 461 qua
281 404 433 455 statim,
458 400 500 457 a)
533 400 646 443 inter
680 399 814 442 virum
847 401 916 456 qui
952 399 1196 442 alterutrum
1221 412 1345 455 supra
1379 400 1535 444 dictum
1573 400 1718 444 litteris

84 474 125 532 a)
159 479 199 518 et
233 473 274 531 b)
310 473 616 529 perpetraverit
648 476 687 513 et
720 469 1057 526 eonsanqquineas
1092 469 1283 512 mulieris
1327 484 1420 513 cum
1455 484 1535 528 qua
1573 485 1716 527 perpe-

84 547 222 595 travit,
260 543 301 601 b)
337 557 386 586 ac
418 542 505 585 viee
539 555 670 595 versa,
695 541 803 598 quod
841 542 973 583 innuit
1006 540 1162 596 aliquid
1199 541 1309 583 aliud
1337 542 1517 584 nondum
1553 556 1720 598 expres-

85 629 190 668 sum,
225 627 396 671 nempe:
424 616 530 657 inter
563 614 789 669 praefatam
827 611 1042 655 mulierem
1080 615 1119 654 et
1152 614 1482 667 consanguineos
1514 613 1716 669 designati

85 698 207 743 supra
247 687 338 728 viri.

205 756 303 801 477.
324 757 730 813 Impedimentum
749 755 1022 812 spiritualis
1045 756 1370 810 cognationis.
1391 780 1445 784 —
1465 755 1586 798 (Ione.
1607 755 1717 798 Trid.

86 831 145 872 sic
169 827 384 886 loquutum
410 831 471 871 est
491 826 528 868 ¹:
558 843 579 867 ι(
603 825 730 870 Docet
753 827 1027 882 experientia,
1052 828 1219 881 propter
1245 825 1551 868 multitudinem
1588 827 1720 883 prelii-

89 899 305 954 bitionum,
339 897 548 941 multoties
582 900 619 940 in
654 896 819 941 casibus
845 895 1062 953 prohibitis
1097 898 1336 952 ignoranter
1368 897 1553 940 conti-alii
1582 902 1719 941 matri-

91 972 240 1024 monia,
266 971 303 1012 in
338 968 490 1027 quibus
527 968 589 1012 vel
625 981 704 1011 non
738 970 827 1011 sine
862 980 1012 1024 magno
1048 972 1217 1023 peccato
1251 973 1559 1023 perseveratur,
1587 969 1648 1011 vel
1675 982 1719 1012 ea

89 1054 169 1084 non
212 1042 300 1084 sine
344 1053 493 1096 magno
536 1038 732 1084 scandalo
775 1039 1042 1083 dirimuntur.
1087 1037 1234 1082 Volens
1279 1041 1416 1095 itaque
1459 1040 1496 1084 S.
1532 1041 1723 1096 synodus

89 1112 185 1156 huic
220 1113 484 1156 incommodo
509 1111 747 1168 previdere,
771 1118 811 1154 et
844 1123 865 1153 a
889 1112 1149 1167 cognationis
1171 1110 1399 1167 spiritualis
1425 1112 1723 1167 impedimento

91 1185 304 1240 incipiens,
339 1185 524 1226 statuit»
565 1182 673 1225 illius
714 1184 973 1238 cognationis
1006 1183 1309 1225 restrictionem
1349 1182 1484 1239 quoad
1530 1196 1725 1238 personas

92 1256 246 1310 pariter
278 1267 327 1297 ex
362 1254 690 1297 confirmationis
723 1266 847 1310 quam
892 1266 941 1295 ex
978 1252 1168 1309 baptismi
1214 1257 1489 1308 sacramento,
1527 1254 1725 1310 implicite

91 1325 298 1382 derogans
347 1324 640 1368 matrimoniali
674 1323 798 1367 huius
844 1326 1103 1380 cognationis
1137 1324 1434 1380 impedimento
1479 1327 1585 1368 inter
1626 1326 1726 1369 alias

94 1408 304 1453 personas.
330 1396 444 1440 Sicut
480 1396 673 1444 vidimus,
698 1400 784 1438 tum
811 1397 848 1438 in
885 1407 975 1439 can.
1002 1395 1086 1438 768
1111 1400 1196 1438 tum
1233 1398 1271 1438 in
1306 1409 1397 1439 ean.
1423 1396 1504 1440 797
1538 1400 1724 1440 restricta

91 1468 165 1510 fuit
198 1466 266 1510 illa
298 1468 503 1523 cognatio,
537 1466 697 1510 sublata
733 1468 1078 1522 compaternitate
1101 1479 1368 1524 quacumque
1401 1467 1630 1523 spirituali:
1655 1468 1724 1511 sed

92 1538 142 1581 ad
177 1537 522 1594 impedimentum
548 1536 658 1580 illius
690 1537 933 1591 deveniens,
957 1537 1139 1580 fortassis
1162 1550 1211 1580 ex
1238 1539 1394 1581 motivo
1420 1551 1491 1594 per
1513 1534 1726 1596 Synodum

92 1607 375 1652 Tridentinam
410 1621 622 1665 expresso,
646 1608 756 1666 quod
783 1610 820 1650 in
846 1608 1162 1652 confirmatione
1186 1607 1322 1652 adhue
1351 1613 1412 1652 est
1446 1608 1579 1664 facile,
1604 1610 1728 1653 edicit

94 1693 184 1723 eam.
220 1682 352 1723 1079.
388 1678 454 1722 Ea
488 1684 651 1722 tantum
698 1678 943 1736 spiritualis
986 1679 1194 1736 eoqqnatio,
1227 1679 1395 1723 exclusa
1443 1682 1568 1737 igitur
1600 1680 1730 1724 altera

94 1756 198 1795 ean⁸.
243 1751 343 1806 797,
388 1749 704 1794 matrimonium
754 1763 825 1807 pro
874 1754 1089 1793 contractu
1135 1750 1452 1807 intelligendum
1490 1751 1640 1795 irrita!
1681 1751 1732 1795 de

95 1835 177 1879 qua
211 1821 253 1864 in
288 1835 378 1864 can.
413 1823 519 1876 768,
554 1820 735 1865 scilicet:
771 1823 1017 1877 paternitate
1057 1833 1105 1864 ac
1139 1821 1337 1865 filiatione
1370 1821 1590 1878 spirituali,
1625 1836 1731 1880 quae

97 1897 271 1949 utraque
306 1893 498 1948 provenit
531 1906 580 1935 ex
616 1894 956 1949 regeneratione:
991 1896 1115 1949 atque
1151 1891 1464 1946 rationabiliter,
1499 1895 1595 1950 quia
1630 1893 1731 1937 llaec

95 1963 181 2006 sola
218 1975 358 2006 veram
393 1962 708 2006 similitudinem
744 1964 894 2006 retinet
925 1975 1022 2006 cum
1070 1963 1274 2019 corporali
1309 1965 1591 2020 generatione,
1625 1977 1732 2021 quae

98 2039 140 2077 ut
174 2034 355 2079 vidimus
390 2033 634 2077 naturaliter
678 2033 823 2077 fundat
865 2035 1154 2090 cognationem
1201 2036 1586 2091 consanguinitatis.
1629 2033 1733 2078 Hinc

98 2109 244 2163 sponte
279 2106 368 2148 lluit
401 2106 670 2160 interrogatio
708 2104 840 2147 soluta
878 2118 949 2161 per
990 2103 1214 2148 Commism.
1254 2104 1367 2148 Pont.
1402 2105 1453 2149 ad
1478 2104 1591 2150 Cods.
1626 2112 1732 2149 can⁵.

98 2176 211 2220 auth.
247 2175 580 2233 interpretandos
604 2175 641 2218 2:
672 2174 860 2220 «Utrum
896 2178 1087 2232 cognatio
1120 2177 1347 2232 spiritualis
1370 2181 1465 2220 ante
1497 2176 1606 2220 diem
1634 2177 1732 2220 Pen-

98 2251 275 2291 tecostes
307 2249 403 2291 anni
440 2247 552 2290 1918
585 2252 796 2291 contracta
836 2247 948 2298 ‚ultra
997 2250 1197 2291 terminos
1229 2260 1338 2291 nunc
1387 2260 1408 2290 a
1443 2261 1552 2291 novo
1584 2247 1734 2292 Codice

99 2318 293 2362 definitos
325 2319 363 2361 in
399 2331 490 2362 can.
525 2318 610 2361 768
644 2318 858 2376 (idemque
891 2319 1055 2362 dicatur
1087 2319 1138 2362 (16
1170 2318 1300 2362 altera
1333 2331 1383 2361 ex
1418 2319 1735 2362 confirmatione

99 2391 188 2432 sive
222 2391 328 2432 intra
361 2391 452 2432 sive
485 2389 591 2433 ultra
626 2392 826 2433 terminos
848 2390 1128 2447 6311.797),3
1164 2390 1349 2446 praefata
1385 2389 1646 2433 Pentecostes
1669 2389 1736 2432 die

100 2473 151 2504 an
176 2462 264 2516 ipso
287 2460 436 2509 facto‚..
461 2464 623 2503 tantum
646 2460 808 2504 desinat
831 2474 920 2504 esse
945 2460 1288 2517 impedimentum
1314 2461 1363 2504 ad
1391 2461 1737 2504 matrimonium?

101 2530 247 2588 Resp.:
281 2530 532 2574 affirmative
564 2530 615 2574 ad
649 2531 790 2586 (hanc)
833 2531 1059 2575 secundam
1102 2535 1326 2588 partem».
1369 2530 1425 2574 lta
1470 2544 1606 2587 porro,
1640 2533 1734 2587 quia

104 2605 294 2644 manente
326 2600 529 2658 spirituali
563 2604 810 2658 cognatione
843 2602 1104 2646 considerata
1140 2603 1177 2645 in
1204 2602 1492 2659 praecedentis
1526 2604 1627 2645 iuris
1663 2604 1734 2643 im<

103 2672 353 2729 pedimento,
389 2672 491 2717 haec
524 2675 690 2717 irritans
723 2673 946 2731 prohibitio
990 2675 1114 2717 futuri
1151 2676 1401 2717 matrimonii
1436 2674 1511 2717 suit
1557 2676 1593 2716 in
1631 2686 1737 2715 nexo

104 2744 256 2788 Codice
288 2743 501 2800 derogata.

108 2896 171 2931 CO
216 2849 362 2931 {0333
377 2850 410 2888 ⁶2,
441 2860 535 2883 sess.
563 2848 697 2883 XXIV
725 2849 770 2883 de
797 2849 881 2885 Res.
907 2850 1164 2884 matrimonii.
1184 2871 1227 2875 —
1246 2850 1260 2872 2
1284 2849 1341 2884 2-3
1367 2850 1456 2884 Iun.
1490 2849 1593 2889 1918,
1623 2849 1732 2892 IV·8;

179 2924 185 2931 .
261 2925 267 2938 ,
342 2903 374 2930 6.
