1971 3261
106 121 174 154 152
499 120 583 153 Lm.
613 119 683 152 ΠΙ.
714 138 725 143 -
753 116 863 153 PARS
892 118 922 152 I.
951 138 963 143 -
990 118 1047 153 De
1071 118 1336 153 Socer-amentis
1541 117 1635 153 Can.
1661 117 1733 152 824

107 239 288 283 minibus
323 238 564 295 intelligitur
596 251 718 281 omne
752 237 851 280 illud
888 239 1006 280 cuius
1040 239 1216 293 pretium
1253 241 1384 293 potest
1407 239 1581 293 pecunia
1614 239 1733 280 aesti-

108 312 225 355 mari.
276 310 472 367 recipere,
509 311 562 352 ita
597 313 640 351 ut
681 308 731 350 ad
767 309 895 350 instar
927 311 1179 361 contractus,
1214 307 1267 350 do
1300 312 1342 350 ut
1375 307 1515 361 facias,
1546 311 1738 350 teneatur

108 383 261 424 virtute
296 382 472 423 iustitiae
505 379 554 422 ad
590 377 845 435 singularem
879 378 1067 421 eamdem
1102 377 1440 434 applicationem.

225 450 447 493 Memor-ata
481 449 653 492 Decreta
690 451 727 490 in
761 448 913 505 quibus
946 450 1128 491 maxima
1163 461 1212 491 ex
1250 452 1363 504 parte
1397 452 1538 504 utpote
1579 448 1736 504 praeci-

107 524 197 577 puis
231 523 292 564 ius
327 520 578 575 praecedens
610 518 899 563 continebatur
931 523 1049 562 sunt:
1100 517 1196 562 Dec.
1251 534 1270 558 «
1294 519 1333 563 S.
1366 517 1409 562 C.
1442 516 1626 573 Concilii,
1671 530 1743 560 au-

108 594 295 635 ctoritate
318 590 471 635 Urbani
501 589 582 632 Vlll
604 605 623 631 ))
649 589 661 612 ¹
696 603 790 633 cum
825 589 1007 647 subseqs.
1043 588 1414 644 Declarationibus,
1448 594 1577 633 const.
1617 604 1637 630 «
1658 587 1740 631 Nu-

109 676 181 718 per
200 678 219 702 1>
272 661 409 704 lnnoc.
461 659 581 715 X112,
616 660 714 704 Dec.
771 676 790 700 ((
810 659 1008 716 vigilanti
1029 675 1049 701 2>
1102 658 1178 703 sub
1226 658 1359 702 Leone
1407 658 1545 713 xlllss,
1600 657 1736 716 quoad

109 730 343 777 orientales
377 731 471 775 Dec.
512 730 657 775 «Cum
693 731 831 786 plures
866 731 1039 774 Praelati
1065 746 1085 772 »
1124 730 1162 773 S.
1197 729 1238 773 C.
1275 729 1325 772 de
1375 730 1491 786 Prop.
1536 729 1667 773 Fide4
1701 732 1741 772 et

111 806 175 846 cui
226 807 507 859 praecesserat
541 801 636 846 Dec.
671 803 710 846 S.
743 801 786 845 C.
823 802 864 846 C.
886 803 914 853 ⁵,
948 806 1074 859 atque
1115 801 1177 844 liis
1223 799 1386 843 (luobus
1434 799 1745 844 Declarationes

112 873 379 932 quamplures
411 878 758 930 supervenerunt.
786 899 840 904 —
864 872 952 916 Hoc
985 877 1240 929 postremum
1279 870 1404 914 Decm.
1429 871 1673 914 translatum
1704 873 1742 913 in

112 950 330 1002 sequentes
363 957 542 988 canones
590 947 648 988 sic
681 946 865 987 enuntiat
911 943 1056 986 harum
1111 942 1246 999 legum
1283 942 1431 984 tinem:
1481 941 1574 985 «Ut
1606 940 1744 985 debita

112 1015 390 1058 sollicitudine
424 1017 642 1058 missarum
678 1013 934 1058 manualium
969 1012 1193 1057 celebratio
1239 1012 1474 1069 impleatur,
1517 1012 1744 1069 eleemosy-

113 1098 258 1129 narum
294 1086 587 1142 dispersiones,
620 1090 659 1129 et
706 1090 1010 1142 assumptarum
1061 1084 1360 1140 obligationum
1411 1082 1642 1127 obliviones
1687 1085 1744 1125 vi-

114 1162 263 1201 tentur.
298 1157 414 1213 plura
449 1159 570 1200 etiam
608 1159 833 1200 novissimo
882 1161 1069 1212 tempore
1102 1156 1146 1199 S.
1195 1153 1344 1210 Congr.
1379 1152 1420 1198 C.
1471 1155 1683 1197 constituit
1706 1169 1746 1198 )).

113 1226 290 1273 Occasio
327 1241 424 1271 vero
459 1228 582 1272 huius
619 1230 781 1272 Decreti
815 1227 1006 1270 additur:
1047 1225 1167 1269 «Sed
1205 1227 1242 1268 in
1277 1229 1387 1268 tanta
1416 1229 1580 1268 nostrae
1602 1226 1750 1267 aetatis

114 1313 253 1343 rerum
288 1311 336 1342 ac
369 1300 626 1343 fortunarum
663 1298 892 1342 mobilitate
927 1302 964 1340 et
999 1301 1211 1340 crescente
1246 1295 1458 1338 bominum
1484 1294 1654 1349 malitia,
1677 1308 1746 1338 ex-

116 1372 315 1427 perientia
349 1371 490 1414 docuit
523 1369 706 1414 cautelas
742 1369 803 1413 vel
830 1371 1009 1412 maiores
1035 1381 1124 1411 esse
1149 1367 1469 1411 adhibendas».
1493 1379 1540 1410 ac
1563 1368 1752 1424 sequitur

117 1442 210 1485 linis
242 1441 364 1485 buius
401 1444 585 1486 Decreti:
626 1445 713 1484 «ut
748 1442 840 1496 piae
873 1439 1056 1483 tidelium
1097 1437 1330 1481 voluntates
1364 1451 1441 1480 non
1493 1437 1748 1491 fraudentur,

118 1527 267 1571 resque
301 1516 407 1556 inter
440 1526 584 1556 omnes
616 1514 862 1569 gravissima
897 1511 1080 1554 studiose
1106 1522 1153 1552 ac
1177 1513 1318 1552 sancte
1352 1506 1671 1552 custodiatur».
1699 1534 1748 1539 —

118 1583 274 1628 Harum
311 1586 436 1641 igitur
470 1583 606 1640 legum
643 1582 979 1640 praecedentium
1016 1582 1261 1623 memoriam
1308 1584 1539 1635 opportune
1580 1581 1751 1622 innuere

117 1657 371 1698 conveniens
404 1657 495 1706 erit,
518 1660 641 1711 atque
674 1657 836 1710 oportet
869 1652 1067 1695 adnotare
1107 1664 1178 1706 pro
1213 1663 1330 1707 posse
1355 1649 1443 1692 illas
1466 1651 1754 1706 praescriptio-

119 1738 190 1769 nes
223 1728 323 1769 iuris
357 1725 655 1782 praecedentis,
690 1736 797 1781 quae
829 1736 924 1766 cum
965 1735 1085 1765 «nec
1118 1720 1313 1777 explicite
1356 1733 1431 1763 nec
1480 1719 1678 1775 implicite
1712 1721 1751 1761 in

119 1795 269 1841 Codice
292 1799 595 1849 contineantur,
623 1797 705 1838 vim
730 1807 895 1838 omnem
919 1795 1105 1836 amisisse
1130 1791 1304 1835 dicenda
1331 1795 1463 1833 sunt»
1487 1790 1594 1847 (can.
1617 1791 1655 1843 6,
1675 1789 1752 1847 6⁰).

239 1868 541 1911 Limitationem
580 1880 714 1923 praec.
750 1866 787 1920 §³
820 1864 1010 1922 statuitg
1037 1864 1073 1907 2.
1103 1862 1274 1916 Quoties
1313 1868 1451 1904 <netem
1489 1860 1647 1918 absque
1673 1860 1753 1904 ulla

121 1941 378 1995 exceptione,
413 1944 451 1982 et
483 1951 749 1996 quocumque
783 1950 832 1980 ex
868 1938 1024 1979 motivo
1060 1939 1131 1978 aut
1154 1933 1326 1977 indulto.
1348 1932 1513 1990 pluries
1537 1932 1662 1975 idest:
1694 1931 1756 1976 bis

122 2015 191 2053 aut
225 2015 286 2053 ter
318 2010 368 2053 ad
405 2022 591 2053 normam
627 2022 717 2052 can.
753 2008 836 2051 806
871 2006 925 2050 ibi
959 1996 1228 2062 explicatam.
1273 2004 1312 2046 ιή
1363 2003 1431 2046 die
1472 2002 1653 2046 celebrat
1691 2015 1753 2046 sa-

123 2080 281 2134 cerdos,
307 2083 470 2124 unicam
507 2080 616 2124 licite
651 2081 795 2135 recipit
829 2077 1133 2133 eleemosynam
1171 2075 1434 2131 regulariter,
1459 2073 1569 2131 quod
1603 2075 1662 2117 sic
1689 2086 1758 2116 ex-

126 2154 340 2208 primitur:
375 2152 411 2194 εἰ
436 2166 559 2194 unam
586 2150 761 2194 Missam
778 2164 829 2192 ex
850 2148 971 2192 titulo
997 2147 1189 2190 iustitiae
1213 2145 1413 2199 debitam,
1440 2159 1477 2186 V.
1502 2158 1561 2201 gr.
1587 2149 1756 2201 propter

124 2223 376 2279 stipendium
412 2228 640 2278 receptum,
674 2235 724 2264 ex
759 2220 996 2264 fundatione
1030 2223 1099 2261 aut
1125 2217 1342 2271 beneticio,
1367 2215 1514 2259 diebus
1548 2216 1660 2258 festis
1684 2227 1758 2271 pro

127 2293 278 2350 populo
311 2296 565 2351 quicumque
598 2293 647 2336 ad
684 2293 721 2335 id
756 2297 934 2345 tenetur,
967 2292 1073 2333 sicut
1107 2292 1213 2331 esset
1253 2286 1503 2344 «parochus
1525 2288 1595 2343 qui
1621 2285 1758 2342 plures

127 2366 230 2408 sorte
266 2366 478 2420 paroecias
510 2377 641 2421 aeque
667 2362 949 2419 principaliter
974 2362 1109 2403 unitas
1133 2363 1247 2415 regat
1271 2373 1310 2411 >),
1332 2370 1411 2400 non
1436 2356 1623 2400 obstante
1646 2355 1756 2413 quod

132 2452 150 2475 «
177 2448 298 2478 unam
334 2440 491 2478 tantum
527 2434 647 2478 debet
697 2433 946 2490 applicare»
989 2431 1097 2488 (can.
1148 2430 1247 2480 466,
1287 2428 1315 2486 ξ
1364 2428 1419 2485 2),
1467 2430 1537 2484 qui
1585 2425 1761 2482 singulis

133 2506 323 2550 «diebus
356 2508 523 2549 missam
571 2504 936 2549 conventualem»
991 2505 1028 2544 in
1078 2500 1262 2544 Ecclesia
1312 2498 1530 2555 capitulari
1577 2495 1759 2540 celebret

133 2576 466 2634 «applicandam
517 2590 589 2633 pro
639 2573 970 2619 benelactoribus
1003 2575 1040 2615 in
1079 2584 1272 2628 genere»
1312 2569 1420 2627 (can.
1470 2568 1569 2620 417,
1614 2567 1643 2625 ἓ
1690 2566 1757 2624 1);

128 2648 307 2705 denique
340 2661 390 2691 ex
426 2647 505 2690 alio
542 2660 639 2690 vero
673 2651 887 2689 contractu
921 2643 1140 2699 obligatus,
1175 2643 1249 2684 etsi
1285 2639 1385 2683 nihil
1428 2638 1619 2695 stipendii
1656 2638 1758 2680 reci-

131 2722 258 2775 piens,
291 2718 473 2776 applicet
506 2730 600 2761 cum
636 2718 859 2759 intentione
892 2712 1182 2765 satistaciendi,
1209 2717 1305 2754 tunc
1330 2709 1396 2753 ille
1418 2707 1614 2751 sacerdos
1631 2720 1757 2765 prae-

250 2829 259 2847 ¹
286 2826 329 2859 27
357 2825 444 2858 Iun.
474 2824 576 2857 1625.
612 2842 654 2847 —
681 2822 694 2843 '2
719 2822 764 2855 23
790 2821 889 2855 Nov.
920 2819 1021 2854 1697.
1055 2838 1096 2843 -
1131 2818 1144 2839 3
1170 2818 1215 2851 25
1241 2816 1335 2850 Maii
1365 2815 1469 2849 1893.
1498 2834 1540 2839 -—
1566 2815 1580 2836 4
1608 2813 1651 2847 15
1676 2812 1754 2846 Iul.

134 2873 237 2907 laos.
268 2894 308 2896 —
337 2873 350 2893 ²3
378 2874 416 2905 11
449 2871 542 2904 Maii
571 2870 675 2904 1904.
