1971 3261
115 145 209 182 Can.
238 146 330 181 1076
568 144 651 179 ΤιΤ.
680 145 762 179 VII.
790 165 801 170 —
832 146 886 180 De
913 146 1172 180 Matrimonz‘o
1677 148 1746 182 589

114 264 245 300 tionem
284 263 521 310 suppeditant,
561 273 706 308 nempe:
747 263 829 308 quia
855 263 890 297 in
920 263 1145 298 matrimonio
1186 264 1277 299 inter
1314 265 1596 309 consanguineos
1628 276 1742 312 saepe,

117 322 196 359 licet
223 334 294 358 nou
325 332 383 369 per
409 333 445 358 se
471 321 530 357 sed
560 332 619 367 per
644 322 822 357 accidens.
865 322 976 368 proles
1002 328 1062 358 aut
1091 322 1187 358 nulla
1226 323 1386 366 liabetur,
1421 329 1482 359 aut
1507 329 1557 359 ost
1582 325 1747 359 deformis

115 394 155 419 ac
182 383 336 418 infirma.
364 382 429 418 Eae
455 392 577 417 omnes
605 382 756 417 rationes
782 382 972 417 ostendunt
998 383 1357 427 consanguinitatem,
1387 395 1455 429 quo
1479 385 1607 419 arctior
1623 389 1688 426 est,
1709 395 1748 419 eo

118 441 229 487 magis
256 441 519 477 matrimonium
547 440 740 476 excludere.

232 501 268 536 ln
299 501 390 536 linea
417 504 509 536 recta
538 500 804 535 matrimonium
825 505 876 536 est
895 501 1031 536 nullum
1053 505 1309 547 quotocumque
1325 502 1435 546 gradu
1452 504 1543 537 inter
1561 513 1596 537 se
1615 502 1747 537 distent

114 566 321 607 generantes
347 565 379 596 et
405 559 528 605 geniti.
562 559 705 595 Constat
731 570 770 595 ex
809 571 975 605 responso
1010 559 1138 595 Nicolai
1167 560 1177 595 l
1204 561 1246 595 ad
1276 560 1440 605 Bulgaros
1468 561 1501 595 in
1530 572 1598 607 quo
1625 562 1747 607 recipit

113 625 146 656 et
171 619 341 666 approbat
369 618 477 663 legem
512 618 718 654 Caesaream
748 619 784 652 in
813 618 915 653 lnst.³
955 618 996 653 de
1023 618 1171 665 Nuptiis.
1214 619 1359 654 «Aiunt
1385 620 1479 654 enim
1508 620 1619 664 leges:
1662 619 1748 663 Ergo

113 689 185 714 non
211 688 333 714 omnes
361 677 461 712 nobis
500 688 622 712 uxores
659 678 785 713 ducere
821 677 911 717 lieet,
954 688 1035 712 nam
1064 678 1298 723 quarumdam
1326 678 1459 724 nuptiis
1489 678 1665 714 abstinere
1690 679 1747 714 de-

114 737 252 778 bemus:
279 736 370 772 inter
407 748 465 771 eas
502 736 597 771 enim
640 747 803 782 personas
843 747 931 782 quae
960 742 1143 782 parentum
1185 736 1416 772 liberorumve
1454 737 1567 772 locum
1596 737 1686 773 inter
1712 749 1748 773 se

111 796 284 837 obtinent,
315 795 457 842 nuptiae
483 795 641 831 contrahi
671 807 740 831 non
771 800 926 841 possunt,
958 796 1061 830 veluti
1091 796 1181 831 inter
1209 801 1339 842 patrem
1366 801 1399 831 et
1427 797 1548 837 liliam,
1573 797 1623 832 vel
1642 808 1746 832 avum

112 860 145 891 et
172 860 345 901 nepotem,
373 859 518 890 matrem
542 859 575 890 et
603 854 726 895 tilium,
755 854 871 889 aviam
898 859 931 890 et
959 859 1130 900 nepotem,
1158 859 1191 890 et
1219 866 1327 901 usque
1353 855 1395 890 ad
1425 856 1603 890 inlinitum
1629 870 1658 890 «.

231 913 321 949 Haec
350 918 523 959 postrema
550 913 654 948 verba
681 913 908 958 intelligenda
934 924 1008 949 esse
1034 913 1076 949 de
1101 914 1268 958 gradibus
1308 914 1544 960 possibilibus,
1583 915 1657 960 ipsa
1686 926 1745 949 na-

113 978 191 1009 tura
215 973 284 1009 dux
311 978 344 1009 et
366 973 530 1018 magistra
561 984 622 1008 nos
648 973 776 1012 edocet,
818 984 899 1007 nam
940 973 1069 1007 omissa
1107 977 1261 1008 extrema
1286 978 1318 1008 et
1345 974 1519 1019 decrepita
1556 978 1747 1017 senectute,

112 1037 204 1068 certe
231 1043 323 1067 mors
350 1032 556 1067 necessitate
584 1032 724 1078 physica
752 1031 904 1067 excludit
931 1031 1154 1067 matrimonia
1184 1032 1218 1066 in
1247 1032 1471 1067 ulterioribus
1503 1033 1684 1077 gradibus,
1713 1033 1748 1067 in

113 1091 241 1138 quibus
270 1091 513 1137 propinquitas
539 1091 724 1135 sanguinis
752 1101 821 1126 non
849 1090 1002 1137 amplius
1037 1090 1150 1135 urgeri
1192 1095 1302 1137 potest
1330 1095 1365 1125 ut
1392 1091 1492 1135 ratio,
1534 1092 1593 1127 sed
1620 1092 1748 1126 solum-

114 1151 215 1187 modo
242 1151 352 1185 maior
378 1150 550 1196 quaedam
578 1151 772 1186 reverentia
797 1155 831 1185 et
857 1150 1044 1185 diversitas
1070 1150 1207 1185 aetatis.

233 1209 271 1243 ln
304 1208 335 1243 1Ο
361 1208 471 1253 gradu
500 1208 614 1243 lineae
639 1213 753 1243 rectae
778 1213 940 1243 asserunt
961 1207 1030 1242 Do.
1053 1208 1271 1243 unanimiter
1290 1209 1556 1244 matrimonium
1587 1209 1660 1255 ipso
1681 1209 1752 1244 iure

113 1268 264 1303 naturali
294 1268 431 1302 irritum
458 1278 545 1310 esse,
576 1267 663 1302 idest
691 1267 955 1302 matrimonium
985 1267 1075 1302 inter
1097 1271 1228 1313 patrem
1256 1272 1289 1303 et
1316 1268 1440 1312 filiam,
1479 1273 1626 1304 matrem
1653 1273 1686 1303 et
1714 1267 1751 1301 li—

114 1327 214 1362 lium.
244 1325 317 1362 Non
344 1327 472 1361 desunt
498 1326 650 1361 rationes
677 1337 763 1371 quas
789 1326 996 1361 omittimus.
1024 1325 1090 1361 Sed
1119 1326 1223 1361 liuius
1249 1327 1390 1371 signum
1419 1327 1563 1362 evidens
1589 1327 1748 1372 estquod

112 1397 234 1422 omnes
260 1390 380 1431 gentes
408 1385 537 1420 nedum
564 1386 721 1420 excultae
747 1390 780 1420 et
806 1385 938 1421 civiles
967 1385 1025 1420 sed
1064 1385 1168 1420 etiam
1206 1385 1374 1421 barbarae
1412 1386 1455 1421 ab
1482 1386 1545 1422 hoc
1573 1387 1751 1422 matrimo-

114 1445 172 1481 nio
201 1456 342 1492 prorsus
368 1444 572 1485 abhorrent,
603 1444 758 1490 illudque
786 1444 916 1480 babent
943 1449 980 1480 ut
1013 1445 1172 1480 nullum:
1213 1445 1303 1491 quod
1339 1450 1429 1482 certe
1469 1446 1601 1481 indicat
1640 1446 1750 1492 ipsam

115 1510 276 1541 naturam
304 1504 388 1539 illud
403 1503 588 1550 reprobare
602 1515 641 1539 ac
659 1503 808 1539 irritare.
830 1503 985 1539 Tandem
1006 1504 1095 1539 Gen.
1120 1504 1171 1549 (ll,
1192 1502 1251 1548 24)
1274 1504 1362 1540 Deus
1384 1505 1569 1551 praecipit:
1594 1519 1607 1536 <1
1626 1505 1753 1549 Quam-

112 1564 232 1600 obrem
258 1563 434 1609 relinquet
471 1563 575 1598 homo
617 1567 749 1608 patrem
789 1574 892 1597 suum
931 1568 964 1598 et
1003 1568 1150 1598 matrem
1190 1568 1223 1599 et
1249 1564 1452 1599 adhaerebit
1488 1565 1582 1599 uxori
1611 1576 1748 1599 suae».

116 1622 168 1659 Uti
197 1627 287 1659 recte
313 1622 473 1658 observat
502 1621 539 1656 D.
569 1621 631 1656 Tb.
652 1623 663 1644 ²
691 1621 725 1657 id
757 1635 771 1654 «
794 1633 863 1657 non
893 1622 1165 1668 potestintelligi
1186 1628 1357 1669 quantum
1377 1624 1420 1659 ad
1440 1624 1751 1664 cohabitationem,

111 1687 145 1718 et
170 1683 220 1717 sie
246 1686 378 1727 oportet
404 1681 495 1727 quod
523 1681 741 1726 intelligatur
755 1686 928 1727 quantum
948 1681 990 1716 ad
1012 1682 1227 1717 matrimonii
1248 1683 1536 1718 coniunctionem
1555 1697 1586 1718 ».
1607 1682 1753 1718 l'roinde

115 1741 204 1777 Deus
230 1741 295 1777 hoc
322 1740 588 1777 matrimonium
632 1740 822 1786 probibuit,
865 1740 1020 1786 urgendo
1062 1741 1206 1786 positive
1245 1741 1388 1777 vetitum
1426 1742 1599 1777 naturale.
1629 1741 1751 1785 Quoad

113 1801 200 1836 alios
225 1800 355 1845 gradus
382 1811 467 1835 num
495 1799 713 1835 connubium
742 1800 786 1834 sit
813 1800 951 1835 irritum
979 1800 1052 1835 iure
1080 1800 1230 1835 naturali
1260 1812 1318 1836 seu
1354 1801 1511 1847 positivo,
1544 1806 1642 1847 prout
1669 1811 1754 1835 non-

114 1859 201 1895 nulli
229 1859 499 1901 autumant,vel
520 1859 595 1894 iure
615 1863 751 1893 tantum
787 1859 1021 1895 ecclesiastico
1053 1858 1147 1894 iuxta
1177 1860 1326 1894 aliorum
1354 1860 1567 1906 opinionem,
1604 1860 1752 1895 sufficiat

112 1918 247 1955 edicere
275 1917 310 1954 S.
341 1918 444 1964 Alph.
470 1918 617 1954 alteram
646 1918 857 1952 sententiam
887 1929 997 1963 aeque
1025 1918 1239 1963 probabilem
1269 1918 1396 1954 habere
1422 1929 1461 1954 ac
1491 1919 1654 1965 primam.

234 2039 454 2094 Propterea
500 2037 765 2081 laudabiliter
811 2039 1003 2081 redactus
1045 2043 1106 2081 est
1148 2040 1206 2081 sie
1251 2052 1342 2080 ean.
1377 2041 1517 2081 1076.
1562 2038 1590 2096 ξ
1633 2041 1667 2082 1.
1704 2037 1750 2081 In

113 2109 228 2153 linea
259 2114 375 2152 reeta
419 2108 819 2166 consanyuim'laciS,
855 2122 961 2166 quae
1005 2114 1088 2152 est:
1129 2112 1302 2154 «series
1338 2122 1608 2165 persoirarum
1653 2122 1744 2152 suc·

113 2182 275 2224 cessiva
308 2193 484 2238 quarum
521 2192 601 2223 una
635 2194 683 2222 ex
710 2179 837 2223 altera
875 2184 1089 2236 procreata
1125 2184 1230 2222 est»
1258 2179 1574 2222 Ἰηιαίγῖιηοηῖίιυι
1612 2181 1745 2223 forsan

113 2252 164 2295 de
199 2253 305 2295 facto
340 2253 502 2303 initum,
524 2264 597 2294 seu
620 2255 859 2294 contractus
885 2250 1215 2305 matrimonialis,
1241 2251 1410 2293 irritum
1437 2256 1497 2293 est
1521 2251 1749 2294 secundum

114 2322 433 2379 explicationem
468 2335 518 2365 ex
554 2324 643 2365 iure
676 2321 854 2364 naturali
890 2327 930 2364 et
972 2323 1173 2365 canonico
1206 2321 1320 2364 inter
1351 2335 1492 2364 omnes
1528 2321 1618 2364 illas
1662 2334 1751 2378 per-

113 2406 248 2445 sonas,
271 2395 361 2436 sive
394 2392 499 2436 linea
532 2392 822 2436 consideretur
846 2392 1152 2435 aseendentalis
1174 2394 1264 2435 sive
1298 2392 1646 2447 deseendentalis,
1676 2391 1753 2435 hoc

114 2469 198 2508 est:
231 2463 502 2507 ascendentes
535 2468 574 2506 et
606 2462 918 2517 descendentes,
955 2468 1040 2505 tecm
1074 2462 1298 2520 leyitimos,
1334 2477 1505 2519 nempe:
1544 2466 1580 2506 in
1618 2465 1755 2506 matri-

117 2537 254 2578 monio
286 2535 432 2578 saltem
469 2536 656 2592 putativo
690 2536 864 2591 genitos,
893 2539 978 2577 lum
1011 2533 1234 2577 naturales
1272 2534 1492 2578 videlieet:
1520 2539 1750 2591 peractum

114 2607 394 2662 generationis
427 2611 543 2649 extra
578 2605 698 2659 ittud,
732 2607 827 2663 quia
872 2618 1036 2662 semper
1077 2605 1194 2648 adest
1228 2605 1546 2649 fundamentum
1582 2618 1751 2649 consan-

114 2679 327 2734 guinitatis
358 2676 564 2734 huiusque
602 2679 662 2720 vis
696 2678 1008 2720 matrimonium
1032 2676 1220 2719 irritandi
1257 2682 1425 2732 propter
1449 2676 1651 2720 adductas
1687 2688 1747 2718 ra-

118 2750 263 2791 tiones.

235 2901 247 2923 ¹
274 2901 296 2934 4
321 2900 431 2936 Senta.
458 2900 552 2936 dise.
580 2902 627 2936 40
652 2914 689 2947 q.
719 2913 783 2936 un.
813 2913 846 2936 a.
872 2902 908 2935 3.
