1971 3261
106 167 202 205 Gan.
227 167 299 202 916
626 166 712 199 Τιτ.
742 165 807 199 IV.
850 186 860 190 -
891 165 944 201 De
972 168 1214 202 l‘oenitentia
1669 168 1738 201 305

101 276 262 330 'vilegiati
299 283 371 330 agit
408 283 503 318 aliud
533 282 610 318 Dec.
640 281 675 318 S.
707 281 744 318 C.
772 281 953 327 ludulg.¹:
983 283 1040 317 sod
1068 284 1179 319 cidem
1222 284 1283 319 fuit
1322 285 1523 330 derogatum
1567 297 1624 332 per
1661 297 1732 332 seq.

108 344 214 380 Dec.m
240 343 394 379 eiusdem
422 342 566 387 Congr.s
596 341 766 387 posterius
783 341 810 375 2.

229 402 372 437 «1.Αι]
413 400 635 446 lndulgentia
673 400 803 436 Altaris
844 400 1053 446 Privilegiati
1094 403 1246 449 separari
1288 404 1391 449 possit
1423 404 1466 439 ab
1504 406 1738 451 applicatione

104 473 165 498 seu
199 461 312 497 fructu
339 459 520 501 Sacrificii,
547 459 689 505 quando
727 458 948 495 Sacrificium
987 466 1035 495 est
1075 462 1322 497 celebrandum
1365 474 1424 508 pro
1461 464 1667 500 defunctis?
1698 488 1735 491 —

106 520 144 556 ll.
175 522 230 556 An
256 520 376 556 eadem
406 519 626 564 indulgentia
653 518 781 554 Altaris
810 518 1019 564 Privilegiati
1049 521 1200 565 separari
1231 522 1345 566 possit.
1374 523 1515 567 quando
1545 524 1738 561 celebratur

104 579 324 616 Sacrificium
355 590 414 625 pro
440 578 539 619 vivis,
560 578 606 613 ita
633 582 669 613 ut
697 577 919 623 lndutgentia
947 579 1120 624 praedicta
1146 580 1313 625 applicari
1345 582 1449 626 possit
1480 594 1538 627 pro
1564 583 1736 620 defunctis

103 640 148 675 ad
175 639 313 674 libitum
341 636 582 674 celebrantis?
610 657 652 663 -—
680 637 731 672 Ad
760 636 770 671 l
796 641 829 672 et
857 636 881 671 ll
911 636 1074 682 Negative
1096 656 1124 672 ν.
1425 636 1428 639 ’

226 696 432 744 Opportune
457 696 651 732 addiscitur
675 696 766 741 quod
795 695 844 731 sic
873 696 1077 742 proponitur
1108 712 1120 729 «
1143 697 1196 731 lll.
1226 698 1406 740 Quomodo
1440 701 1666 745 intelligenda
1694 704 1736 737 sit

107 757 297 803 inscriptio,
326 768 415 802 quac
441 755 612 802 reperitur
638 755 674 789 in
701 754 879 800 aliquibus
904 755 1075 790 altaribus
1102 756 1205 791 huius
1233 757 1383 791 tenoris:
1421 773 1435 789 α
1455 759 1570 794 Altarc
1601 761 1736 806 privile-

105 817 238 861 giatum
281 827 340 862 pro
379 816 466 850 vivis
503 819 608 861 atque
637 813 885 850 defunctiszl..
917 814 967 848 Ad
997 813 1036 848 ΙΙΙ
1064 814 1324 860 interpretanda
1351 823 1401 852 est
1428 818 1486 859 ita,
1518 825 1551 853 nt
1579 824 1647 854 tam
1678 832 1736 866 pro

105 876 206 917 vivis,
229 875 255 909 si
286 874 474 917 in‘Altari‚
495 875 537 909 de
563 884 631 920 quo
656 873 784 918 agitur,
811 872 937 908 Missae
964 872 1180 908 Sacrificium
1212 886 1270 919 pro
1299 876 1383 910 xiiis
1408 879 1613 923 applicetur.
1631 891 1734 925 quam

107 946 167 981 pro
194 935 380 975 defunctis,
406 934 433 968 si
463 945 524 980 pro
550 933 605 968 his
624 931 658 968 S.
678 931 896 968 Sacrificium
923 933 1130 979 applicetur,
1160 929 1375 979 intelligatur
1400 948 1563 972 concessa
1581 938 1735 974 Plenaria

105 994 348 1039 Indulgentia:
380 1004 440 1039 pro
467 992 555 1028 vivis
589 993 633 1028 ad
669 992 811 1028 moduni
852 992 1116 1035 iurisdictionis,
1147 1004 1205 1038 pro
1232 994 1404 1030 defunctis
1430 996 1470 1030 ad
1500 998 1639 1032 modum
1667 999 1736 1032 suf—

106 1054 205 1098 fragii
226 1066 260 1087 ›>.
292 1052 450 1088 Notanda
476 1052 563 1088 haec
590 1051 694 1087 verba
720 1051 914 1086 conformia
940 1050 1114 1087 canati.
1145 1051 1251 1088 llodie
1278 1053 1453 1089 rarissime
1480 1056 1690 1093 conceditur,
1710 1058 1734 1090 si

105 1123 262 1158 unquam
291 1112 362 1153 fiat,
391 1111 459 1147 tale
484 1111 594 1146 altare
620 1110 878 1156 privilegiatum
909 1121 968 1156 pro
994 1110 1082 1144 vivis
1107 1115 1138 1145 et
1165 1110 1352 1146 defunctis.
1717 1108 1719 1111 ⁴

223 1171 409 1218 Supposita
434 1170 680 1217 applicationis
708 1170 840 1205 fructus
866 1169 1026 1205 sacrificii
1056 1170 1334 1206 indivisibilitate
1359 1171 1403 1206 ab
1431 1172 1650 1215 indulgentia
1670 1174 1738 1219 ple-

104 1231 218 1276 naria‚
248 1231 474 1276 consequitur
508 1230 637 1265 decisio
664 1228 700 1265 S.
729 1229 858 1274 Congr.
890 1229 1190 1273 lndulgentiarum
1209 1231 1235 1263 3.
1269 1245 1282 1261 υ
1308 1230 1340 1264 1Ο
1370 1230 1488 1265 Utrum
1519 1231 1621 1267 Missa
1652 1233 1737 1267 cele-

105 1290 203 1326 brata
229 1290 272 1326 ad
299 1290 407 1326 altare
447 1289 705 1335 privilegiatum
732 1288 776 1323 sit
805 1299 864 1334 per
890 1299 925 1323 se
953 1288 1189 1337 privilegiata„
1209 1289 1258 1323 vel
1289 1300 1427 1325 necesse
1461 1291 1516 1326 sit.
1549 1296 1583 1325 ut
1617 1292 1665 1327 tcl
1693 1292 1740 1326 of-

107 1349 221 1385 ferens
246 1351 506 1395 eleemosynam
534 1348 586 1384 vel
613 1347 773 1383 sacerdos
800 1347 986 1382 intendant
1011 1347 1188 1393 applicare
1217 1348 1433 1393 privilegium
1451 1350 1508 1383 t'...
1539 1350 1589 1384 Ad
1620 1350 1663 1383 1¹1¹
1685 1351 1739 1384 At-

107 1409 278 1444 lirmative
302 1409 343 1444 ad
374 1408 523 1455 primam
552 1411 699 1453 partem,
729 1407 887 1451 negative
913 1407 956 1441 ad
983 1407 1173 1441 secundam
1195 1421 1227 1440 ».

50 1514 52 1516 q
225 1467 381 1513 Denique
408 1466 506 1502 valde
542 1466 697 1501 notanda
723 1470 774 1500 est
802 1475 890 1511 resp¹
921 1473 1012 1511 seq.s
1039 1465 1193 1500 eiusdem
1222 1464 1257 1499 S.
1288 1465 1429 1511 (3011ng
1450 1470 1482 1500 ⁴:
1516 1480 1529 1496 a
1552 1467 1588 1500 ‘20
1617 1466 1735 1502 istrum

104 1527 226 1574 qui....
256 1537 477 1573 quacumque
507 1525 642 1560 ratione
677 1524 934 1569 indulgentiam
962 1524 1081 1559 altaris
1111 1525 1314 1570 privilegiati
1347 1536 1413 1560 non
1443 1526 1604 1567 lucretur,
1632 1528 1736 1573 possit

103 1586 304 1622 satisfacere
341 1585 553 1632 applicando
590 1583 697 1619 aliam
737 1583 993 1628 indulgentiam
1035 1583 1227 1629 plenariam
1259 1584 1433 1619 defunctis
1456 1596 1516 1631 pro
1542 1586 1669 1631 quibus
1695 1587 1736 1621 ad

103 1646 213 1682 altare
241 1645 498 1692 privilegiatum
526 1643 701 1679 celebrare
727 1642 972 1678 debuerati)...
1002 1643 1053 1678 Ad
1082 1642 1130 1677 ‘21¹¹
1158 1642 1320 1688 Negatix'e
1340 1658 1370 1678 ›>.
1403 1644 1543 1690 Propter
1570 1645 1659 1680 hano
1685 1646 1739 1680 de-

103 1705 272 1741 cisionem
299 1703 627 1751 postulatumluit:
661 1716 675 1734 α
699 1701 819 1738 Utrum
857 1702 939 1738 haec
967 1703 1191 1748 responsio...
1220 1703 1263 1737 sit
1289 1703 1511 1749 apocripha?
1537 1709 1629 1740 et...
1659 1716 1737 1750 quo—

105 1765 207 1800 modo
233 1764 308 1811 ipsa
346 1763 525 1799 conciliari
567 1763 675 1809 possit
706 1773 786 1797 cum
814 1761 909 1797 Dec.⁰
933 1762 1088 1797 eiusdem
1117 1761 1151 1797 S.
1178 1762 1320 1807 Conng
1349 1762 1511 1807 tndutgst
1539 1763 1573 1797 in
1601 1775 1668 1809 quo
1694 1764 1734 1799 ad

105 1824 325 1870 quaesitum:
355 1822 422 1867 Qui
452 1822 642 1867 (sacerdos)
671 1821 795 1857 diebus
823 1821 1002 1867 permissis
1029 1832 1099 1856 non
1127 1821 1311 1856 celebravit
1340 1822 1374 1856 in
1404 1823 1617 1867 paramentis
1649 1823 1736 1868 nigri

104 1882 228 1918 coloris
254 1882 290 1917 in
317 1881 427 1917 Altari
467 1881 685 1927 privilegiato
713 1882 821 1926 (quod
853 1881 950 1926 prius
987 1885 1060 1915 erat
1099 1887 1252 1923 necesse)
1278 1881 1320 1915 ad
1348 1881 1597 1926 acquirendam
1626 1881 1738 1916 ludul-

104 1942 260 1987 gentiam
289 1941 497 1988 plenariam,
524 1940 569 1976 ad
595 1939 679 1986 quid
706 1939 876 1975 tenetur?
902 1950 1108 1986 responsum
1137 1939 1218 1974 fuit:
1243 1954 1256 1971 «
1277 1940 1377 1975 debet
1404 1940 1529 1975 lucrari
1558 1940 1739 1985 indulgen-

105 2001 189 2036 tiam
218 2000 413 2047 plenariam
442 2011 501 2046 pro
528 2000 570 2034 iis
596 1998 772 2035 defunctis
797 1999 926 2044 quibus
946 1998 1070 2033 Missae
1099 1998 1248 2033 fructum
1274 1999 1443 2044 applicuit
1470 1999 1582 2042 toties,
1603 2000 1737 2045 quoties

104 2060 228 2096 diebus
255 2071 324 2096 non
354 2059 531 2105 impeditis
561 2070 643 2094 usus
670 2069 740 2094 non
769 2064 819 2094 est
848 2058 1065 2093 indumentis
1092 2058 1180 2102 nigri
1210 2058 1386 2092 coloris».

224 2118 330 2155 Sacra
355 2118 484 2164 Congr.
514 2118 649 2163 lndulg.
678 2116 740 2153 SS.
770 2117 894 2163 Reliq.S
932 2118 1157 2163 praepositas*
1193 2117 1365 2162 proposito
1399 2117 1505 2152 dubio
1537 2118 1734 2163 respondit:

107 2179 296 2226 Responsio
321 2186 374 2214 est
399 2178 612 2214 authentica.
640 2177 676 2212 ln
707 2177 800 2213 Dec.⁰
828 2188 906 2213 vero
932 2177 998 2211 diei
1028 2176 1070 2210 22
1100 2175 1196 2211 Febr.
1231 2174 1316 2211 1847
1344 2177 1587 2212 tantummodo
1618 2176 1736 2212 Sacer·

104 2239 256 2281 dotibus,
280 2250 340 2285 pro
366 2238 494 2285 quibus
523 2237 762 2284 postulabatur
787 2230 834 2272 de
854 2237 988 2271 ratione
1015 2247 1082 2281 qua
1108 2246 1334 2280 compensare
1360 2235 1531 2271 debebant
1551 2235 1736 2281 indulgen-

105 2299 189 2334 tiam
218 2298 347 2333 Altaris
376 2297 586 2342 Privilegiati
613 2297 656 2332 ad
684 2307 789 2342 quam
817 2295 1063 2342 applicandam
1091 2294 1338 2339 obligarentur.
1361 2299 1392 2330 et
1420 2306 1524 2340 quam
1554 2295 1643 2330 bona
1671 2295 1736 2330 fide

103 2362 273 2398 errantes,
302 2368 373 2392 non
399 2361 498 2392 erant
526 2355 661 2397 lucrati,
687 2355 844 2390 concessit
871 2354 907 2389 S.
936 2354 1064 2399 congr.
1093 2359 1129 2388 ut
1155 2354 1393 2399 compensatio
1419 2354 1513 2389 fieret
1543 2365 1601 2399 per
1625 2354 1736 2400 appli-

104 2416 277 2452 cationem
303 2415 447 2451 alterius
474 2405 715 2459 lndulgentiae
742 2413 921 2449 Plenariae
955 2413 1055 2447 toties
1086 2412 1219 2457 quoties
1247 2412 1341 2447 illam
1371 2412 1498 2447 Altaris
1526 2412 1736 2457 Privilegiati

105 2485 175 2511 non
206 2475 341 2510 fuerant
374 2474 509 2509 lucrati.
540 2472 626 2518 Ergo
653 2473 847 2508 necessaria
869 2476 919 2506 est
946 2470 980 2507 S.
1011 2469 1110 2506 Sedis
1136 2471 1322 2506 concessio.

225 2533 346 2578 Quoad
373 2533 541 2579 speciales
566 2531 785 2568 conditiones
805 2532 840 2566 in
863 2530 1032 2577 privilegii
1063 2529 1180 2565 localis
1207 2541 1270 2564 usu
1296 2530 1533 2565 observandae
1549 2535 1630 2565 sunt
1650 2538 1735 2575 seq>

105 2604 262 2634 normae,
292 2593 358 2627 nisi
386 2592 487 2628 aliter
512 2593 547 2627 in
576 2592 672 2628 Brevi
700 2591 936 2627 concessionis
961 2595 1146 2625 statuatur.
1168 2609 1212 2614 —
1236 2590 1268 2623 1Ο
1285 2588 1320 2624 S.
1339 2589 1466 2633 Congr.
1490 2589 1524 2623 in
1547 2588 1705 2624 Leodien.
1724 2590 1736 2610 7

107 2653 284 2700 petitioni:
316 2665 331 2684 «
351 2653 462 2688 An....
494 2652 714 2698 privilegium
742 2650 871 2686 Altaris
905 2662 923 2685 a
951 2648 981 2685 S.
1012 2648 1101 2684 Sede
1135 2660 1338 2684 concessum
1373 2648 1477 2682 sit....
1506 2648 1736 2684 determinato

225 2784 234 2806 ¹
262 2783 307 2817 31
333 2783 418 2818 Ian.
448 2783 539 2818 1848
564 2783 656 2816 Dec.
686 2780 797 2815 auth.
827 2793 864 2814 n.
894 2780 976 2814 348.
1012 2800 1050 2803 —
1077 2779 1090 2800 '2
1116 2780 1137 2813 5
1166 2779 1267 2823 Aug.
1292 2779 1394 2813 1897.
1417 2779 1463 2812 A.
1486 2778 1524 2812 S.
1546 2778 1584 2811 S.
1606 2778 1732 2817 XXX,

104 2831 186 2866 278.
211 2851 250 2855 ——
269 2831 284 2853 3
311 2832 354 2864 12
382 2831 517 2865 Martii
545 2830 649 2869 1855,
677 2841 715 2863 n.
745 2828 828 2863 366.
858 2847 901 2853 —
926 2830 940 2850 ⁴
966 2828 987 2860 2
1014 2826 1108 2860 Maii
1137 2826 1240 2868 1852,
1270 2838 1308 2859 n.
1333 2826 1414 2860 357.
1446 2845 1487 2850 —
1516 2826 1528 2847 ὅ
1553 2826 1598 2858 22
1626 2825 1736 2861 Febr.

106 2878 209 2960 {32}
237 2890 274 2959 ιζ).
302 2877 446 2959 3ἓ294ηά
470 2878 531 2912 3¹¹².
559 2897 604 2903 --
629 2877 643 2899 6
669 2877 715 2910 24
740 2875 816 2909 Iul.
845 2875 946 2915 1885,
979 2875 1023 2908 A.
1049 2873 1087 2907 S.
1118 2873 1156 2907 S.
1185 2872 1332 2916 XVIII,
1363 2874 1416 2907 94.
1448 2893 1487 2897 —
1515 2873 1527 2894 7
1554 2872 1606 2916 27⁴
1627 2873 1732 2917 Sept.

203 2953 211 2969 ‚
278 2952 284 2959 .
393 2953 400 2960 .

189 3004 287 3032 BLAT
309 3019 328 3025 -
353 3003 478 3031 Oomm.
507 3004 593 3032 Text.
622 3003 701 3032 c'od.
726 3002 799 3030 Iar.
825 3001 907 3029 Can.
1615 2998 1652 3026 2o
