1971 3261
163 147 232 180 462
264 122 266 125 ’
564 144 649 177 Lm.
677 143 750 177 111.
779 163 792 168 -
818 143 928 177 PARS
953 143 984 177 1.
1014 163 1026 168 -
1053 143 1110 177 De
1135 142 1402 178 &aeramentis
1517 143 1610 178 can.
1635 143 1795 178 995-696

162 263 349 308 Episcopus
375 260 636 296 ordinationem
664 261 775 296 facere
801 260 1023 307 disposuerit,
1052 271 1184 302 omnes
1212 260 1269 306 qui
1297 260 1341 295 ad
1379 271 1517 295 sacrum
1558 260 1794 296 ministerium

158 321 319 357 accedere
347 320 535 364 volueriut,
566 319 651 355 feria
684 324 808 365 quarta
835 324 916 355 ante
956 319 1067 365 ipsam
1094 319 1362 359 ordinationem,
1392 319 1443 354 vel
1469 319 1610 364 quando
1636 319 1796 365 episcopo

160 379 346 420 videbitur,
373 379 415 414 ad
443 378 618 413 civitatem
646 383 846 414 evocentur.
887 378 1078 424 Episcopus
1103 383 1234 419 autem,
1264 377 1511 418 sacerdotibus,
1538 382 1570 412 et
1596 377 1675 412 aliis
1713 389 1793 423 pru-

157 437 324 474 dentibus
352 437 449 478 viris,
479 437 598 483 peritis
624 437 766 473 divinae
792 437 888 482 legis,
913 448 954 472 ac
984 438 1019 472 in
1046 437 1289 478 ecclesiasticis
1316 436 1560 471 sanctionibus
1585 436 1792 477 exercitatis,

159 497 223 532 sibi
263 496 418 537 adscitis,
448 496 724 531 ordinandorum
763 507 882 541 genus,
923 507 1124 542 personam,
1164 499 1329 536 aetatem,
1369 495 1640 539 institutionem,
1669 506 1794 537 mores,

159 555 355 591 doctrinam
373 560 406 591 et
434 555 537 591 fidem
564 555 751 600 diligenter
778 555 961 600 investiget
986 559 1019 590 et
1045 554 1220 590 effeminet
1239 567 1270 589 >).
1297 553 1394 597 Quae
1413 553 1514 589 verba
1542 553 1688 589 indubie
1705 553 1794 589 desi-

160 619 271 659 gnaut
298 614 617 659 investigationem,
646 618 721 649 tum
749 614 784 648 in
814 613 971 659 personis
997 613 1288 655 ordinandorum,
1315 617 1389 647 tum
1430 613 1465 646 in
1493 612 1703 648 testimoniis
1728 612 1795 648 col-

161 673 257 709 lectis
283 673 525 717 exercendam,
554 673 598 708 ad
626 672 857 708 iudicandum
884 683 928 707 an
957 671 1077 707 omnia
1103 672 1198 707 iuxta
1223 683 1270 706 ss.
1299 682 1452 706 canones
1477 682 1517 706 ac
1548 671 1638 716 leges
1665 671 1795 707 dioece-

161 743 265 767 sanas
294 732 495 778 procedant.
524 731 615 766 Hinc
641 731 771 777 optime
796 733 955 776 arguitur
982 730 1157 775 regulares
1182 729 1327 775 obligari
1355 730 1398 765 ad
1428 730 1699 775 praesentandas
1725 741 1793 766 non

161 791 273 826 solum
313 791 444 826 litteras
483 790 748 832 dimissoriales,
778 801 819 825 ac
857 789 1112 825 testimoniales
1152 789 1203 823 sui
1245 787 1441 834 Superioris
1478 789 1591 834 quoad
1619 789 1724 824 vitam
1764 794 1797 824 et

161 850 269 885 bonos
297 860 421 887 mores,
450 854 484 885 et
509 849 706 890 scientiam,
733 848 792 884 sed
819 849 924 884 etiam
948 848 1190 884 testimonium
1219 848 1306 883 ferre
1332 847 1533 893 specificum
1562 847 1603 883 de
1620 847 1698 883 aliis
1717 858 1798 893 qua-

160 908 319 943 litatibus
344 919 385 943 ae
423 908 710 943 immunitatibus
736 907 916 943 canonicis
954 907 1167 952 regularium
1200 906 1490 947 ordinandorum,
1521 906 1681 952 quamvis
1719 898 1797 952 Epi-

160 977 284 1013 scopus
309 967 444 1002 deferre
470 971 643 1012 oporteret
668 977 787 1002 eorum
814 965 1029 1001 testimonio.

279 1025 324 1061 De
350 1026 452 1061 tertio
477 1025 642 1061 scrutinio
668 1026 703 1060 in
729 1024 844 1060 ordine
870 1024 1034 1072 faciendo,
1062 1024 1215 1060 declarat
1242 1024 1363 1059 lnnoc.
1393 1023 1457 1059 lll:
1488 1038 1505 1057 «
1528 1023 1625 1060 Unde
1659 1024 1696 1059 in
1735 1024 1794 1060 tali

159 1084 386 1130 responsione
414 1084 581 1128 (scilicet:
612 1084 754 1130 quando
793 1083 960 1130 Episcopo
998 1083 1251 1128 interroganti:
1288 1083 1355 1118 scis
1394 1083 1492 1118 illum
1533 1083 1680 1127 dignum
1706 1093 1793 1127 esse,

158 1143 408 1190 respondetur:
438 1148 611 1189 quantum
639 1143 796 1178 humana
825 1143 993 1187 fragilitas
1020 1153 1121 1178 nosse
1147 1142 1242 1183 sinit,
1269 1146 1301 1177 et
1328 1142 1409 1184 scio,
1436 1147 1468 1177 et
1507 1142 1672 1177 testificor
1697 1141 1796 1177 illum

157 1202 201 1238 ad
227 1202 427 1238 huiusmodi
455 1213 544 1238 onus
570 1202 672 1237 officii
699 1213 773 1238 esse
810 1202 988 1247 dignum),
1017 1201 1171 1247 aliquem
1201 1212 1343 1248 peccare
1381 1212 1451 1236 non
1480 1201 1667 1245 credimus,
1696 1201 1796 1236 dum—

160 1261 264 1297 modo
290 1265 412 1296 contra
438 1260 690 1296 conscientiam
717 1271 788 1296 non
813 1260 996 1306 loquatur:
1025 1260 1108 1306 quia
1134 1270 1204 1294 non
1224 1259 1431 1305 simpliciter
1459 1259 1556 1294 illum
1583 1259 1707 1294 asserit
1723 1270 1797 1295 esse

160 1320 317 1365 dignum,
346 1320 406 1355 sed
434 1321 646 1366 inquantum
685 1320 841 1354 humana
869 1319 1039 1364 fragilitas
1067 1329 1168 1354 nosse
1194 1319 1297 1354 sinit:
1327 1330 1407 1353 cum
1436 1318 1547 1358 illum,
1577 1329 1680 1364 quem
1707 1317 1797 1353 indi-

160 1389 269 1424 gnum
297 1390 370 1414 esse
408 1390 478 1414 non
520 1379 628 1420 novit,
654 1378 801 1423 dignum
828 1378 952 1414 debeat
977 1378 1175 1413 aestimare.
1215 1377 1427 1413 Huiusmodi
1454 1387 1534 1422 ergo
1572 1377 1798 1423 responsione

160 1448 279 1473 secure
306 1438 355 1473 uti
385 1438 523 1484 poteris,
552 1438 618 1472 nisi
647 1438 735 1473 forte
760 1437 802 1473 de
842 1437 1051 1482 indignitate
1085 1436 1147 1471 tibi
1175 1436 1369 1472 eonstiterit
1387 1450 1400 1468 η
1433 1435 1671 1482 promovendi.
1698 1434 1798 1479 Quae

162 1497 342 1543 responsio
369 1497 481 1542 magis
507 1497 607 1538 valet,
635 1496 776 1542 quando
802 1507 916 1532 sermo
942 1500 993 1531 est
1018 1496 1060 1531 de
1087 1496 1140 1530 bis
1167 1495 1224 1541 qui
1247 1495 1410 1541 descripti
1439 1495 1627 1530 traduntur
1652 1505 1673 1529 a
1693 1493 1800 1530 Curia

162 1555 320 1602 Episcopi
348 1559 386 1590 ut
418 1555 643 1601 promovendi
682 1559 755 1600 post
781 1555 952 1590 scrutinia
991 1554 1246 1600 praecedentia.
1290 1553 1514 1599 Prosequitur
1538 1552 1656 1588 lnnoc.
1683 1552 1794 1599 Papa:

165 1613 235 1649 «Si
263 1618 380 1649 autem
419 1614 518 1649 illum
558 1614 745 1659 indignum
772 1625 846 1649 esse
872 1613 1052 1658 cognoscis
1086 1612 1272 1659 promotori
1297 1611 1459 1658 Episcopo
1496 1612 1716 1658 (priusquam
1754 1611 1797 1647 ad

160 1674 361 1709 huiusmodi
389 1674 600 1709 scrutinium
627 1673 800 1717 veniatur)
826 1677 957 1708 secreto
983 1672 1123 1707 studeas
1150 1672 1315 1707 nuntiare
1343 1671 1392 1706 vel
1422 1671 1586 1706 intimare
1608 1685 1639 1706 ›>.

281 1746 378 1788 375.
413 1747 488 1791 De
531 1747 759 1791 examine
802 1746 1266 1802 promovendorum.
1301 1769 1353 1773 —
1389 1742 1430 1785 ln
1476 1741 1600 1787 Cone.
1645 1742 1794 1787 Trid.1

160 1816 374 1860 decretum
409 1821 490 1859 est:
531 1815 798 1872 «Regulares
831 1828 997 1873 quoque
1031 1828 1107 1857 uec
1141 1816 1178 1856 iu
1216 1816 1373 1856 minore
1407 1818 1554 1868 aelate,
1589 1826 1664 1856 uec
1707 1815 1796 1857 sine

159 1886 346 1943 diligenti
392 1888 574 1943 episcopi
625 1889 817 1929 examine
859 1885 1117 1940 ordinentur,
1167 1884 1400 1941 privilegiis
1447 1883 1795 1941 quibuscumque,

158 1957 294 2015 quoad
330 1957 420 2012 hoc,
456 1959 619 2014 penitus
652 1956 888 2000 exclusis».
922 1955 1029 1999 Hinc
1063 1969 1142 1998 uon
1176 1956 1428 2011 vigeiit,1iisi
1455 1954 1673 2011 privilegia
1708 1958 1798 2011 post

158 2027 283 2072 Cone.
326 2028 436 2072 Trid.
471 2028 594 2071 alicui
642 2027 830 2084 religioni
872 2027 1030 2070 directe
1063 2039 1274 2070 concessa.
1315 2026 1499 2069 Praesato
1545 2027 1670 2081 igitur
1713 2026 1792 2068 iuri

161 2101 329 2141 omuino
361 2101 555 2155 congruit
587 2101 701 2141 aiens
734 2112 825 2140 caiz.
845 2100 952 2150 996,
985 2098 1013 2155 ἓ
1047 2097 1083 2142 1.
1123 2095 1308 2150 Quilibet
1353 2094 1662 2153 promovendus
1700 2110 1721 2136 (ε
1744 2108 1792 2138 ex

160 2174 357 2213 contextu
395 2168 662 2213 verborum»
709 2168 819 2225 (can.
853 2167 958 2224 950)
1004 2170 1083 2210 iam
1128 2167 1306 2211 clericus
1353 2166 1393 2223 a)
1428 2166 1514 2209 sire
1546 2164 1796 2221 saecularis,

161 2242 284 2283 etiam
319 2242 527 2283 societatis
562 2242 599 2282 in
634 2241 845 2282 communi
883 2240 1113 2281 viventium
1147 2240 1235 2281 sine
1273 2239 1389 2289 votis,
1433 2237 1518 2279 sire
1554 2235 1797 2293 reliqiosus,

161 2313 230 2367 qui
271 2326 290 2351 (ι
315 2316 406 2353 vota
441 2312 699 2366 nuncupavit
733 2312 770 2352 iu
805 2309 943 2366 aliqua
977 2308 1215 2365 religione»
1255 2307 1363 2365 (can.
1400 2307 1499 2361 488,
1532 2307 1607 2360 80),
1631 2309 1795 2350 etiamsi

165 2381 366 2436 regularis
389 2383 453 2437 sit,
477 2379 593 2423 [lebet
624 2379 859 2438 praevium,
882 2381 959 2436 ipsi
985 2379 1249 2433 ordinationi,
1274 2391 1353 2421 nou
1379 2391 1478 2434 ergo
1503 2377 1796 2430 differendum,

160 2465 209 2494 ae
241 2451 423 2509 (liliyens
447 2451 614 2494 exclusa
639 2463 753 2494 mera
788 2449 1038 2493 formalitate
1062 2463 1236 2492 eoeamen
1269 2447 1409 2491 subire
1440 2453 1563 2505 atque
1587 2446 1794 2491 obiectum

160 2523 238 2565 erit
271 2521 384 2564 eirca
432 2522 570 2579 ipsum
617 2520 807 2564 ordinem
856 2519 1183 2578 suscipiendum,
1233 2518 1416 2563 scilicet:
1469 2521 1557 2562 eius
1604 2522 1793 2561 naturam

159 2592 295 2650 quoad
343 2594 557 2635 materiam
592 2596 631 2635 et
675 2593 850 2634 formam
885 2596 977 2645 etc„
1013 2594 1258 2647 potestatem
1307 2588 1605 2645 recipiendam,
1638 2587 1794 2643 obliga-

159 2665 291 2705 tiones
322 2662 623 2718 adimpleudas‚
648 2666 771 2719 atque
805 2666 848 2705 ut
881 2664 937 2705 ait
959 2659 1081 2705 Cone.
1117 2659 1226 2710 Trid.
1247 2659 1286 2704 2;
1327 2675 1347 2700 ((
1367 2659 1617 2703 Subdiacoui
1642 2662 1681 2701 et
1713 2657 1796 2701 dia-

160 2735 252 2776 coni
287 2733 574 2775 ordinentur...
611 2734 672 2787 iis,
706 2745 813 2788 quae
846 2732 896 2775 ad
931 2731 1120 2774 ordinem
1155 2730 1435 2774 exercendum
1482 2731 1703 2785 pertinent,
1736 2730 1793 2771 iu-

284 2885 294 2906 1
323 2884 416 2928 Cap.
448 2884 506 2928 12,
534 2895 628 2917 sess.
657 2883 797 2917 XXIII
824 2882 869 2917 de
895 2881 981 2917 Res.
1023 2902 1067 2907 —
1106 2881 1120 2904 2
1159 2881 1250 2926 Cap.
1278 2881 1313 2923 3,
1343 2892 1436 2915 sess.
1465 2879 1606 2914 XXIII
1632 2880 1677 2913 de
1704 2878 1789 2913 Res.
