1971 3261
548 139 633 172 [ΑΒ.
661 138 733 172 III.
763 158 776 163 -
802 138 912 173 PARS
938 138 968 172 I.
998 159 1009 164 -
1036 138 1094 173 De
1117 139 1383 175 Sam-amentis
1455 139 1548 176 ean.
1575 140 1776 177 1136—1137

152 141 222 175 698

150 271 290 302 coram
324 257 507 300 Ecclesia
545 258 855 301 matrimonium
898 257 983 312 fiat,
1026 261 1087 301 est
1129 257 1212 301 illa>
1250 259 1423 302 «forma
1459 261 1711 317 praescripta
1735 275 1774 308 »‚

152 328 195 385 b)
227 327 398 370 velatio
419 326 538 370 modo
560 327 744 383 privato,
780 327 1003 373 videlicet:
1041 333 1163 384 prout
1194 331 1416 385 opponitur
1453 345 1476 372 ((
1498 331 1653 373 lormae
1687 333 1776 374 iure

150 401 492 455 praescriptae»,
525 402 564 440 et
597 402 771 454 secreto,
806 411 856 441 ne
891 397 1177 454 ignorantibus
1207 399 1394 443 defectus
1426 403 1673 444 commissus
1707 414 1775 457 pa-

150 470 276 523 tefiat,
310 471 348 511 in
384 467 601 525 hypothesi
635 471 857 525 sequenti:
892 468 931 512 si
951 467 1085 527 fuerit
1107 470 1308 524 occultas,
1342 473 1536 528 quamvis
1568 471 1777 529 aliquibus

150 539 423 596 prudentibus
455 544 548 582 actu
583 544 718 584 notus,
1484 546 1490 551 ‘

268 610 364 655 551.
400 611 746 656 Convalidatio
764 613 1061 657 matrimonii
1079 614 1202 658 irriti
1221 616 1287 659 ob
1305 615 1550 660 defectum
1568 615 1776 661 formae.

149 707 201 713 —
236 679 342 734 Quia
376 681 558 737 legitima
595 681 910 725 matrimonialis
943 695 1169 726 consensus
1210 684 1483 727 manifestatio
1520 684 1570 727 ad
1603 687 1773 728 coniun-

145 755 323 796 ctionem
360 751 590 795 maritalem
623 752 883 795 efficiendam
933 755 1102 796 omnino
1152 757 1397 798 necessaria·
1434 768 1543 798 nunc
1576 758 1775 812 temporis

145 825 222 866 sita
255 827 315 866 est
348 823 545 866 informa
578 821 870 866 celebrationis
904 826 1169 878 matrimonii,
1193 825 1775 882 convalidationem'proprie

144 893 300 936 dictam
334 893 513 949 denegat
545 906 635 935 can.
671 894 796 938 1137.
833 892 1154 937 Matrimonium
1197 902 1295 952 (qua
1331 896 1564 954 vinculum)
1610 884 1775 939 nnllam

144 965 327 1006 existens
373 962 419 1006 ob
466 961 674 1021 defectum
721 963 889 1021 formae
935 964 1228 1009 celebrationis
1278 968 1418 1023 ipsius,
1455 966 1518 1010 vel
1554 969 1651 1024 quia
1701 969 1776 1011 fuit

145 1037 296 1078 omissa
330 1047 438 1078 nunc
472 1035 727 1092 ubicumque
774 1034 825 1079 ab
866 1035 927 1078 bis
965 1038 1035 1094 qui
1069 1036 1205 1080 eidem
1253 1036 1543 1088 subiiciuntur‚
1582 1038 1643 1081 vel
1678 1041 1774 1096 quia

144 1110 310 1149 servata
343 1118 422 1148 non
456 1105 709 1149 adamussim
749 1106 800 1149 ad
846 1119 1033 1150 normam
1079 1120 1169 1152 can.
1206 1108 1335 1162 1094,
1367 1113 1413 1151 ut
1454 1108 1642 1152 validum
1685 1109 1774 1166 fiat,

148 1175 278 1219 idest:
314 1178 419 1219 inter
452 1177 621 1220 easdem
657 1189 853 1233 personas
881 1190 977 1220 vere
1011 1180 1175 1231 existat,
1199 1191 1279 1221 non
1312 1179 1569 1223 convalidari
1610 1183 1775 1238 proprie

144 1247 281 1304 quoad
312 1247 515 1290 elementa
552 1249 679 1304 ipsius
702 1252 940 1292 contractus
964 1249 1264 1305 praecedentis,
1296 1249 1369 1293 sed
1400 1249 1597 1293 contrahi
1627 1250 1776 1308 denuo,

146 1330 241 1361 nam
276 1320 445 1375 praevia
478 1321 725 1375 supponitur
761 1318 908 1362 saltem
948 1320 1148 1363 naturalis
1185 1320 1422 1377 celebratiO,
1446 1320 1562 1364 debet
1593 1325 1774 1379 omnino,

142 1393 309 1432 servata
344 1389 534 1446 leyitima
565 1389 707 1447 forma
740 1403 813 1446 pro
839 1390 1051 1434 validitate
1083 1394 1334 1434 matrimonii
1371 1395 1646 1449 praescripta;
1670 1393 1774 1438 ‘sub-

145 1460 391 1516 intelligitur
425 1465 560 1504 tamen
596 1461 840 1517 prudentiae
877 1464 1050 1517 pastoris
1092 1462 1424 1506 contrabentium
1470 1462 1660 1520 relinqui,
1693 1477 1775 1522 quo

145 1531 269 1575 modo
302 1544 479 1587 nempe:
515 1530 680 1587 publice
712 1537 784 1575 aut
815 1537 976 1575 secreto
1010 1532 1187 1590 idipsum
1223 1534 1305 1576 fiat.

380 1671 479 1714 Aur.
504 1671 550 1715 ll.
575 1697 632 1702 —
659 1670 716 1714 De
748 1672 974 1715 sanatione
1006 1673 1272 1716 matrimonii
1303 1673 1348 1716 in
1379 1674 1536 1717 radice.

193 1775 277 1812 CAN.
310 1775 412 1811 1138.
439 1781 491 1819 -ἓ
515 1777 542 1811 l.
563 1777 777 1812 Matrimonii
807 1777 841 1812 in
871 1789 925 1813 ra-

999 1778 1176 1824 legitimae
1203 1779 1344 1821 formae,
1376 1784 1486 1826 potest
1520 1780 1555 1815 in
1582 1781 1698 1817 radice
1723 1793 1776 1817 sa·

141 1824 220 1860 dice
245 1824 381 1859 sanatio
406 1829 457 1859 est
495 1824 650 1860 eiusdem
677 1825 922 1865 convalidatio,

997 1826 1087 1870 nari,
1105 1826 1295 1862 dummodo
1309 1838 1502 1863 consensus
1520 1833 1725 1874 perseveret.

145 1873 395 1913 secumfe1·eDS‚
410 1876 544 1917 praeter
557 1872 855 1918 dispensationem
871 1873 924 1909 vel

141 1920 374 1954 cessationem
408 1919 666 1965 impedimenti,
695 1920 923 1966 dispensatio-

148 1977 226 2002 nem
244 1977 264 2001 a
283 1967 356 2011 lege
382 1966 423 2001 de
449 1967 652 2002 renovando
677 1978 866 2011 consensu,
890 1972 924 2004 et

144 2014 456 2054 retrotractionem,
470 2025 529 2059 per
538 2014 712 2050 fictionem
726 2015 822 2055 iuris,
832 2015 924 2051 cirea

143 2061 285 2097 effectus
311 2062 513 2102 canonicos,
541 2062 583 2097 ad
614 2062 851 2107 praeteritum.

193 2112 212 2150 ς
230 2108 263 2142 9,.
294 2108 535 2143 Convalidatio
555 2109 591 2143 fit
608 2120 629 2144 a
648 2114 826 2145 momento
845 2121 925 2145 con-

142 2155 311 2191 cessionis
337 2157 492 2200 gratiae3
522 2158 738 2192 retrotractio
764 2168 843 2192 vero
870 2157 922 2191 in-

144 2203 313 2248 telligitur
341 2204 429 2237 facta
454 2203 496 2238 ad
525 2204 740 2239 matrimonii
768 2204 922 2246 initium,

144 2250 211 2284 nisi
240 2250 336 2284 aliud
362 2261 522 2295 expresse
547 2256 723 2286 caveatur.

191 2301 210 2339 ξ
229 2300 261 2331 3.
289 2296 508 2343 Dispensatio
526 2308 546 2332 a
565 2298 638 2343 lege
656 2299 698 2334 de
721 2299 922 2334 renovando

139 2355 315 2379 consensu
342 2344 484 2379 concedi
511 2345 615 2380 etiam
644 2351 753 2392 potest
772 2346 824 2381 vel
853 2358 923 2382 una

142 2396 281 2426 tantum
309 2391 361 2426 vel
389 2395 534 2437 utraque
562 2398 656 2438 parte
682 2393 804 2429 inscia.

191 2437 275 2474 CAN.
308 2437 410 2473 1139.
443 2459 459 2464 -
488 2443 507 2481 g
535 2438 565 2473 1.
594 2438 779 2483 Quodlibet
807 2441 922 2476 matri-

145 2486 302 2520 monium
330 2486 457 2520 initum
483 2497 563 2521 cum
599 2489 779 2534 utriusque
816 2488 922 2533 partis

142 2543 315 2568 consensu
335 2533 544 2568 naturaliter
562 2535 767 2576 sufficiente,
789 2536 848 2570 sed
875 2535 924 2570 iu—

144 2580 251 2615 ridice
266 2580 431 2615 inefficaci
445 2580 488 2614 ob
502 2580 672 2617 dirimens
692 2583 922 2628 impedimen-

143 2632 217 2662 tum
246 2627 331 2662 iuris
356 2627 580 2663 ecclesiastici
609 2629 660 2664 vel
687 2629 730 2664 ob
749 2630 922 2665 defectum

1043 1876 1063 1919 ς
1089 1873 1122 1908 ⁶2.
1152 1873 1421 1910 Matrimonium
1447 1886 1531 1911 vero
1556 1881 1773 1911 contractum

995 1932 1075 1956 cum
1115 1921 1367 1967 impedimento
1400 1922 1486 1957 iuris
1519 1923 1691 1959 naturalis
1723 1924 1775 1959 vel

996 1968 1120 2013 divini,
1149 1969 1285 2004 etiamsi
1325 1973 1443 2015 postea
1481 1970 1773 2016 impedimentum

995 2016 1194 2059 cessaverit,
1212 2016 1364 2052 Ecclesia
1384 2028 1453 2052 non
1468 2022 1570 2052 sanat
1588 2019 1623 2052 in
1643 2018 1771 2060 radice,

996 2074 1041 2098 ne
1065 2074 1085 2098 a
1113 2068 1290 2099 momento
1307 2064 1449 2110 quidem
1475 2065 1682 2100 cessationis
1709 2065 1774 2100 im—

997 2110 1201 2156 pedimenti.

1043 2156 1129 2193 CAN.
1157 2156 1256 2193 1140.
1285 2178 1302 2185 -
1330 2162 1349 2200 ξ
1372 2159 1401 2193 l.
1428 2157 1462 2194 Si
1491 2158 1527 2193 in
1555 2163 1702 2205 utraque
1719 2159 1773 2195 vel

995 2204 1163 2240 alterutra
1191 2210 1286 2252 parte
1311 2205 1451 2241 deficiat
1475 2217 1679 2249 consensuS,
1705 2218 1775 2242 ma-

995 2252 1200 2288 trimonium
1222 2253 1343 2299 nequit
1360 2253 1477 2288 sanari
1496 2255 1534 2288 in
1553 2254 1680 2295 radice,
1702 2254 1774 2289 sive

995 2310 1188 2335 consensus
1225 2300 1269 2335 ab
1308 2300 1409 2336 initio
1446 2300 1606 2342 defuerit,
1632 2300 1704 2336 sive
1729 2301 1773 2337 ab

996 2346 1097 2382 initio
1112 2347 1311 2394 praestitus,
1328 2351 1445 2393 postea
1461 2347 1563 2383 fuerit
1579 2352 1770 2383 revocatus.

1042 2395 1061 2440 ξ
1079 2394 1113 2429 2.
1142 2393 1241 2438 Quod
1262 2394 1289 2429 si
1309 2405 1502 2430 consensus
1519 2395 1563 2430 ab
1582 2395 1682 2430 initio
1700 2395 1773 2441 qui-

995 2441 1073 2477 dem
1101 2442 1263 2483 defuerit,
1283 2442 1340 2477 sed
1365 2447 1479 2487 postea
1498 2442 1684 2488 praestitus
1704 2443 1773 2478 tue-

996 2488 1052 2530 rit,
1077 2489 1214 2524 sanatio
1239 2489 1382 2524 concedi
1414 2493 1526 2535 potest
1550 2500 1571 2524 a
1598 2494 1774 2525 momento

997 2536 1151 2581 praestiti
1180 2547 1384 2572 consensus,

1044 2581 1128 2618 Ciu.
1162 2581 1263 2618 1141.
1292 2604 1309 2608 -
1337 2582 1481 2619 Sanatio
1500 2583 1535 2617 in
1555 2583 1670 2618 radice
1695 2594 1774 2619 con-

995 2630 1068 2665 cedi
1089 2630 1191 2666 unice
1219 2635 1329 2676 potest
1345 2631 1390 2666 ab
1408 2630 1606 2676 Apostolica
1624 2629 1723 2666 Sede.

266 2732 362 2775 55⁵2.
398 2736 655 2791 inscriptio
689 2737 892 2782 Articuli
925 2750 984 2782 ac
1016 2739 1121 2782 eius
1154 2751 1384 2782 canones.
1416 2763 1471 2771 —-
1504 2735 1663 2780 Deinde
1694 2737 1771 2779 Ar-

148 2802 303 2846 ticulas
336 2802 381 2846 ΙΙ
412 2806 523 2846 venit
556 2806 914 2861 commentanduS,
948 2809 1017 2864 qui
1052 2813 1163 2850 recte
1197 2806 1437 2850 inscribitur
1473 2805 1530 2850 De
1551 2807 1774 2850 sanatione

148 2873 412 2917 matrimonii
443 2874 487 2916 in
519 2874 678 2932 radice,
711 2877 940 2920 secundum
987 2882 1197 2934 receptam
1241 2876 1293 2921 ab
1325 2877 1510 2921 Ecclesia
1548 2876 1770 2921 Doctorum
