1971 3261
120 139 216 179 Gan.
242 142 313 177 919
638 143 723 176 ΤΙΤ.
753 143 820 176 1v.
852 163 863 169 -
892 144 948 177 De
987 145 1232 179 Poem'tentm

1684 142 1750 176 311

120 267 260 299 nentur.
285 281 330 286 -
358 261 440 306 Reg.
468 260 509 296 Il.
539 260 780 305 Indulgentiae
818 262 1009 305 generales,
1041 273 1129 307 quae
1156 262 1189 296 in
1218 262 1417 308 supradicta
1444 262 1654 298 Collectioue
1683 273 1750 297 non

117 320 340 361 exhibentur,
370 320 420 355 vet
447 331 536 365 quae
562 330 746 354 concessae
774 319 932 354 feruntur
961 326 1033 365 post
1060 321 1186 356 editam
1216 320 1477 364 Collectionem,
1507 326 1589 356 tunc
1625 321 1753 364 solum-

120 379 222 416 modo
247 379 429 415 habendae
464 383 566 413 erunt
596 383 631 413 ut
658 378 894 413 authenticae.
915 390 993 413 cuni
1013 380 1214 414 carumdem
1234 380 1469 414 concessionis
1495 380 1752 418 (testimonium

121 438 268 475 habetur
294 439 329 472 in
362 451 376 470 «
398 437 492 473 Actis
519 436 677 482 Ap.licae
696 436 795 471 Sedis
818 451 830 467 υ
864 437 930 472 vell
957 438 1211 483 autographum
1242 443 1508 474 monumentum
1538 439 1751 483 recognitum

122 498 223 534 tuerit
261 509 281 533 a
318 496 354 533 S.
384 495 686 541 indulgentiarum
727 495 1007 539 Congregatione
1057 507 1094 531 ex
1129 502 1238 533 const.
1282 514 1294 527 a
1317 497 1472 543 Sapienti
1514 497 1688 533 consiliou
1736 509 1754 532 a

121 556 155 594 S.
196 556 324 601 Congr.
366 554 401 591 S.
443 553 571 594 Officii.
611 560 643 590 et
684 565 779 589 nunc
819 554 863 589 Μ.
908 566 957 600 pr.
989 571 1001 587 f<
1025 555 1281 601 Alloqiientes»
1315 556 1488 591 Benedicti
1531 556 1594 591 ΡΙ).
1637 556 1694 591 XV
1723 563 1754 591 ct

121 617 215 652 iuxta
245 626 324 651 ean.
354 612 421 649 920
448 626 468 650 a
494 612 528 649 S.
559 613 858 657 poenitentiarta)‚
885 614 954 654 cui,
984 614 1047 648 sub
1076 615 1247 649 nullitatis
1275 626 1396 660 poena,
1417 615 1653 650 exhibendum
1675 616 1752 657 erit,

119 679 308 720 autequam
326 672 560 719 publicentur.
583 691 627 698 —
645 670 793 716 Reg.lll.
818 671 1048 706 Autbenticae
1080 672 1274 707 habeantur
1310 673 1546 716 indulgentiae
1573 684 1755 708 concessae

120 732 317 770 Ordinibus
343 736 375 767 et
401 730 743 776 Congregationibus
774 729 956 774 religiosis,
985 731 1453 772 Arctiiconfraternitatibus,
1480 730 1755 767 Contraternita-

121 792 227 835 tibus,
255 795 368 826 etc....
399 789 580 825 nonnullis
616 788 778 824 Ecclesiis
808 788 1068 829 celebrioribus,
1097 789 1191 823 Locis
1220 790 1284 835 piis
1310 795 1341 823 et
1369 790 1523 825 ()l›icctis
1547 791 1753 828 devotionis,

120 861 210 897 quae
243 849 470 886 continentur
508 848 543 883 in
584 846 794 884 Summariis
834 848 1020 892 recognitis
1058 853 1088 882 et
1128 848 1328 893 approbatis
1366 860 1385 883 a
1413 849 1447 883 S.
1478 848 1755 893 Congregatione

122 910 434 955 Indulgentiarum‚
462 908 606 953 eiusque
631 907 836 942 auctoritate
864 907 915 942 vel
943 907 1043 942 venia
1070 908 1162 952 typis
1191 908 1331 952 ‹primo›
1358 908 1471 943 editis.

114 1011 118 1015 ,
244 969 323 1014 Reg.
352 968 408 1003 tx’.
439 967 511 1003 Non
541 967 738 1003 habeantur
765 971 800 1001 ut
826 966 1048 1003 authenticae
1088 966 1327 1010 Indulgentiae
1366 967 1435 1000 site
1471 968 1659 1011 generales
1686 968 1756 1002 sive

124 1028 362 1076 particulares,
388 1038 477 1073 quae
503 1026 730 1062 continentur
758 1025 793 1059 in
822 1025 935 1065 libris,
965 1025 1001 1059 in
1031 1025 1170 1062 libellis,
1210 1026 1242 1059 in
1280 1026 1495 1063 summariis,
1525 1026 1559 1060 in
1590 1026 1691 1069 soliis,
1722 1027 1753 1060 in

121 1088 302 1131 chartulis,
332 1087 404 1122 sive
429 1086 533 1122 etiam
562 1085 597 1120 in
620 1084 849 1129 imaginibus,
871 1084 1051 1130 impressis
1070 1084 1145 1119 sine
1164 1084 1414 1130 approbatione
1432 1085 1648 1119 auctoritatis
1667 1096 1757 1120 com-

124 1148 291 1194 petentis;
332 1157 421 1192 quae
457 1145 662 1191 approbatio
701 1143 925 1179 concedenda
963 1144 1027 1178 erit
1069 1150 1141 1188 post
1180 1143 1385 1187 diligentem
1426 1144 1697 1187 recognitionem
1725 1149 1754 1179 ct

121 1207 286 1243 distincte
310 1205 552 1251 exprimenda.
582 1224 625 1230 —
654 1203 735 1249 Reg.
769 1202 807 1237 Y.
839 1203 1070 1249 Apocripbae.
1100 1203 1151 1238 vel
1179 1214 1273 1237 nuuc
1303 1214 1441 1248 prorsus
1474 1208 1649 1238 revocatae
1676 1209 1755 1237 sunt

123 1277 245 1302 omnes
271 1264 514 1310 indulgentiae
541 1263 636 1298 mille
672 1263 723 1298 vel
760 1262 911 1309 plurium
954 1262 1104 1296 millium
1144 1273 1318 1297 annorum
1359 1272 1578 1307 quocumque
1605 1267 1758 1307 tempore

122 1335 308 1361 concessae
333 1324 508 1364 dicantur,
537 1344 581 1348 -—
611 1321 691 1367 Reg.
717 1322 767 1357 vt.
789 1320 979 1367 Suspectae
999 1321 1195 1356 habeantur
1215 1320 1455 1365 Indulgentiae
1475 1321 1650 1366 plenariae
1671 1332 1758 1366 quae

120 1389 328 1421 asseruntur
353 1393 537 1419 concessae
563 1381 792 1417 recitantibus
819 1392 928 1426 pauca
954 1381 1134 1415 dumtaxat
1162 1380 1287 1416 verba:
1308 1380 1703 1426 exceptislndulgentiis
1723 1380 1756 1413 in

122 1443 270 1479 articulo
301 1442 434 1478 mortis.

241 1501 322 1547 Reg.
355 1501 424 1536 vti.
454 1501 674 1536 Reiiciendae
710 1505 791 1535 sunt
831 1504 868 1535 ut
906 1499 1116 1546 apocriphae
1155 1498 1411 1543 Indulgentiae,
1452 1509 1539 1543 quae
1576 1498 1758 1533 circumte-

123 1567 250 1598 runtur
275 1561 310 1596 in
340 1560 480 1601 libellis,
510 1560 601 1595 foliis
627 1570 686 1595 seu
714 1559 883 1594 chartulis
910 1558 1091 1605 impressis
1126 1558 1177 1594 vel
1214 1558 1476 1603 manuscriptis,
1504 1558 1538 1591 in
1567 1558 1694 1603 quibus
1720 1569 1757 1593 ex

124 1621 258 1658 levibus
275 1620 458 1656 autetiam
476 1619 727 1665 superstitiosis
745 1618 860 1654 causis
887 1623 920 1654 et
948 1618 1090 1653 incertis
1109 1617 1393 1655 revelationibus.
1424 1617 1472 1651 vel
1503 1617 1567 1651 sub
1595 1617 1760 1651 illusoriis

123 1680 386 1717 conditionibus
405 1679 659 1726 promittuntur
674 1677 916 1723 Indulgentiae
934 1682 967 1713 et
981 1677 1113 1722 gratiae
1129 1688 1229 1712 usum
1258 1682 1289 1711 et
1318 1677 1460 1711 modum
1477 1676 1694 1711 excedentes.
1719 1696 1760 1700 —

125 1740 206 1785 Reg.
236 1739 318 1774 VIII.
345 1738 389 1775 Ut
415 1737 656 1774 commentitia
683 1737 873 1773 reiicienda
899 1743 981 1772 sunt
1011 1737 1105 1781 tolia,
1134 1742 1165 1771 et
1193 1736 1313 1777 libelli,
1334 1737 1367 1770 iu
1389 1735 1516 1781 quibus
1550 1736 1760 1780 promittitur

125 1799 287 1835 fidelibus
312 1809 419 1833 unam
447 1797 636 1833 alteramve
665 1807 799 1842 precem
827 1796 1056 1832 recitantibus
1092 1796 1250 1831 liberatio
1285 1795 1390 1830 unius
1426 1795 1476 1829 vel
1507 1795 1658 1840 plurium
1685 1794 1761 1829 ani-

125 1846 262 1894 marum
288 1869 308 1892 a
336 1856 556 1901 Purgatorio:
586 1860 618 1891 et
644 1855 887 1899 Indulgentiae
921 1866 1009 1900 quae
1047 1854 1159 1889 dictae
1192 1853 1411 1899 promissioni
1448 1852 1550 1887 adiici
1585 1853 1696 1887 solent
1724 1857 1761 1886 ut

123 1917 336 1964 apocriphae
374 1915 556 1951 habendae
594 1920 688 1950 sunt.
724 1934 766 1939 —
795 1913 876 1959 Reg.
914 1913 970 1949 lx.
1010 1913 1243 1959 Apocripbae
1285 1912 1335 1947 vel
1375 1912 1496 1947 saltem
1537 1916 1571 1945 ut
1611 1911 1761 1955 graviter

125 1981 319 2023 suspectae,
349 1974 555 2015 habeantur,
583 1973 825 2019 Indulgentiae
864 1973 1067 2008 recentioris
1104 1977 1255 2007 assertae
1286 1971 1536 2010 concessionis,
1563 1971 1588 2003 si
1617 1970 1659 2004 ad
1688 1970 1761 2004 inu-

125 2036 268 2071 sitatum
296 2044 484 2069 numerum
510 2043 685 2068 annorum
714 2032 765 2067 vel
793 2032 931 2067 dierum
960 2031 1253 2077 producuntur».

245 2092 332 2129 Cum
361 2092 426 2127 hae
452 2091 592 2136 regulae
618 2091 690 2125 sint
717 2090 930 2126 sufficienter
956 2100 1138 2136 expressae
1163 2088 1362 2124 omittimus
1379 2099 1498 2123 earum
1518 2086 1759 2123 authenticum

125 2152 419 2189 cemmentarium
448 2150 548 2186 facile
574 2150 828 2186 inveniendum
858 2150 892 2184 in
921 2150 994 2185 loco
1020 2149 1135 2184 citato.

247 2248 344 2293 ⁶255.
381 2249 610 2294 Conditio
643 2249 736 2292 sub
771 2260 935 2303 poena
967 2247 1205 2291 nullitatis
1228 2246 1276 2289 in
1300 2245 1544 2289 nonnullis
1565 2255 1760 2288 conces—

131 2321 355 2366 sionibus
402 2319 835 2374 indulgentiarum.
885 2341 937 2347 ——
988 2315 1028 2358 Iu
1080 2314 1130 2357 M.
1172 2328 1232 2370 pr.
1285 2312 1718 2369 «Quandoquidem»
1749 2311 1760 2332 ¹

130 2389 280 2433 Bened.
317 2388 390 2432 PP.
411 2386 496 2443 XV,
522 2401 616 2431 cuni
646 2403 666 2429 «
688 2390 726 2430 in
748 2390 796 2431 iis
819 2386 1078 2444 exequendis
1100 2399 1207 2442 quae
1229 2385 1321 2428 l'ius
1339 2383 1373 2427 X
1401 2388 1513 2426 nictu
1535 2397 1594 2439 pr.
1617 2386 1640 2404 ‘⁸
1659 2382 1760 2425 (lum

131 2474 203 2518 pei·
236 2458 536 2516 Apostolicas„
584 2461 867 2515 praescripSIt,
912 2457 1052 2514 plures
1094 2469 1330 2513 gravesque
1373 2457 1451 2497 iau]
1487 2453 1764 2497 dubitationes

128 2532 356 2584 extimi-int,
391 2534 434 2573 ut
467 2542 537 2574 eas
584 2542 730 2573 omnes
779 2529 993 2586 praecidat
1037 2530 1074 2570 iu
1122 2532 1347 2583 posterum,
1395 2527 1549 2582 pariter
1581 2529 1619 2566 et
1653 2529 1762 2566 certa

127 2603 360 2649 scientia‚...
394 2600 584 2644 decernit
617 2605 657 2643 et
692 2599 891 2651 declarat,
916 2598 1078 2641 illarum
1114 2596 1402 2640 tautummodo
1425 2594 1501 2638 sub
1526 2607 1653 2651 poena
1681 2594 1765 2636 nnl-

133 2672 257 2714 litatis
278 2671 508 2728 Supremae
529 2669 851 2727 CongregatiOni
885 2667 1122 2712 exhibenda
1156 2680 1246 2710 esse
1269 2667 1518 2709 documenta
1545 2664 1762 2719 Indulgen-

131 2744 296 2794 itai-um,
319 2754 426 2800 quae
450 2743 634 2784 universi
659 2740 851 2784 catholici
877 2738 988 2782 orbis
1011 2736 1352 2781 christifidelibus
1374 2748 1594 2779 concessae
1618 2735 1698 2777 sint
1726 2752 1760 2777 n.

249 2895 261 2916 1
290 2893 334 2928 16
363 2893 470 2938 Sept.
501 2894 607 2934 1915,
635 2892 712 2927 CO.
743 2892 829 2932 VH,
860 2892 940 2926 457.
