1971 3261
192 186 213 218 S
791 178 874 211 Lm.
901 175 973 209 ΙΙΙ.
1003 194 1014 199 -
1041 174 1097 208 De
1123 174 1234 207 rebus
1627 168 1720 205 Can.
1750 168 1822 204 729

193 305 344 345 siarum
381 299 549 356 praelati
583 302 675 341 sunt
708 296 1012 351 dispensatores
1044 296 1084 334 et
1118 291 1308 343 ministri,
1357 287 1567 331 ordinavit
1611 291 1654 331 ut
1696 288 1817 343 spiri-

195 371 318 415 tualia
342 371 468 426 gratis
502 369 711 414 darentur,
747 363 973 408 secundum
1010 360 1110 404 illud
1133 360 1170 402 1;
1211 356 1390 402 “Gratis
1421 359 1653 414 accepistis,
1689 359 1822 414 gratis
1864 366 1869 371 ·

194 442 287 484 date
311 473 348 491 ,,.
390 465 440 469 —
476 437 532 481 Ed
570 437 661 480 ideo
693 437 762 493 qui
798 434 980 476 muneris
1004 433 1240 474 interventu
1273 427 1504 485 spiritualia
1527 439 1821 485 quaecumque

193 512 436 567 assequitur,
471 520 517 551 ea
554 507 662 550 licite
698 507 875 548 retinere
909 515 987 545 non
1023 504 1220 557 potest».
1252 498 1372 554 Quod
1398 497 1700 542 invaliditatem
1725 511 1823 541 con-

193 586 346 624 tractus
378 580 576 622 simoniae
610 578 709 619 iuris
744 575 873 618 divini
908 573 1076 620 evincit,
1110 571 1305 627 quamvis
1340 582 1419 611 non
1453 568 1588 612 desint
1615 567 1823 611 Auctores

191 651 442 695 contrarium
485 649 719 691 sentientes.
759 644 963 699 «Insuper
1007 646 1144 684 autem
1198 641 1412 683 simoniaci
1462 643 1544 682 tam
1590 638 1824 682 vendentes

193 733 315 779 quam
350 723 532 762 ementes
564 715 807 773 spiritualia,
841 718 909 757 aut
953 715 1078 755 etiam
1129 711 1392 764 mediatores,
1425 709 1516 753 aliis
1559 711 1702 766 poenis
1745 723 1818 766 pu·

193 794 359 834 niuntur
382 804 402 829 ›>
439 801 459 831 a
494 787 643 844 quibus
678 787 817 841 incipit
853 784 903 827 de
947 789 1124 839 utraque
1157 783 1333 824 simonia
1369 780 1542 837 loquens
1574 793 1665 822 can.
1712 782 1821 823 729.

194 859 348 903 Firmis
377 857 522 916 poenis
557 857 596 899 in
631 855 883 899 simoniacos
917 853 1011 895 iure
1045 855 1082 894 in
1117 850 1268 895 Codice
1296 853 1534 894 memoratis
1563 850 1671 908 (can.
1698 851 1823 907 6‚5⁰),

197 930 257 973 vel
294 934 378 985 post
413 941 505 971 eum
538 926 725 977 statutis,
760 925 939 968 scilicet:
984 925 1254 979 suspensione
1287 921 1381 965 Sedi
1417 921 1583 977 Aplcae.
1605 925 1821 964 reservata

199 1016 217 1041 <z
239 1003 275 1042 in
309 999 480 1043 clericos
515 1010 586 1054 per
618 998 837 1040 simoniam
876 994 938 1037 vel
974 993 1023 1037 ad
1049 993 1217 1036 ordines
1240 997 1452 1049 promotos
1476 991 1541 1035 vel
1568 991 1648 1035 alia
1671 992 1821 1035 Sacra-

199 1075 332 1113 menta
367 1070 643 1111 ministrantes
671 1082 692 1106 »
731 1079 778 1109 ex
816 1077 904 1108 can.
932 1063 1059 1118 2371,
1084 1068 1122 1106 et
1140 1064 1573 1107 excommunicatione
1600 1061 1707 1106 latae
1731 1075 1824 1105 sen-

194 1142 343 1184 tentiae
366 1139 458 1182 Sedi
484 1137 744 1194 Apostolicae
769 1134 1013 1192 simpliciter
1037 1138 1248 1178 reservata
1273 1145 1321 1177 ac
1345 1135 1578 1190 privatione
1603 1132 1822 1176 cuiusdam

194 1214 292 1254 iuris
329 1226 350 1251 «
375 1212 411 1252 in
447 1208 642 1252 delictum
677 1210 961 1264 perpetrantes
993 1207 1194 1249 simoniae
1229 1206 1267 1247 in
1295 1202 1549 1261 quibuslibet
1573 1203 1733 1259 officiis,
1759 1202 1825 1246 be-

195 1282 363 1335 neficiis,
389 1285 455 1324 aut
479 1278 748 1336 dignitatibus
785 1277 1116 1321 ecclesiasticis»
1159 1290 1208 1319 ex
1235 1288 1326 1319 can.
1364 1275 1490 1329 2392,
1515 1274 1556 1332 a)
1581 1279 1826 1318 contractus

195 1352 281 1407 ipse
312 1351 565 1393 simoniacus
598 1350 647 1392 ad
684 1360 873 1391 normam
907 1347 1083 1391 duorum
1120 1359 1208 1390 can.
1236 1359 1386 1403 praec„
1413 1348 1451 1388 in
1476 1344 1695 1402 hypothesi
1724 1357 1827 1388 vero

192 1428 231 1463 et
263 1422 300 1464 si
331 1421 510 1464 simonia
543 1419 832 1463 committatur
865 1421 903 1461 in
937 1430 1202 1476 quocumque
1238 1431 1286 1460 ex
1324 1416 1484 1460 actibus
1531 1418 1600 1473 qui
1648 1415 1698 1459 ad
1735 1428 1827 1472 pro-

197 1495 394 1535 visionem
428 1495 679 1535 concurrunt
714 1492 837 1533 etiam
875 1502 947 1545 per
982 1491 1354 1539 renunciationem,
1389 1492 1431 1531 ut
1463 1490 1621 1530 constat
1656 1499 1705 1529 ex
1725 1498 1823 1533 can.

200 1564 291 1617 185⁹,
327 1562 530 1619 generalis
563 1563 672 1604 enim
693 1566 751 1604 est
786 1560 983 1611 clausula,
1017 1559 1131 1602 circa
1163 1558 1373 1615 beneficia,
1399 1557 1547 1615 officia,
1577 1556 1827 1614 diquitates,

195 1646 299 1689 quae
332 1637 491 1689 oportet
527 1635 711 1675 «stricto
744 1645 869 1675 sensu
892 1647 914 1672 ))
952 1632 1084 1686 accipi
1119 1630 1168 1673 ad
1195 1642 1381 1673 normam
1407 1641 1497 1672 can.
1529 1628 1608 1671 145
1631 1633 1669 1671 et
1696 1627 1826 1681 1409,

199 1703 322 1754 1412,
357 1702 398 1759 b)
432 1701 680 1759 subsequens
715 1703 944 1745 contractui
978 1702 1206 1743 simoniaco
1235 1699 1422 1757 provisio
1458 1701 1495 1741 in
1531 1701 1621 1742 eius
1653 1697 1825 1755 quidem

195 1776 470 1830 exequutione
504 1773 616 1816 omni
651 1772 688 1815 υἱ
722 1777 850 1825 earet,
883 1772 1007 1829 quod,
1043 1784 1137 1815 cum
1183 1769 1423 1814 auctoribus
1456 1768 1500 1812 D.
1537 1768 1736 1812 Thomam
1761 1781 1824 1811 se-

197 1843 428 1900 quentibus,
465 1843 567 1886 bene
602 1842 857 1899 intelligitur,
893 1844 1068 1898 exprimi
1104 1845 1260 1885 tantum
1286 1841 1337 1884 de
1359 1842 1532 1883 simonia
1559 1841 1659 1883 iuris
1691 1839 1825 1882 divini

197 1926 243 1956 ac
278 1916 365 1956 iure
397 1913 675 1956 ecclesiastico
709 1913 879 1955 decerni
899 1912 950 1955 de
972 1913 1148 1955 simonia
1171 1910 1407 1954 huiusmodi
1435 1911 1546 1953 iuris.
1573 1935 1625 1940 —
1649 1908 1829 1952 Nullitas

196 1988 430 2027 contractus
463 1985 796 2041 provisionisque
831 1987 1000 2039 perstat,
1044 1981 1140 2024 licet
1183 1981 1363 2025 simonia
1413 1994 1438 2023 α
1473 1979 1600 2023 tertia
1641 1992 1826 2036 persona

198 2067 290 2096 cum
326 2054 571 2109 providente
604 2053 822 2096 commissa
855 2052 989 2110 fuerit
1021 2051 1177 2109 absque
1212 2054 1465 2105 interventu,
1499 2052 1581 2093 imo
1615 2049 1740 2092 eliam
1766 2048 1824 2091 in-

197 2124 280 2166 scio
311 2124 493 2181 proviso,
544 2136 619 2167 nec
655 2124 844 2167 miranda
892 2124 1163 2179 praescriptio
1209 2124 1287 2165 iam
1338 2123 1452 2178 prius
1488 2122 1644 2176 vigens,
1693 2117 1828 2176 quia²

204 2209 223 2233 «
248 2193 322 2236 lioc
355 2194 463 2251 quod
499 2193 648 2251 aliquis
683 2196 872 2250 privetur
904 2207 952 2236 eo
984 2193 1094 2250 quod
1128 2194 1304 2248 accepit,
1338 2204 1416 2234 non
1451 2190 1584 2233 solum
1609 2194 1668 2233 est
1694 2201 1824 2246 poena

199 2266 366 2319 peccati,
400 2264 470 2307 sed
495 2267 617 2307 etiam
654 2264 903 2321 quandoque
927 2268 988 2307 est
1010 2264 1182 2306 effectus
1205 2263 1490 2320 acquisitionis
1514 2262 1702 2313 iniustae,
1729 2264 1826 2316 puta

198 2347 291 2376 eum
325 2334 472 2390 aliquis
505 2336 604 2378 emit
639 2348 723 2377 rem
748 2334 927 2392 aliquam
964 2333 1016 2377 ab
1049 2347 1097 2377 eo
1130 2335 1199 2390 qui
1228 2333 1409 2376 vendere
1434 2344 1512 2374 non
1539 2335 1669 2387 potest
1693 2346 1732 2375 ›>.
1769 2330 1827 2373 lta

199 2409 255 2446 est
292 2406 327 2445 in
362 2406 548 2448 simonia.
603 2404 693 2447 «Et
729 2405 819 2448 ideo
853 2407 883 2448 si
918 2404 1067 2462 aliquis
1100 2406 1279 2447 scienter
1311 2408 1350 2446 et
1386 2391 1549 2459 propria
1600 2405 1745 2457 sponte
1777 2402 1829 2443 si-

200 2476 384 2517 moniace
417 2477 591 2531 accipiat
623 2476 809 2519 ordinem
846 2475 908 2517 vel
944 2474 1270 2518 ecclesiasticum
1298 2472 1561 2527 beneficium,
1587 2484 1666 2514 non
1691 2470 1827 2513 solum

202 2547 387 2599 privatur
419 2557 466 2588 eo
499 2545 607 2602 quod
642 2547 815 2601 accepit,
851 2551 890 2588 ut
925 2544 1083 2588 scilicet
1117 2548 1257 2588 careat
1289 2545 1535 2586 executione
1567 2541 1728 2585 ordinis
1760 2544 1825 2593 (ex

200 2626 288 2655 (ran.
325 2614 465 2668 2371),
499 2619 536 2657 et
572 2614 817 2658 beneficium
852 2617 1032 2671 resignet
1065 2601 1178 2657 cum·
1210 2612 1411 2656 fructibus
1463 2612 1558 2656 inde
1607 2612 1830 2667 perceptis,

200 2684 268 2726 sed
304 2687 424 2726 etiam
461 2685 630 2728 ulterius
665 2687 875 2741 punitur»
931 2684 1045 2742 (quia
1091 2697 1139 2727 ex
1175 2696 1265 2728 can.
1317 2683 1446 2737 2:392,
1480 2682 1523 2725 3⁰
1562 2698 1582 2723 α
1605 2684 1638 2726 si
1685 2681 1829 2725 clerici

201 2755 291 2795 sint.
328 2759 536 2808 praeterea
561 2755 865 2811 suspendantur
887 2754 945 2812 n).
985 2755 1064 2797 «Si
1102 2767 1214 2807 vero,
1238 2767 1286 2797 eo
1316 2755 1526 2797 nesciente
1548 2766 1623 2797 nec
1651 2751 1830 2805 volente⁷

322 2904 330 2924 ¹
361 2904 519 2943 Matth„
549 2906 592 2946 X,
618 2909 649 2939 ὅ.
679 2927 719 2931 —
748 2907 761 2928 '2
788 2907 831 2940 D.
859 2906 930 2941 Th.
959 2908 995 2941 2.
1019 2907 1053 2939 2.
1083 2918 1117 2950 q.
1145 2906 1172 2940 C
1200 2918 1233 2940 a.
1264 2906 1285 2939 6
1312 2905 1361 2940 ad
1383 2905 1446 2939 3¹¹¹.
