1971 3261
152 140 221 173 620
549 138 635 172 Lm.
663 137 735 172 ΙΙΙ.
764 158 777 163 -
804 137 915 172 PARS
940 137 971 172 1.
1000 157 1013 163 -
1041 137 1099 173 De
1123 137 1389 173 Sacramentis
1568 138 1662 174 Can.
1691 138 1786 173 1092

153 260 293 313 monii,
312 258 423 301 unde
446 256 692 300 affirmanda
726 260 786 300 est
818 256 871 300 de
894 255 972 299 hoc
995 260 1224 311 contractu,
1259 257 1335 299 etsi
1368 255 1420 300 ab
1453 255 1692 300 infidelibus
1714 256 1786 300 tali

152 328 275 371 modo
308 327 545 384 stipuletur.

268 398 357 442 Hoc
390 411 514 442 sensu
549 399 676 454 igitur
709 410 757 441 ac
790 399 945 454 optime
989 399 1027 440 in
1072 409 1231 441 canone
1270 400 1381 442 circa
1414 398 1604 442 eamdem
1639 411 1784 456 quain·

150 482 330 526 cumque
363 469 647 513 conditionem
681 470 899 512 asseritur:
938 470 1248 512 matrimonium
1283 471 1343 513 sic
1375 473 1652 524 contractum,
1681 469 1787 513 idest

150 539 260 583 illud
291 538 433 582 'reddit
466 538 716 582 invalidmn.

270 633 423 669 Praestat
449 633 491 669 de
519 633 656 669 duabus
683 633 944 668 conditionibus
970 639 1092 669 eontra
1118 633 1352 669 substantiam
1373 634 1542 680 quasdam
1561 634 1688 669 addere
1705 644 1789 669 con-

149 693 381 729 siderationes
409 692 508 728 valde
528 692 641 733 utiles,
662 692 732 727 imo
750 696 783 728 et
801 692 1031 728 necessarias.
1061 691 1222 728 Conditio
1247 697 1368 728 contra
1394 693 1508 739 ipsum
1529 693 1660 728 bonum
1679 693 1789 739 prolis

150 763 254 798 quam
282 751 446 798 exprimit
473 750 577 796 Greg.
610 751 652 786 lX
682 763 740 797 per
767 751 890 787 verba:
924 750 994 787 «Si
1022 751 1287 797 generationem
1307 751 1413 798 prolis
1438 752 1598 794 evites»,
1618 752 1708 787 sumi
1729 763 1788 798 po-

150 816 216 846 test
242 811 294 847 vel
321 822 426 846 sensu
453 811 562 857 turpi,
591 810 680 846 idest
710 810 772 844 «si
805 810 1067 855 generationem
1105 810 1210 856 prolis
1243 811 1386 847 evites»
1417 822 1476 857 per
1499 811 1676 852 abortum,
1704 822 1788 846 ona-

150 871 318 912 nismum,
344 881 488 906 sumens
508 881 644 905 venena
661 869 868 910 sterilitatis.
887 874 971 912 etc.;
990 870 1042 906 vel
1061 881 1166 906 sensu
1186 871 1343 915 honesto,
1366 881 1492 917 nempe
1516 881 1575 917 per
1593 882 1663 906 non
1684 882 1786 906 usum

150 929 377 970 matrimonii,
405 929 578 965 servando
604 929 812 965 castitatem.

267 988 306 1024 ln
333 1000 438 1024 sensu
464 988 557 1035 turpi
586 988 684 1024 dicta
705 988 860 1024 conditio
886 993 938 1025 est
965 989 1102 1035 proprie
1128 994 1249 1025 contra
1275 989 1525 1032 substantiam,
1548 991 1689 1036 quando
1707 1001 1788 1025 con-

149 1049 291 1085 trahens
318 1059 379 1095 per
405 1058 481 1083 eam
510 1047 663 1083 intendit
688 1047 870 1083 excludere
897 1047 1013 1093 ipsum
1041 1048 1095 1083 ius
1121 1052 1154 1083 et
1179 1048 1360 1084 relativam
1381 1048 1643 1093 obligationem,
1664 1049 1788 1084 admit-

148 1113 225 1144 tens
250 1112 390 1143 tantum
418 1106 558 1142 illicitos
584 1110 693 1158 actus.
724 1104 760 1141 Si
787 1117 868 1142 vero
886 1107 1098 1142 contrahens
1116 1106 1268 1142 intendit
1294 1118 1368 1142 sese
1386 1107 1554 1152 obligare,
1576 1118 1695 1143 verum
1715 1119 1786 1143 ma-

147 1166 354 1202 trimonium
381 1166 485 1208 inire,
514 1169 546 1201 et
572 1176 612 1201 ea
637 1165 838 1201 conditione
865 1165 937 1201 vult
963 1170 1102 1201 tantum
1128 1166 1194 1201 sibi
1215 1166 1287 1202 fieri
1314 1166 1358 1201 ab
1384 1166 1493 1203 altera
1522 1171 1617 1212 parte
1643 1168 1788 1213 promis·

149 1227 283 1262 sionem
310 1226 351 1261 de
377 1225 489 1261 abusu
516 1224 603 1259 iuris
629 1224 917 1268 matrimonialis,
946 1236 1016 1260 non
1044 1230 1096 1260 est
1120 1225 1274 1260 conditio
1299 1230 1419 1261 contra
1455 1225 1701 1268 substantiam,
1728 1226 1787 1261 sed

147 1285 270 1320 modus
288 1295 347 1320 seu
362 1283 540 1330 stipulatio
556 1283 748 1319 adveniens
767 1283 991 1319 matrimonio
1010 1283 1123 1320 valide
1140 1288 1330 1325 contracto,
1358 1295 1399 1320 ac
1418 1285 1682 1321 matrimonium
1701 1289 1788 1321 tunc

150 1343 239 1379 valet
264 1348 298 1379 et
323 1343 478 1378 conditio
505 1342 660 1378 vitiatur.
690 1341 813 1386 Qualis
842 1342 883 1378 de
911 1342 1000 1378 facto
1029 1342 1130 1378 fuerit
1157 1342 1305 1379 intentio
1331 1344 1584 1387 contrahentis,
1613 1344 1787 1379 constabit

150 1403 187 1437 in
216 1402 287 1438 foro
322 1402 461 1438 interno
496 1412 536 1437 ex
570 1401 645 1437 eius
679 1401 911 1442 confessione,
940 1406 973 1437 et
999 1401 1035 1436 in
1065 1402 1136 1437 foro
1161 1406 1304 1438 externo
1331 1402 1432 1438 iudex
1459 1402 1617 1438 desumet
1643 1413 1718 1438 eam
1746 1414 1786 1438 ex

151 1461 440 1497 circumstantiis.

267 1520 333 1557 Sed
361 1521 447 1556 haec
472 1521 626 1556 conditio
652 1521 679 1555 si
708 1526 906 1567 apponatur
923 1521 1130 1568 simpliciter
1148 1521 1301 1557 excludit
1320 1521 1435 1568 ipsum
1456 1521 1510 1557 ius
1528 1532 1566 1557 ex
1588 1522 1646 1557 cit.
1668 1533 1697 1558 c.
1719 1523 1783 1557 ult.

152 1593 167 1612 «
189 1579 236 1615 De
262 1580 524 1616 conditionibus
551 1594 565 1613 »
597 1580 663 1615 nisi
690 1580 785 1616 aliud
814 1580 988 1627 probetur.
1017 1580 1184 1627 Apposita
1219 1591 1298 1617 vero
1324 1592 1403 1616 cum
1430 1581 1550 1627 aliqua
1576 1581 1788 1618 limitatione

150 1650 180 1673 v.
208 1650 262 1684 g.:
296 1639 528 1675 «Dummodo
556 1647 631 1686 post
659 1640 812 1686 primum
840 1639 892 1675 vel
918 1639 1068 1675 alterum
1097 1640 1208 1675 filium
1237 1640 1366 1684 prolem
1394 1639 1565 1675 evitemus
1591 1640 1633 1676 de
1651 1645 1787 1676 caetero

146 1697 288 1733 abusuri
318 1698 596 1743 matrimonio»,
632 1699 705 1734 vel:
743 1713 757 1731 a
781 1698 976 1734 Dummodo
1014 1698 1156 1734 interim
1195 1709 1336 1734 omnem
1377 1698 1507 1745 prolem
1546 1698 1786 1741 excludamus,

146 1756 255 1792 donec
282 1757 405 1792 melior
431 1757 572 1792 fortuna
597 1757 750 1793 arrideat
771 1771 802 1799 »,
829 1757 962 1796 indicat
988 1757 1252 1793 contrahentem
1281 1757 1431 1793 voluisse
1456 1768 1576 1793 verum
1603 1758 1693 1794 inire
1710 1768 1784 1793 ma-

146 1815 363 1857 trimonium,
392 1817 451 1852 sed
478 1816 584 1852 simul
612 1816 708 1852 abuti
738 1816 812 1852 iure
839 1816 1104 1859 matrimoniali,
1131 1816 1200 1851 nisi
1228 1816 1324 1852 aliud
1351 1821 1497 1852 constet.

264 1874 299 1910 Si
328 1876 363 1909 in
391 1886 495 1911 sensu
524 1876 669 1911 honesto
696 1875 807 1922 posita
835 1876 900 1911 fuit
927 1876 986 1911 illa
1012 1876 1166 1911 conditio
1197 1875 1260 1910 «si
1289 1876 1420 1922 prolem
1451 1875 1611 1916 evites»,
1641 1876 1683 1911 de
1712 1887 1782 1911 ser-

148 1934 263 1969 vanda
289 1934 421 1970 scilicet
447 1935 607 1970 castitate
634 1935 669 1969 in
698 1939 790 1970 statu
827 1934 1089 1976 matrimoniali,
1126 1934 1247 1970 eadem
1283 1935 1319 1969 in
1355 1935 1478 1981 primis
1506 1935 1577 1971 fieri
1605 1935 1707 1971 debet
1732 1935 1784 1969 di-

147 1993 299 2028 stinctio.
330 1992 414 2028 Nam
444 1994 709 2029 matrimonium
739 1994 877 2029 irritum
896 1998 959 2036 est,
974 1994 1001 2039 sj
1021 1994 1232 2029 contrahens
1251 2005 1291 2029 ea
1308 1994 1508 2030 conditione
1535 1994 1687 2030 intendit
1705 1995 1782 2030 nul-

147 2052 219 2086 lum
247 2052 381 2088 tradere
408 2052 461 2087 ius
487 2058 548 2088 aut
574 2058 766 2099 acceptare.
797 2052 832 2089 Si
862 2064 940 2089 vero
966 2053 1178 2088 contrahens
1205 2053 1357 2088 intendit
1374 2064 1414 2089 ea
1431 2054 1644 2098 conditione,
1673 2054 1785 2089 exclu-

145 2110 226 2146 dere
253 2115 391 2146 tantum
419 2111 505 2146 iuris
533 2111 806 2147 matrimonialis
839 2112 1057 2153 exercitium,
1091 2112 1186 2148 salvo
1212 2112 1287 2147 iure
1312 2112 1399 2158 ipso,
1425 2112 1781 2157 subdistinguendum

146 2174 208 2205 est.
239 2169 325 2205 Nam
353 2170 380 2204 si
408 2170 562 2206 conditio
588 2175 639 2206 est
664 2171 707 2207 de
732 2171 904 2206 servanda
930 2171 1088 2206 castitate
1113 2171 1156 2206 ad
1183 2175 1322 2216 tempus
1348 2182 1377 2207 e.
1403 2182 1436 2216 g.
1470 2185 1485 2203 «
1506 2170 1701 2207 Dummodo
1727 2182 1781 2206 ca-

146 2228 299 2264 stitatem
327 2240 505 2264 servemus
535 2240 594 2275 per
620 2234 689 2265 tres
715 2241 840 2272 annos,
867 2229 919 2266 vel
952 2234 1031 2276 post
1064 2229 1213 2265 alterum
1247 2230 1358 2266 filium
1381 2244 1414 2271 »‚
1443 2241 1565 2266 omnes
1590 2230 1782 2266 admittunt

146 2288 413 2323 matrimonium
442 2288 565 2330 valere,
597 2289 679 2334 quia
706 2289 760 2324 ius
787 2293 897 2335 potest
921 2289 1042 2335 utique
1076 2294 1301 2335 temporanee
1326 2289 1370 2325 ab
1396 2289 1471 2325 eius
1500 2290 1663 2325 exercitio
1688 2300 1781 2335 sepa-

146 2346 230 2388 rari,
258 2352 291 2382 et
319 2347 584 2382 matrimonium
613 2348 649 2382 in
678 2348 751 2384 iure
777 2348 949 2384 consistit.
980 2347 1015 2383 Si
1043 2359 1060 2384 e
1088 2349 1261 2383 contrario
1287 2348 1440 2384 conditio
1465 2353 1516 2384 est
1542 2349 1583 2384 de
1608 2349 1781 2385 servanda

145 2404 303 2440 castitate
330 2405 365 2440 in
396 2411 615 2452 perpetuum,
642 2418 711 2442 non
740 2406 824 2442 levis
850 2411 902 2443 est
929 2406 1001 2442 DD.
1029 2407 1350 2449 controversia‚‘an
1380 2407 1646 2443 matrimonium
1668 2408 1781 2443 valeat

145 2474 209 2498 neo
235 2474 292 2498 ne.
322 2462 487 2507 Quaestio
514 2465 581 2500 buc
608 2465 721 2501 redire
746 2465 867 2502 debet:
896 2476 942 2501 an
972 2476 1012 2501 ea
1038 2465 1239 2501 conditione
1264 2466 1380 2512 reipsa
1406 2465 1458 2501 ius
1485 2465 1601 2512 ipsum
1619 2466 1780 2501 excluda-

145 2526 212 2557 tur.
242 2521 276 2557 Si
304 2522 522 2564 affirmative,
550 2524 816 2559 matrimonium
843 2528 895 2560 est
920 2524 1083 2568 nullum3
1119 2523 1146 2558 si
1179 2524 1351 2570 negative,
1382 2524 1646 2560 matrimonium
1674 2525 1776 2560 valet.

262 2581 333 2616 lam
361 2592 439 2616 vero
467 2582 595 2628 plures,
626 2583 829 2629 praesertim
867 2583 959 2619 inter
997 2583 1207 2619 recentiores
1245 2587 1397 2628 negant;
1432 2583 1515 2630 quia
1548 2583 1583 2618 10
1608 2583 1777 2629 distingui

146 2644 255 2685 potest
281 2640 396 2686 ipsum
426 2640 478 2675 ius
504 2645 536 2676 et
563 2641 761 2676 dominium
788 2641 823 2676 in
848 2652 992 2688 corpora
1017 2642 1061 2678 ab
1081 2653 1144 2677 usu
1162 2642 1249 2677 iuris
1272 2641 1395 2688 ipsius,
1426 2642 1488 2678 Per
1514 2642 1778 2678 matrimonium

143 2698 320 2734 enascitur
346 2699 411 2741 ius,
440 2710 497 2745 per
523 2700 761 2736 conditionem
789 2701 842 2736 ius
869 2701 1093 2746 restringitur
1113 2701 1165 2737 vel
1186 2701 1314 2747 ligatur
1331 2701 1545 2746 obligatione
1563 2712 1637 2737 non
1656 2701 1777 2737 utendi

143 2768 182 2793 eo
208 2758 295 2801 iure,
326 2758 376 2794 vel
403 2758 499 2793 iuxta
525 2758 660 2805 aliquos
687 2759 723 2794 in
752 2760 977 2796 matrimonio
1004 2760 1131 2796 sufficit
1157 2761 1183 2794 si
1211 2761 1370 2796 tradatur
1396 2760 1449 2795 ius
1475 2764 1645 2796 remotum
1673 2765 1706 2796 et
1725 2771 1777 2795 ra-

143 2816 254 2852 dicale
279 2817 323 2852 ad
351 2817 482 2863 prolem
510 2817 735 2863 gignendam,
764 2829 833 2855 non
859 2823 977 2854 autem
995 2819 1186 2865 requiritur
1211 2823 1247 2854 ut
1275 2819 1434 2854 tradatur
1451 2819 1505 2854 ius
1523 2819 1719 2865 proximum
1744 2823 1777 2855 et
