1971 3261
134 129 227 166 Can.
254 130 411 165 872-873
662 131 745 165 TIT.
771 131 836 166 IV.
863 152 874 157 -
904 133 958 167 De
987 134 1227 168 Paenitentia
1696 138 1762 171 ἘΠ

139 261 212 305 per
244 253 381 292 actum
433 248 642 303 delinitur,
677 249 769 292 ideo
805 252 840 292 in
876 251 1115 295 delinitione
1159 252 1289 296 elatis
1326 256 1490 309 ponitur
1527 255 1680 312 aliquid
1715 257 1762 299 ad

140 318 467 362 iurisdictionem
507 322 773 375 pertinens».

258 389 429 445 lnsuper
462 389 620 432 directe
656 390 854 446 probatur
880 393 1174 435 iurisdictionis
1199 397 1420 437 necessitas
1445 397 1480 438 in
1518 398 1767 439 ciml’cssario

142 465 305 517 praeter
340 461 555 502 ministerii
592 460 733 503 claves
766 474 838 504 sen
866 467 1106 517 potestatem
1142 465 1361 507 sacerdotii
1384 466 1409 512 ¹,
1449 480 1496 508 eo
1531 468 1636 523 quod
1678 484 1697 506 «
1717 468 1764 510 ad

138 533 414 588 poenitentiae
446 535 754 574 sacramentum
791 533 994 576 accedens
1028 534 1181 591 aliquid
1219 541 1324 591 agat,
1350 537 1458 593 quod
1501 542 1558 579 est
1593 538 1642 579 de
1676 538 1767 581 snt)-

137 604 284 646 stantia
319 604 628 645 sacramenti».

219 709 223 714 .
260 673 354 715 196.
376 674 587 724 Quinam
611 675 708 719 sint
726 676 932 720 ministri
952 689 1057 720 cum
1077 679 1327 722 ordinaria
1345 680 1693 725 iurisdictione.
1712 707 1766 714 —

141 742 242 787 Can.
277 744 384 786 873.
417 743 446 801 ἓ
482 744 517 792 l.
559 742 794 787 ordinaria
831 744 955 789 idest:
997 761 1015 785 «
1041 760 1145 803 quae
1181 749 1267 802 ipso
1302 750 1388 790 inre
1422 749 1580 792 adnexa
1617 755 1674 793 est
1710 753 1765 793 ol-

137 814 271 857 ficio»
325 822 432 863 (can.
471 813 588 871 197),
632 814 929 857 iurisdictione
962 816 1016 859 ml
1049 817 1331 874 corasecsiones·
1369 819 1656 876 e.1·(²ipien(lns‚
1689 824 1765 863 sci-

135 884 252 928 licet:
292 900 311 925 ε(
332 885 406 927 fori
442 886 610 940 interni,
633 898 708 928 seu
742 887 1020 930 conscientiae
1043 888 1112 930 sed
1137 889 1449 931 sacramentalis
1475 907 1491 929 »
1535 891 1642 946 (can.
1672 893 1766 945 1116)

128 968 210 1013 pro
244 955 442 998 zcnieersa
464 954 658 998 Ecclesia
682 956 900 1000 videlicet:
941 973 960 998 ‹(
982 957 1133 1016 ubique
1169 964 1369 1002 terrarum
1396 965 1433 1002 et
1458 974 1553 1016 erga
1579 963 1763 1018 singulos

135 1025 321 1078 clericos,
357 1026 573 1083 religiosos
608 1029 824 1084 utriusque
862 1041 986 1071 sexus
1019 1031 1058 1071 et
1093 1028 1280 1081 laicos»,
1328 1036 1500 1086 praeter
1538 1030 1764 1075 [tenemium

139 1096 378 1152 Pontificem
401 1097 452 1140 de
478 1110 560 1154 quo
584 1099 664 1140 iam
689 1097 845 1141 dictum
867 1103 927 1141 est
946 1100 1199 1155 amplissime
1225 1103 1261 1142 in
1286 1101 1591 1143 Connnentario
1616 1102 1767 1146 Textus

135 1168 184 1211 ad
220 1181 310 1212 can.
338 1168 433 1223 218,
458 1168 684 1226 potiuntur
718 1169 757 1212 S.
778 1167 825 1212 R.
854 1168 903 1213 E.
933 1169 1197 1223 (tn-(linales,
1222 1184 1399 1227 qnorum
1434 1172 1635 1227 dignitati,
1661 1188 1764 1230 quac

141 1241 324 1284 «stricto
356 1253 480 1284 sensu
515 1245 576 1284 est
608 1241 790 1284 officium
826 1241 1153 1285 ecclesiasticum
1174 1258 1195 1281 n
1225 1242 1331 1299 (can.
1362 1243 1475 1299 1435),
1500 1244 1657 1287 adnexa
1704 1251 1763 1288 est

136 1313 226 1368 ipso
258 1313 361 1365 iure,
396 1313 590 1368 quamvis
623 1325 673 1354 ex
719 1311 939 1368 privilegio
977 1315 1013 1354 vi
1053 1325 1142 1356 can.
1179 1313 1276 1366 239,
1311 1314 1414 1367 §1⁶2
1458 1314 1516 1359 10:
1551 1328 1673 1371 quam
1709 1321 1765 1359 ta-

138 1395 231 1426 men
280 1382 477 1438 delegare
512 1387 736 1439 nequeunt,
784 1385 858 1426 etsi
893 1386 1147 1427 contrarium
1195 1385 1406 1428 videretur
1442 1389 1556 1442 sequi
1593 1400 1640 1429 ex
1676 1400 1764 1430 can.

142 1454 237 1507 199,
269 1452 401 1511 §1²2
437 1453 540 1497 alias
573 1453 773 1497 inutiliter
821 1454 1121 1497 concederetur
1154 1457 1213 1498 eis
1247 1460 1455 1512 tamquam
1499 1457 1764 1513 privilegium

135 1522 230 1580 (loc.
265 1526 332 1567 cit.
369 1523 432 1580 ⁶2⁰)
466 1523 705 1567 facultatem
746 1523 965 1579 «eligendi
1000 1524 1272 1572 sacerdotem,
1307 1527 1376 1582 qui
1410 1528 1442 1567 si
1484 1526 1768 1571 iurisdictione

135 1594 303 1638 aliunde
336 1595 501 1638 obtenta
537 1599 691 1650 careat,
725 1607 818 1639 eam
851 1598 939 1652 ipso
974 1597 1062 1638 iure
1086 1595 1281 1638 obtinet»
1320 1608 1366 1639 ac
1391 1596 1604 1640 limitatam
1631 1598 1765 1654 quoad

138 1678 347 1721 personas,
382 1679 552 1722 nempe:
586 1664 849 1710 Cardinalem
884 1666 1105 1723 eligentem
1138 1679 1317 1723 suosque
1360 1667 1594 1710 familiares.
1620 1693 1676 1698 —
1698 1668 1766 1711 Se-

135 1738 277 1794 quitur
311 1739 570 1780 enumeratio
605 1740 643 1780 in
677 1750 857 1782 canone:
891 1751 968 1795 pro
1001 1750 1075 1780 seco
1110 1737 1284 1795 quisque
1317 1738 1535 1781 territorio
1570 1752 1663 1782 cnm
1689 1739 1765 1782 loci

134 1807 481 1851 determinatione
514 1821 594 1851 non
631 1822 916 1865 personarum,
950 1809 990 1866 a)
1021 1808 1280 1853 Ordinariecs
1304 1808 1397 1859 loci,
1433 1808 1473 1864 b)
1498 1815 1536 1851 el
1556 1808 1766 1867 porcellus

135 1880 175 1931 c)
209 1877 370 1937 aliique
403 1879 475 1937 qui
509 1878 598 1923 loeo
629 1879 809 1938 parochi
854 1886 967 1934 sunt,
1013 1880 1156 1923 saltem
1190 1882 1258 1936 qui
1313 1880 1543 1936 «parochis
1576 1883 1768 1937 aequipa-

136 1954 282 1993 rantur
315 1954 355 1994 et
387 1950 668 2007 parochorum
717 1954 885 1994 nomine
919 1954 956 1993 in
993 1953 1081 1994 iure
1128 1953 1330 1993 veniunt»
1383 1954 1487 2004 (can.
1530 1951 1622 1994 451.
1655 1950 1767 2008 §2),

134 2032 228 2064 nam
264 2021 315 2064 de
347 2020 439 2064 aliis
476 2024 642 2066 vicariis
677 2022 979 2079 paroecialibus
1012 2022 1060 2065 ad
1096 2035 1184 2078 cap.
1220 2020 1268 2076 X,
1304 2023 1362 2064 tit.
1401 2020 1500 2075 Vnt,
1536 2021 1765 2065 111).111616

135 2095 357 2135 tractatum
392 2096 454 2135 est
490 2095 529 2136 in
563 2092 872 2137 Commentario
904 2092 1069 2136 Textus.

252 2162 281 2221 ξ
314 2163 352 2206 ⁶2.
390 2162 478 2206 Hac
511 2163 656 2208 eadem
689 2164 986 2208 iurisdictione
1008 2164 1186 2208 scilicet:
1227 2164 1474 2207 «ordinaria
1510 2164 1558 2206 ad
1585 2165 1764 2220 excipie-

135 2234 210 2277 das
242 2235 562 2278 confessiones»
603 2235 649 2294 (ξ
673 2235 715 2293 1)
738 2226 925 2293 qaeiclent
948 2235 1087 2291 eliam,
1124 2235 1251 2278 idest:
1285 2234 1541 2278 curnulatixe
1569 2247 1662 2277 cum
1688 2232 1765 2278 Or-

135 2304 298 2348 dinario
322 2304 398 2349 loci
423 2310 461 2348 et
487 2309 722 2362 respectivo
748 2306 942 2363 parocho,
968 2306 999 2348 lo
1019 2305 1244 2349 mznonieus
1264 2304 1621 2363 poenitentitirins
1646 2317 1682 2347 a·
1708 2318 1767 2346 ec-

135 2374 288 2419 elesiae
320 2389 481 2434 quoque
515 2376 766 2434 colleqiatae
808 2382 966 2421 tantum
1002 2382 1039 2420 et
1073 2390 1093 2420 a
1134 2378 1291 2419 l'ortiori
1338 2376 1378 2433 b)
1413 2375 1676 2425 cathedralis,
1711 2374 1766 2418 ad

136 2460 326 2490 normam
357 2461 449 2492 can.
487 2450 588 2503 401,
620 2448 693 2506 §1
731 2448 908 2492 scilicet:
957 2447 1239 2491 «absolvendi
1283 2446 1327 2504 (1)
1361 2449 1483 2490 etiam
1524 2458 1544 2489 a
1584 2449 1763 2502 peccatis

134 2522 173 2561 et
206 2530 228 2562 a
261 2520 449 2562 censuris
483 2518 688 2576 Episcopo
723 2521 947 2563 reservatis
979 2519 1018 2575 b)
1052 2521 1091 2561 in
1126 2518 1305 2562 dioecesi
1345 2522 1565 2561 extraneos
1599 2529 1763 2574 quoque

134 2589 172 2647 e)
205 2594 245 2633 et
268 2589 538 2634 dioecesanos
574 2595 690 2634 extra
725 2593 979 2634 territorium
1015 2603 1180 2647 quoque
1203 2590 1464 2632 dioecesis».
1487 2588 1558 2631 sed
1587 2587 1762 2630 notanda

254 2741 264 2762 1
287 2740 423 2786 Suppl.
455 2753 489 2786 q.
519 2741 626 2783 VIII,
652 2753 686 2775 a.
715 2742 737 2774 4
763 2753 789 2775 c.

252 2787 266 2809 ‘-'
292 2787 387 2822 Can.
420 2789 498 2823 192).
528 2792 547 2830 ἓ
574 2791 606 2823 1.
638 2788 713 2830 Qui
752 2788 1042 2823 iurisdictionis
1081 2792 1320 2832 potestatem
1359 2788 1476 2822 habet
1513 2787 1764 2825 ordinariam,

134 2839 267 2880 potest:
293 2846 377 2869 eam
404 2836 519 2870 alteri
546 2847 594 2870 ex
620 2840 704 2870 toto
734 2836 794 2870 vel
821 2847 868 2869 ex
896 2841 1004 2881 parte
1032 2835 1224 2880 delegare,
1252 2836 1328 2869 nisi
1356 2835 1462 2869 aliud
1482 2846 1661 2879 expresse
1682 2834 1763 2867 iure

135 2887 332 2917 caveatur.
