1971 3261
162 128 256 164 Can.
283 128 482 163 1116-1117
668 130 752 163 ΤιΤ.
783 129 869 164 Vn.
907 150 918 155 —
944 130 1001 165 De
1028 132 1287 166 filati-imoimo
1724 132 1791 167 671

163 247 251 292 buit
284 249 369 292 sere
402 260 545 291 omnes
578 251 800 292 canonicos
839 249 1110 306 legitimitatis
1143 251 1327 303 effectus,
1360 251 1611 308 quandoque
1654 256 1791 295 autem

164 319 454 376 illegitimitate
488 323 695 373 manente,
729 319 939 376 dispensat
972 323 1149 364 cumeis
1182 323 1291 365 circa
1326 322 1588 365 determinati
1623 325 1793 366 canonis

164 391 478 447 praescriptum.
516 388 556 431 ln
593 392 724 446 prima
759 390 891 434 solum
929 390 1145 448 hypothesi
1187 391 1362 435 liabetur
1396 392 1652 448 legitimatio,
1686 406 1792 450 quae

163 463 309 505 iterum
344 459 567 512 dupliciter
591 462 679 504 tieri
708 466 851 516 potest,
880 462 1093 505 videlicet:
1120 476 1193 519 per
1218 465 1462 519 rescriptum
1483 464 1600 506 Sedis
1624 464 1792 520 Aplcae.

163 534 201 574 in
237 529 476 587 particulari
511 543 624 584 casu,
660 536 729 574 aut
763 545 810 574 ex
847 535 935 575 iure
972 535 1009 575 vi
1044 547 1133 576 eon.
1162 536 1281 576 1116.
1311 532 1387 576 Per
1418 533 1668 592 subsequens
1701 548 1794 578 eon-

160 603 338 658 ceptioni
374 601 445 643 tilii
485 607 713 659 parentum
748 602 997 646 naturalium
1044 604 1373 654 inatrimonium,
1409 605 1534 649 idest:
1582 608 1791 648 matrimo-

161 672 312 716 nialem
347 677 622 727 contractum,
658 672 698 729 a)
730 673 816 716 sii-e
848 687 986 716 rerum
1022 675 1202 719 scilicet:
1241 676 1422 718 validum
1468 678 1575 719 sicut
1608 681 1792 732 apparet,

162 742 204 800 b)
237 743 324 786 sive
354 743 608 801 putativum,
633 757 805 800 nempe:
842 745 1087 801 invalidum,
1111 748 1306 803 quamvis
1334 751 1375 789 ut
1409 746 1488 790 tale
1523 749 1791 803 incognitum,

159 813 199 871 c)
234 814 320 857 sire
366 814 531 858 noviter
563 820 824 858 contractum
858 816 1120 865 alterutrum,
1155 830 1324 874 nempe:
1374 819 1625 860 matrimonii
1662 819 1790 861 t'orma

161 887 295 942 primo
328 891 509 939 servata,
543 885 587 943 d)
620 886 706 929 sive
738 886 1065 943 commodatum,
1090 890 1253 944 cognita
1282 887 1343 930 vel
1380 890 1517 944 ignota
1553 890 1680 944 ipsius
1704 889 1791 932 nul-

161 956 273 999 litate
317 958 430 1000 iuxta
469 957 645 1000 dicenda
691 959 729 1000 in
764 970 853 1013 cap.
891 956 958 1010 Xl,
992 957 1118 1000 etiam
1162 972 1244 1001 non
1278 964 1607 1001 consummatum
1654 964 1793 1014 postea

159 1027 454 1084 quodcumque
499 1027 704 1071 dictorum
756 1041 829 1084 per
875 1027 1196 1086 subsequentem
1242 1033 1378 1072 actum
1430 1029 1792 1083 matrimonialem,

160 1096 351 1154 leqitima
387 1100 424 1139 vi
461 1097 583 1141 liuius
600 1100 770 1142 canonis
793 1111 841 1142 ac
866 1101 952 1141 initi
977 1112 1049 1142 seu
1074 1099 1327 1143 convalidati
1351 1105 1589 1143 contractus
1616 1100 1794 1158 efficitur

156 1167 298 1225 protes
329 1172 423 1211 ante
456 1169 751 1226 quodcumque
785 1174 829 1212 ut
860 1182 985 1225 supra
1020 1173 1330 1214 matrimonium
1357 1175 1464 1226 nata,
1490 1184 1568 1214 non
1605 1185 1724 1215 secus
1746 1185 1793 1216 ac

159 1239 347 1282 decrevit
367 1239 484 1283 Alex.
511 1239 560 1282 lll
585 1239 716 1284 Exon.
750 1239 954 1297 Episcopo
975 1241 986 1263 ¹
1023 1243 1060 1283 in
1088 1240 1394 1285 Deci-etalibus:
1436 1241 1601 1285 «Tanta
1636 1248 1695 1285 est
1733 1245 1793 1286 vis

161 1311 429 1362 matrimonii,
454 1314 498 1352 ut
520 1312 590 1367 qui
624 1314 744 1353 antea
768 1316 863 1354 sunt
895 1313 1038 1367 geniti,
1064 1316 1152 1367 post
1175 1316 1435 1355 contractum
1467 1315 1792 1367 matrimonium,

160 1379 334 1436 legitimi
370 1379 614 1424 habeantur.
648 1381 688 1424 Si
718 1386 855 1425 autem
894 1384 969 1436 vir,
996 1384 1165 1425 vivente
1199 1396 1330 1426 uxore
1362 1396 1449 1437 sua,
1483 1383 1605 1427 aliam
1641 1398 1791 1441 cogno-

160 1453 278 1506 verit,
304 1455 343 1494 et
376 1465 424 1494 ex
450 1463 496 1495 ea
533 1451 690 1508 prolem
724 1455 970 1509 susceperit,
995 1452 1090 1496 licet
1123 1458 1212 1510 post
1246 1459 1421 1497 mortem
1454 1457 1594 1498 uxoris
1617 1455 1790 1499 eandem

159 1521 339 1573 duxerit,
374 1521 645 1566 nihilominus
691 1525 858 1579 spurius
905 1526 983 1567 erit
1024 1523 1197 1579 filius»,
1230 1536 1277 1568 ac
1326 1527 1491 1582 proprie
1534 1525 1794 1570 adulterinus

159 1598 327 1650 propter
376 1599 589 1651 peccatum
640 1598 921 1651 generationis
953 1598 1054 1651 eius,
1090 1609 1183 1639 nam
1233 1600 1400 1654 spurius
1433 1600 1598 1654 proprie
1641 1598 1793 1642 dicitur

156 1669 278 1708 natus
311 1679 361 1709 ex
398 1668 537 1722 ignoto
581 1670 711 1722 patre.
746 1665 817 1709 1113
851 1669 1041 1723 exceptio
1076 1666 1353 1711 Decretalium
1400 1670 1438 1711 in
1475 1670 1562 1712 iure
1596 1668 1790 1713 Codicem

159 1736 437 1793 praecedente
469 1736 679 1794 ampliata,
715 1739 919 1782 retinetur
962 1741 1000 1781 in
1035 1751 1194 1782 canone
1226 1742 1286 1783 sic
1329 1744 1629 1797 prosequente:
1674 1739 1790 1783 (lum-

157 1806 278 1850 modo
309 1813 524 1865 parentes,
548 1812 592 1851 ut
624 1821 749 1864 supra
784 1810 822 1851 in
856 1821 1028 1860 canone,
1065 1808 1224 1852 habiles
1256 1810 1493 1864 effititerint,
1516 1810 1627 1854 nullo
1662 1813 1790 1868 impe-

156 1878 341 1922 dimento
364 1878 587 1922 dirimente
621 1879 794 1932 detenti,
816 1879 873 1923 ad
903 1880 1223 1924 matrimonium
1257 1881 1369 1924 inter
1394 1896 1438 1924 se
1460 1881 1791 1926 contrahendum

159 1954 343 2007 tempore
375 1949 416 2006 a)
463 1950 760 2008 conceptionis,
795 1950 838 2007 b)
884 1951 944 1993 vet
973 1952 1299 2009 praeqnationis
1331 1952 1471 2008 solius,
1505 1953 1544 2010 c)
1584 1953 1647 1996 ret
1680 1955 1789 1997 nati-

156 2020 317 2074 vitatis,
352 2033 458 2078 quae
490 2021 672 2065 conditio
705 2021 906 2078 approbat
956 2022 1155 2079 implicite
1203 2025 1303 2066 iuris
1337 2024 1544 2068 fictionem
1597 2030 1789 2069 retrotra-

156 2090 293 2135 hentis
325 2091 648 2135 celebrationem
696 2094 947 2135 matrimonii
982 2093 1033 2136 ad
1068 2106 1194 2136 unum
1230 2107 1280 2137 ex
1325 2094 1404 2137 illis
1451 2094 1583 2138 tribus
1631 2100 1788 2153 tempo-

156 2161 285 2216 ribus,
315 2163 483 2220 quando
516 2176 666 2219 nempe
699 2165 731 2206 si
769 2163 918 2218 valide,
944 2169 987 2207 ut
1021 2169 1211 2220 potuerat
1243 2178 1344 2216 esse,
1369 2170 1627 2209 contractum
1653 2168 1788 2221 suerit,

157 2233 292 2290 proles
326 2235 468 2277 fuisset
499 2233 643 2277 saltem
679 2239 772 2277 nata
806 2247 856 2277 ex
894 2234 1030 2278 valido
1074 2237 1339 2279 matrimonio
1383 2236 1561 2294 indeque
1606 2237 1787 2294 legitima

155 2304 206 2348 ad
241 2317 431 2348 normam
469 2305 595 2350 1114.

276 2375 373 2418 5⁶25.
409 2377 629 2422 Effectus
677 2378 1050 2434 legitimationis
1096 2391 1159 2423 ex
1207 2379 1311 2424 iure
1359 2378 1700 2434 praescribuntur
1748 2381 1785 2422 in

156 2459 308 2502 genere
341 2458 414 2502 per
448 2460 539 2489 ean.
575 2448 695 2489 1117.
719 2445 826 2489 Filii
858 2446 1088 2504 teqitz'mati
1119 2448 1169 2491 ad
1205 2460 1392 2491 normam
1427 2462 1517 2492 can.
1554 2462 1689 2506 praec.
1711 2463 1788 2508 per

156 2516 408 2574 subsequens
440 2517 774 2569 matrimonium,
808 2530 903 2561 nam
937 2531 1009 2575 per
1042 2521 1290 2575 rescriptum
1338 2520 1455 2564 Sedis
1488 2520 1657 2577 Aplcae.
1693 2521 1787 2578 legi-

155 2589 310 2631 timatis
345 2600 476 2632 canon
527 2590 602 2632 iste
648 2602 729 2632 non
772 2589 1039 2646 suflragatur‚
1073 2589 1128 2633 ad
1175 2589 1344 2648 effectus
1387 2591 1624 2643 canonicos,
1658 2593 1784 2636 idest:

153 2671 256 2716 quos
287 2661 394 2703 sacri
427 2671 608 2703 canones
643 2659 926 2714 moderantur,
950 2659 1069 2719 quod'
1092 2661 1259 2715 attinet,
1292 2662 1336 2705 in
1368 2661 1558 2706 omnibus
1590 2664 1787 2721 aequipa-

154 2734 311 2772 rantur
344 2729 562 2788 leyitimis,
587 2733 640 2774 ita
674 2733 798 2774 etiam
834 2736 877 2774 ut
909 2734 947 2774 in
983 2734 1073 2775 iure
1095 2735 1262 2776 nomine
1296 2733 1576 2790 legitimorum
1605 2737 1768 2778 veniant

273 2882 283 2903 1
312 2881 404 2926 Cap.
434 2881 455 2915 6
481 2881 549 2916 cit.
578 2883 643 2917 tit.
672 2883 759 2919 Lib.
785 2883 851 2918 IV.
