1971 3261
151 121 245 157 Can.
273 116 432 153 885-886
671 116 755 150 Trr.
787 117 853 150 IV.
884 137 894 142 -
923 118 980 152 De
1018 120 1259 153 J’oenvitentz'a
1713 121 1782 154 ‘243

150 240 377 283 satisfactio
401 241 461 280 est
483 235 811 290 sacramentalis,
848 238 885 278 in
916 241 1115 293 (plantum
1154 240 1306 281 virtute
1339 237 1518 281 clavium
1546 243 1603 281 ost
1637 238 1783 294 culpae

151 311 400 355 commissae
432 309 643 364 expiativa
668 322 706 349 n.

272 379 446 423 Demum
480 391 557 421 nec
592 380 749 433 integra
777 377 842 420 illa
897 379 1109 421 «t'orinula
1144 379 1441 423 absolutoria»
1484 393 1647 436 semper
1682 383 1782 423 rcci-

150 451 275 496 tanda
308 454 382 500 cst,
418 449 515 492 dum
552 448 628 492 Ru.
664 447 781 492 Rom.
818 451 946 505 inquit
981 449 1070 492 sub.
1107 464 1142 493 n.
1184 466 1204 490 «
1230 451 1266 494 35.
1294 450 1473 506 Urgente
1516 464 1612 493 vcro
1646 450 1782 506 aliqua

151 524 270 580 gravi
306 522 551 564 necessitate
577 521 613 561 in
642 519 825 575 periculo
867 522 1021 570 mortis,
1058 520 1240 564 breviter
1273 522 1412 564 dicere
1447 524 1612 578 poterit:
1639 524 1662 541 ⁸⁸
1699 521 1782 577 Ego

151 598 189 637 te
222 591 395 636 absolvo
429 590 478 633 ad
505 588 699 632 omnibus
731 592 932 641 censuris,
956 595 995 633 ct
1031 593 1209 646 pcccatis
1245 594 1281 633 in
1318 594 1483 634 nornine
1520 592 1647 634 Patris
1673 594 1723 646 »Β
1744 596 1783 634 et

152 664 256 717 Filii,
290 667 329 706 et
360 662 538 718 Spiritus
585 662 737 704 Sancti.
782 660 912 703 Anien
941 697 963 717 ‚‚
989 677 1027 701 ›).
1063 664 1178 716 Quae
1224 662 1411 717 liturgica
1448 663 1508 706 lox
1549 666 1629 705 xiin
1665 677 1779 706 suain

152 736 313 787 retinet,
348 746 442 776 cum
477 734 501 753 “
528 734 565 774 in
588 730 740 776 Codice
774 745 969 787 expresse
1004 746 1080 774 non
1116 736 1350 789 corrigatur
1376 770 1401 786 ,,
1423 740 1530 785 (can.
1568 734 1624 789 ¹2).

271 805 369 848 ⁶209.
395 805 720 856 Quandonam
755 807 830 849 est
862 805 1111 849 absolutio
1146 807 1473 850 concedenda.
1515 831 1567 835 —
1611 806 1782 861 Cognito

153 879 230 920 ritu
252 875 511 920 substantiali
531 879 655 932 atque
680 873 927 917 accidentali
952 873 1236 927 absolutionis,
1261 881 1405 930 sponte
1434 878 1620 932 sequitur
1640 888 1782 918 norma

150 948 286 1005 quoad
322 945 632 990 concedendam
668 944 969 988 absolutionem
994 946 1214 988 servanda.
1244 945 1327 987 lloc
1354 951 1529 1001 praestat
1565 960 1654 989 mm.
1689 948 1782 987 886

153 1017 461 1075 praescribens:
488 1016 534 1060 Si
566 1015 868 1072 confessarius,
903 1015 1083 1059 scilicet:
1117 1016 1310 1058 sacerdos
1346 1017 1627 1059 iurisdictione
1672 1030 1784 1072 prae-

150 1090 274 1144 ditus,
308 1093 397 1146 post
429 1091 647 1144 exceptam
683 1086 816 1129 tidelis
854 1086 1198 1130 sacramentalem
1248 1088 1547 1130 contessionem
1592 1086 1784 1129 clubilure

152 1166 330 1218 nequeat
353 1159 403 1202 de
437 1159 546 1202 illius
574 1157 833 1216 poenitentis
865 1156 1228 1214 disposilionibus,
1257 1158 1471 1201 videlicet:
1498 1160 1606 1201 circa
1644 1171 1782 1201 veram

151 1234 466 1285 consessionem,
499 1228 858 1287 supernaturalem
895 1230 1145 1272 attritionem
1172 1242 1266 1271 cum
1302 1229 1603 1272 eineiulationis
1625 1231 1785 1271 sincero

152 1305 375 1360 proposito,
409 1306 615 1359 quatenus
649 1300 742 1343 illae
785 1300 1077 1356 dispositiones
1109 1302 1199 1342 sive
1233 1304 1426 1342 oretenus
1459 1302 1548 1342 sive
1592 1300 1707 1342 iactis
1740 1312 1786 1341 ac

151 1388 199 1418 ex
235 1374 560 1417 circumstantiis
595 1372 807 1427 patefiunt,
843 1376 881 1412 ec
916 1369 983 1412 lu'e
1005 1369 1187 1412 scilicet:
1225 1372 1437 1425 poenitens
1475 1370 1685 1412 confessus
1718 1369 1783 1411 ab·

151 1445 400 1489 solutionem
432 1448 563 1501 petat,
597 1456 670 1486 seu
694 1442 891 1498 explicite
924 1455 996 1484 seu
1023 1440 1222 1497 implicite
1250 1455 1286 1483 v.
1312 1454 1373 1496 gr.
1414 1440 1523 1483 illam
1548 1446 1784 1496 expectans,

151 1517 407 1561 confessione
443 1516 518 1557 rite
553 1518 732 1570 peracta,
768 1518 865 1556 tunc
898 1515 987 1555 sive
1023 1517 1190 1569 peccata
1225 1514 1370 1567 gravia
1397 1512 1579 1554 nondum
1616 1513 1784 1554 remissa

151 1588 366 1631 confessus
400 1586 536 1639 suerit,
571 1587 661 1628 sive
694 1586 839 1640 gravia
876 1587 954 1627 iam
992 1585 1162 1627 remissa
1199 1587 1366 1639 peccata
1402 1587 1468 1625 aut
1499 1582 1689 1633 venialia,
1723 1581 1788 1622 al,-

153 1657 309 1702 solutio
343 1671 417 1701 nee
449 1655 697 1714 deiieyaizda
731 1661 808 1705 est,
843 1660 928 1699 tum
963 1657 1059 1712 quia
1096 1654 1332 1697 huiusmodi
1375 1653 1507 1696 tidelis
1535 1670 1556 1693 «
1582 1655 1642 1696 ius
1666 1652 1785 1695 babet

152 1729 378 1787 recipiendi
413 1744 435 1769 »
473 1728 524 1772 ob
560 1732 770 1784 peractam
807 1729 882 1770 rite
916 1728 1218 1769 consessionem
1253 1725 1397 1768 abillo
1432 1726 1682 1767 confessario
1718 1737 1788 1779 per

150 1800 452 1845 absolutionem
488 1800 783 1856 consequentia
838 1796 1112 1854 «spiritualia
1149 1796 1268 1850 bona,
1317 1800 1357 1838 et
1392 1797 1648 1851 potissimum
1685 1810 1704 1834 »
1753 1796 1784 1835 si

153 1877 320 1929 propter
354 1872 510 1921 peccati
560 1868 745 1912 mortalis
777 1873 928 1911 statum
963 1870 1015 1911 sit
1048 1867 1101 1909 illi
1138 1866 1239 1909 baec
1271 1865 1474 1909 absolutio
1520 1880 1539 1905 «
1573 1865 1787 1907 adiumen-

153 1948 238 1986 tum
274 1942 324 1986 ad
360 1941 535 1986 salutem
571 1942 853 1984 necessarium
887 1955 909 1980 n
938 1939 1046 1996 (can.
1083 1937 1208 1991 6821>3
1246 1940 1327 1980 imo
1353 1950 1425 1979 nee
1457 1935 1691 1993 disserenda
1728 1941 1788 1977 pst

152 2013 372 2068 absolutio,
406 2017 491 2056 tum
530 2014 567 2054 vi
603 2011 725 2055 huius
756 2013 941 2065 canonis,
975 2015 1061 2053 tum
1095 2011 1191 2067 quia
1227 2009 1424 2052 damnum
1463 2009 1706 2064 privationis
1730 2009 1787 2048 in-

153 2086 331 2129 ferretur
370 2085 593 2140 poenitenti
628 2082 705 2126 sub
743 2084 913 2125 canonis
937 2080 1172 2137 hypothesi,
1206 2083 1276 2122 aut
1312 2078 1378 2122 ille
1415 2083 1575 2121 maneat
1611 2080 1647 2120 in
1683 2082 1787 2120 statu

154 2158 312 2213 pcccati
350 2154 547 2202 mortalis,
573 2158 643 2197 aut
662 2155 851 2210 privetur
879 2156 1103 2208 augmento
1127 2152 1285 2207 gratiae
1322 2154 1459 2205 postea
1499 2148 1790 2205 consequendo

153 2226 279 2271 dubie
315 2226 379 2270 vel
415 2239 494 2270 non
529 2228 617 2269 sine
651 2224 928 2268 incommodo.

271 2296 549 2352 Quandonam
576 2309 673 2340 vero
697 2301 737 2339 et
759 2295 911 2353 quibus
939 2311 960 2335 «
984 2292 1228 2349 deneganda
1258 2292 1320 2335 vel
1346 2291 1575 2335 differenda
1598 2292 1647 2334 sit
1672 2289 1790 2333 abso-

154 2369 255 2413 lutio
280 2385 300 2411 ))
355 2373 488 2426 potest
523 2368 653 2411 videri
703 2372 789 2410 tum
825 2366 933 2423 apud
986 2365 1187 2408 Auctores
1238 2362 1443 2419 probatos,
1479 2367 1563 2405 turn
1603 2361 1789 2405 consulto

155 2440 232 2484 Ru.
269 2440 384 2484 Rom.
420 2439 517 2498 (loc.
550 2441 619 2484 cit.
655 2452 691 2482 n.
730 2438 803 2494 22)
838 2437 906 2481 ubi
943 2440 1128 2479 recenset
1162 2434 1307 2492 quales
1341 2439 1436 2477 sunt
1464 2450 1485 2473 «
1508 2435 1576 2490 qui
1612 2432 1703 2476 talis
1728 2432 1791 2475 be-

155 2512 292 2556 ncticii
327 2510 630 2567 (absolutionis)
664 2515 759 2554 sunt
792 2512 1072 2565 incapaces».
1094 2532 1145 2537 -
1171 2505 1317 2560 Quoad
1352 2504 1651 2548 absolutionem
1675 2503 1787 2545 dilie-

156 2584 343 2637 rendam‚
380 2583 436 2625 uti
472 2581 702 2625 remedium
738 2580 788 2623 ad
825 2580 1073 2636 poenitentis
1120 2576 1470 2627 emendationem,
1504 2579 1600 2631 puto
1638 2574 1788 2616 solmn-

156 2654 279 2697 modo
312 2666 402 2697 esse
437 2652 475 2696 id
510 2651 830 2705 admittendum,
863 2652 960 2707 quia
996 2651 1032 2691 in
1075 2647 1154 2690 illis
1187 2646 1353 2691 casibus
1384 2646 1663 2689 confessarius
1702 2657 1790 2699 pru-

156 2725 303 2769 denter
337 2723 530 2768 dubitare
564 2725 713 2775 poterit
745 2721 889 2765 saltem
935 2719 985 2763 de
1018 2720 1255 2762 sinceritate
1290 2718 1501 2774 propositi,
1536 2720 1603 2759 aut
1648 2716 1698 2758 de
1730 2728 1792 2757 su-

158 2795 411 2854 pernaturali
444 2794 610 2848 dolore3
647 2807 766 2837 secus
799 2792 1027 2836 Auctoruni
1063 2791 1308 2833 sententiam
1335 2790 1480 2832 canoni
1516 2800 1603 2830 esse
1636 2792 1794 2829 contra-

160 2870 262 2911 riam
299 2871 396 2923 puto
430 2878 478 2910 ac
512 2864 815 2922 reliquendam.
