1971 3261
162 122 232 157 270
558 122 643 156 LIB.
673 122 744 156 III.
774 142 786 148 -
813 122 922 156 PARS
953 122 978 156 Ι.
1009 142 1022 148 -
1047 122 1105 158 De
1130 123 1397 157 &loramentis
1605 122 1699 159 Can.
1725 124 1795 159 901
1819 166 1825 168 b

163 242 459 299 applicatur».
493 267 537 272 ·-
584 241 688 285 Hinc
723 246 834 285 recte
867 243 925 285 sic
959 244 1103 298 incipit
1145 256 1235 285 can.
1284 244 1385 285 901.
1424 241 1507 295 Qui
1534 248 1630 300 post
1663 243 1797 302 bapti-

164 327 296 355 smum
331 311 531 355 mortalia
568 316 735 367 peccata
767 311 1045 369 perpetravit,
1082 324 1175 355 nam
1212 312 1277 355 illa
1313 324 1419 369 qnae
1451 316 1545 355 ante
1571 312 1795 357 velforsan

166 386 203 426 in
242 383 364 426 validi
400 382 659 438 baptismatis
692 384 957 438 susceptione
990 385 1215 426 commissa
1241 384 1487 439 l'uerintper
1512 382 1588 426 hoc
1611 385 1803 429 auferun-

166 459 245 507 tur,
279 453 444 510 quando
484 455 521 494 vi
555 452 699 496 saltem
741 453 1008 508 characteris,
1055 455 1276 497 coniuncto
1309 454 1613 510 supernaturali
1657 454 1801 499 dolore

166 524 217 567 de
253 526 445 580 peccatis,
483 522 714 579 baptismus
749 525 926 567 fructum
963 526 1244 580 consequitur,
1264 527 1320 567 uti
1355 525 1504 568 docent
1536 525 1714 582 theologi
1748 539 1799 569 ex

167 600 280 638 certa
304 596 522 637 sententia.
559 593 617 637 De
651 594 896 638 mortalibus
929 599 1066 638 autem
1103 600 1193 652 post
1229 594 1477 652 baptismum
1513 596 1626 639 addit
1651 596 1800 640 limita-

169 668 320 708 tionem
347 677 508 708 canon:
544 679 651 722 qrcae
682 664 868 708 nondum
899 679 977 723 per
1009 665 1144 708 claves
1192 664 1420 718 Ecclesiae,
1465 666 1649 710 scilicet:
1686 669 1802 709 mini-

169 738 296 787 sterii,
331 735 558 791 explicatas
591 736 641 779 ad
666 747 756 778 can.
793 736 892 789 871,
926 735 1065 779 addita
1089 749 1187 779 vero
1212 737 1508 791 iurisdictione,
1533 749 1639 794 qnae
1662 740 1798 781 omnia

170 809 207 849 in
245 808 430 849 ministro
467 806 590 849 validi
625 809 874 849 sacramenti
927 809 1203 862 poenitentiae
1254 809 1407 864 requiri
1452 812 1513 850 est
1544 807 1799 851 declaratum

171 880 209 919 in
244 890 333 921 can.
368 879 434 920 cit.
470 881 509 920 et
543 877 641 931 872,
675 876 835 920 directe
865 877 1045 920 remissa
1068 883 1179 933 sunt,
1215 891 1262 921 eo
1295 878 1403 934 quod
1431 878 1494 921 vel
1520 879 1703 922 invalida
1726 880 1802 923 fuit

170 961 312 991 eorum
347 948 561 1002 confessio,
601 947 662 990 vel
684 950 768 1004 ipsa
794 949 946 991 suerint
965 950 1003 991 tn
1023 949 1280 991 confessione
1305 948 1613 1004 inculpabiliter
1636 951 1801 1005 omissa⁷

171 1023 240 1062 aut
272 1032 322 1062 ex
357 1018 579 1068 oblivione,
614 1023 684 1061 aut
718 1032 795 1061 non
842 1021 1019 1062 instante
1052 1020 1320 1062 consessionis
1361 1024 1580 1076 praecepto
1619 1019 1670 1063 de
1709 1019 1802 1071 illis,

171 1091 311 1132 autin
347 1102 442 1132 casn
478 1091 733 1131 necessitatis
784 1089 1047 1145 peragendae
1095 1090 1365 1132 consessionis
1407 1103 1499 1132 cum
1543 1089 1802 1134 absolutione

172 1160 280 1216 apud
330 1162 641 1213 confessarium,
692 1162 762 1218 qui
814 1160 983 1204 carebat
1032 1160 1316 1203 iurisdictione
1364 1162 1402 1203 in
1454 1160 1533 1204 tale
1568 1167 1800 1217 peccatum.

173 1231 421 1275 Huiusmodi
455 1233 562 1274 enim
599 1234 812 1287 poenitens
846 1232 1034 1274 ‹livinnm
1070 1233 1336 1274 consessionis
1371 1237 1637 1288 praeceptum
1671 1232 1801 1275 adim-

175 1303 290 1359 plens
323 1316 418 1346 cum
452 1302 602 1345 debitis
635 1302 974 1359 dispositionibus
1003 1304 1177 1359 gratiani
1214 1305 1409 1360 consequi
1435 1302 1580 1346 debuit
1607 1305 1644 1345 vi
1669 1315 1804 1347 sacra·

175 1373 365 1417 mentalis
396 1373 680 1427 absolutionis,
714 1378 853 1429 utpote
888 1373 983 1416 huic
1017 1386 1096 1416 non
1137 1386 1291 1429 ponens
1329 1373 1504 1429 obicem,
1540 1374 1588 1417 ad
1615 1387 1803 1417 normam

176 1457 265 1488 can.
301 1445 399 1487 870,
434 1444 534 1487 Cum
574 1457 670 1486 vero
705 1446 854 1500 gratia,
888 1448 931 1487 ut
965 1446 1002 1486 in
1037 1443 1245 1500 theologia
1279 1449 1392 1487 certo
1416 1445 1602 1496 docetur,
1627 1449 1804 1502 nequeat

175 1528 315 1558 secum
353 1517 433 1571 pati
476 1514 650 1558 mortale
693 1515 859 1571 aliquod
906 1520 1121 1571 peccatum
1158 1528 1205 1558 ex
1240 1519 1386 1558 natura
1423 1528 1575 1558 rerum.
1612 1515 1677 1558 illa
1714 1530 1806 1572 pec-

177 1590 266 1629 cata
301 1585 439 1641 oblita,
474 1585 609 1629 aliave
643 1588 719 1629 rite
752 1588 903 1629 omissa
939 1588 977 1628 in
1013 1587 1283 1635 confessione,
1324 1599 1373 1629 ac
1411 1587 1580 1629 demum
1603 1586 1806 1630 subducta

178 1657 330 1700 iudicio
363 1656 653 1700 sacramentali
690 1661 857 1713 propter
891 1657 1186 1700 iurisdictionis
1220 1657 1427 1701 desectum
1454 1659 1491 1700 in
1519 1660 1718 1713 ministro,
1746 1671 1806 1700 re—

179 1730 397 1771 mittuntur
430 1741 524 1771 cum
558 1727 649 1771 aliis
683 1730 875 1784 peccatis·
897 1729 1108 1782 confessis,
1143 1740 1250 1785 qnae
1276 1730 1463 1771 remissio
1498 1727 1705 1771 indirecta
1742 1742 1810 1771 vo-

178 1803 296 1843 catur
328 1801 619 1843 communiter.

297 1898 402 1935 Cone.
432 1899 526 1934 Trid.
553 1899 588 1934 in
608 1910 683 1946 cap.
714 1898 733 1933 5
760 1910 844 1935 sess.
875 1898 950 1934 xlv
977 1900 1099 1935 docet:
1132 1913 1146 1932 «
1168 1899 1212 1934 Ex
1240 1899 1461 1935 institutione
1488 1900 1695 1935 sacramenti
1732 1911 1809 1946 poe-

179 1959 348 1994 nitentiae
374 1958 443 1994 iam
470 1958 641 2004 explicata
668 1958 717 2002 (iu
747 1969 860 2004 praec.
889 1969 965 2005 cap.
1000 1960 1042 2003 l),
1078 1959 1243 1994 universa
1279 1959 1430 1994 Ecclesia
1461 1970 1598 2005 semper
1625 1959 1807 2000 intellexit,

181 2018 377 2052 institutam
404 2028 478 2052 esse
503 2028 523 2052 a
549 2016 697 2053 Domino
724 2018 896 2062 integram
926 2022 1143 2063 peecatorum
1180 2018 1449 2059 confessionem,
1479 2023 1512 2054 et
1538 2018 1703 2054 omnibus
1735 2024 1809 2064 post

181 2077 395 2123 baptismum
423 2076 529 2122 lapsis
556 2076 630 2112 inre
656 2076 775 2112 divino
802 2077 1036 2112 necessariam
1072 2077 1241 2112 existere:
1269 2077 1352 2122 quia
1380 2076 1549 2113 Dominus
1576 2082 1692 2113 noster
1718 2078 1811 2113 lesus

181 2136 352 2177 Christus,
377 2147 395 2171 e
421 2135 521 2171 terris
555 2146 766 2171 ascensurus
791 2136 835 2171 ad
862 2136 985 2178 coelos
1019 2136 1213 2172 sacerdotes
1248 2136 1301 2171 sui
1338 2136 1447 2182 ipsius
1474 2137 1620 2172 vicarios
1654 2137 1806 2182 reliquit,

183 2200 350 2240 tanquam
377 2195 552 2241 praesides
578 2199 610 2230 et
647 2195 790 2236 iudices,
819 2195 863 2230 ad
890 2206 976 2241 quos
1003 2195 1122 2230 omnia
1150 2195 1311 2230 mortalia
1348 2195 1497 2231 crimina
1531 2196 1744 2240 deferantur⁷
1774 2196 1809 2231 in

181 2264 269 2299 quae
295 2252 422 2289 Christi
452 2253 568 2289 fideles
594 2243 803 2299 ceciderint3
833 2264 901 2299 quo
928 2264 988 2300 pro
1015 2259 1182 2300 potestate
1208 2254 1371 2294 clavium,
1390 2254 1606 2289 remissionis
1624 2259 1684 2290 ant
1703 2260 1813 2290 reten-

181 2313 287 2348 tionis
315 2317 533 2359 peccatorum
571 2312 782 2348 sententiam
823 2313 1075 2359 pronuntient:
1115 2318 1251 2348 constat
1284 2313 1393 2353 enim,
1423 2313 1616 2349 sacerdotes
1643 2313 1809 2348 iudicium

183 2373 258 2414 hoc,
286 2372 464 2417 incognita
489 2383 601 2413 causa,
621 2383 779 2408 exercere
806 2383 876 2408 non
904 2372 1068 2417 potuisse,
1096 2383 1162 2407 nec
1179 2373 1389 2418 aequitatem
1418 2372 1559 2418 quidem
1586 2372 1663 2408 illos
1682 2372 1718 2407 in
1739 2384 1801 2418 poe

183 2432 239 2466 nis
265 2430 493 2476 iniungendis
519 2442 655 2466 servare
682 2431 846 2477 potuisse,
875 2431 901 2465 si
931 2431 966 2465 in
993 2442 1120 2476 genere
1145 2431 1337 2474 dumtaxat,
1353 2435 1386 2466 et
1404 2441 1474 2465 non
1494 2430 1607 2476 potius
1632 2431 1666 2465 in
1687 2431 1811 2477 specie,

183 2501 223 2525 ac
249 2489 457 2535 singillatim
483 2500 546 2524 sua
572 2489 637 2535 ipsi
666 2495 804 2536 peccata
830 2490 1078 2526 declarassent.

301 2579 360 2624 Ex
394 2579 457 2622 his
490 2578 711 2636 colligitur,
745 2580 854 2638 quod
899 2582 1088 2637 sequitur
1131 2581 1169 2622 in
1214 2592 1371 2623 canone
1404 2592 1528 2636 quem
1562 2584 1813 2623 commenta-

186 2665 278 2695 mur
310 2664 399 2694 esse
423 2650 739 2706 intelligendum
773 2651 825 2694 de
850 2650 918 2694 illo
952 2650 1096 2694 eodem
1130 2648 1315 2694 subiecto
1338 2652 1408 2707 qui
1432 2649 1666 2694 declaratus
1688 2655 1749 2693 est
1772 2652 1810 2693 in

183 2725 272 2766 eius
304 2723 433 2776 initio,
467 2734 643 2777 nempe:
679 2720 795 2764 debet
833 2737 854 2762 α
878 2723 968 2765 iure
1002 2721 1188 2765 divino»
1228 2726 1271 2764 ut
1303 2721 1519 2764 delinitum
1554 2725 1613 2763 est
1646 2733 1812 2778 quoque

184 2795 223 2835 in
257 2805 345 2836 can.
383 2792 406 2835 7
433 2793 621 2835 eiusdem
654 2804 752 2836 sess.
787 2790 893 2846 XIV,
927 2795 969 2844 a)
1002 2791 1144 2835 omnia
1182 2806 1201 2831 «
1225 2795 1392 2848 peccata
1433 2790 1659 2834 mortalia»
1699 2792 1812 2833 initio

183 2876 271 2907 can.
308 2862 387 2906 901
426 2862 714 2916 determinata,
748 2875 847 2919 ergo
884 2862 1021 2920 quoad
1072 2864 1253 2918 speciem
1287 2874 1335 2905 ac
1358 2874 1592 2916 numerum,
1627 2874 1801 2918 quorum
