1971 3261
207 148 276 181 528
589 146 674 181 Lm.
704 146 778 180 ΙΙΙ·
809 172 817 180 .
846 146 957 182 PARS
983 147 1015 182 Ι.
1043 167 1056 173 -
1082 148 1139 183 De
1164 148 1429 184 Sam-amentis
1515 148 1607 184 Can.
1637 148 1840 185 1037-1038

209 270 246 310 in
281 272 384 310 can⁸.
419 272 536 324 seq⁸.,
571 270 659 309 tum
694 268 731 308 in
767 265 830 309 his
862 269 933 324 qui
967 273 1096 323 agunt
1129 268 1180 311 de
1214 273 1416 324 potestate
1448 268 1714 325 dispensandi
1749 271 1838 312 sive

207 339 257 381 de
292 340 377 393 ipsa
412 337 732 393 dispensatione,
769 341 853 380 tum
890 339 1012 381 etiam
1049 340 1087 381 in
1123 337 1226 382 aliis.

324 407 424 453 430.
468 410 544 453 lus
593 409 890 464 privativum
939 422 1203 465 supremae
1248 411 1560 455 auctoritatis
1608 411 1839 456 ecclesia-

206 481 360 525 sticae
403 480 534 524 circa
577 481 702 524 haec
739 480 1107 535 impedimenta.
1146 505 1192 511 —
1229 479 1335 534 Quia
1374 479 1717 536 «baptizatorum
1752 492 1837 523 ma-

206 551 448 591 trimonium
494 548 619 605 (sicut
661 553 702 592 et
744 562 823 592 non
870 548 1191 607 baptizatorum)
1225 552 1384 606 regitur
1427 552 1606 606 primum
1650 552 1740 594 iure
1776 550 1837 594 di-

209 621 304 661 vino
328 635 347 660 ))
376 631 423 662 ac
447 620 498 662 de
531 621 618 676 ipso
642 619 768 663 dubia
792 622 882 663 sive
907 622 1006 663 iuris
1029 622 1119 664 sive
1142 621 1237 664 facti
1262 633 1479 677 emergere
1507 626 1690 677 possunt,
1714 621 1840 665 refert

205 691 311 733 scire
359 693 547 746 apprime
593 690 702 747 quod
755 690 881 733 edicit
907 704 1020 734 -εαη,
1057 691 1190 734 1038.
1232 690 1260 749 ξ
1303 691 1340 735 1.
1382 690 1613 748 Supremae
1661 696 1838 748 tautum,

205 759 384 804 exclusis
416 759 609 804 omnibus
653 760 921 804 inferioribus
961 760 1173 815 gradibus,
1209 761 1482 804 auctoritatis
1515 760 1839 814 ecclesiastieae,

204 843 309 888 quae
343 833 527 874 omnium
562 830 778 874 hominum
812 836 873 874 est
910 834 1121 888 magistra,
1155 836 1194 875 et
1226 831 1487 875 subditorum
1523 834 1688 888 rectrix,
1709 837 1748 875 et
1781 846 1838 876 re-

203 902 309 945 sidet
343 904 380 944 in
415 901 600 945 Romano
634 901 833 945 Pontifice
877 914 925 945 ac
968 901 1091 946 Cone.
1126 899 1422 957 OecumenicQ
1458 903 1632 959 proinde
1669 903 1835 947 exclusa

203 985 370 1030 quoque
395 975 480 1029 ipsa
505 985 700 1028 suprema
724 972 837 1016 civili
862 975 1108 1016 auctoritate
1134 986 1205 1029 pro
1230 986 1308 1016 non
1334 972 1562 1029 baptizatis,
1581 978 1643 1016 est
1670 976 1838 1017 omnino

204 1045 417 1100 proprium
441 1057 491 1087 ex
517 1043 659 1087 divina
694 1046 978 1099 concessione,
997 1042 1238 1086 authentice
1271 1040 1398 1087 idest:
1433 1043 1680 1101 obligatorio
1714 1044 1837 1088 modo

203 1113 637 1168 declarare,scilicet:
674 1116 711 1157 in
746 1116 912 1158 casibus
947 1117 1034 1158 veri
1068 1114 1183 1158 dubii
1217 1114 1430 1170 obiectivi⁷
1465 1128 1543 1158 non
1578 1117 1659 1158 iam
1701 1115 1835 1159 solum

205 1199 277 1242 pro
310 1185 474 1229 casibus
506 1187 705 1242 qui,cum
740 1187 821 1228 sint
854 1187 958 1229 certi
993 1188 1106 1237 iuris,
1141 1185 1192 1229 ab
1225 1185 1364 1243 aliquo
1399 1191 1537 1230 tamen
1575 1186 1637 1229 vel
1671 1185 1836 1244 quibus-

203 1256 299 1300 dam
334 1256 486 1300 iudicio
522 1258 657 1299 minus
692 1260 804 1299 recto
838 1258 876 1298 in
912 1256 1087 1300 dubium
1125 1260 1358 1312 vertuntur,
1378 1255 1647 1314 quandonam
1682 1259 1721 1300 in
1755 1259 1838 1314 opi-

204 1330 373 1370 nionum
408 1327 652 1370 diversitate
688 1331 856 1383 propter
889 1329 1224 1371 circumstantias
1256 1340 1426 1371 casuum
1467 1327 1528 1370 vel
1564 1327 1738 1371 obscura
1774 1341 1835 1371 re-

207 1398 423 1441 velationis
447 1398 696 1441 documenta
730 1398 797 1440 ius
830 1397 1017 1441 divinum
1043 1414 1063 1439 (ε
1082 1401 1171 1442 sive
1206 1400 1428 1455 positivum
1464 1401 1554 1442 sive
1590 1398 1777 1442 naturale
1795 1414 1836 1453 »,

203 1469 311 1526 quod
347 1471 508 1512 etiamsi
549 1484 569 1509 «
593 1482 668 1512 nec
702 1468 898 1525 explicite
946 1482 1022 1513 nec
1070 1468 1269 1526 implicite
1303 1471 1341 1512 in
1375 1468 1527 1514 Codice
1575 1471 1837 1513 contineatur

204 1539 341 1583 adhuc
374 1545 512 1582 tamen
551 1541 662 1596 viget
684 1557 699 1577 »
741 1539 850 1596 (can.
871 1541 909 1595 6,
930 1538 1008 1597 6⁰),
1040 1539 1359 1583 matrimonium
1381 1540 1692 1598 quodcumque,
1724 1545 1762 1583 et
1796 1542 1835 1583 in

202 1612 340 1667 specie
391 1610 688 1666 baptizatorum
727 1609 768 1667 a)
803 1610 1008 1667 impediat
1042 1610 1083 1668 b)
1121 1610 1182 1653 vel
1225 1610 1417 1661 dirimat,
1452 1616 1492 1654 et
1535 1615 1838 1668 consequenter

204 1694 330 1723 unum
367 1683 503 1737 potius
550 1693 674 1738 quam
723 1680 899 1724 alterum
935 1681 1099 1724 efficiat.
1136 1707 1188 1712 —
1223 1680 1340 1724 Hanc
1376 1694 1475 1724 vero
1509 1680 1833 1724 declarationem

202 1752 326 1795 edere
371 1757 502 1808 potest
541 1751 751 1795 Romanus
786 1752 967 1795 Pontifex
1005 1752 1219 1809 (idemque
1253 1753 1416 1796 dicatur
1448 1752 1499 1795 de
1531 1751 1713 1796 Concilio
1747 1753 1834 1795 uni-

206 1821 387 1879 versali),
427 1822 488 1866 vel
540 1836 612 1879 per
660 1823 944 1866 definitionem
995 1823 1274 1879 dogmaticam
1326 1823 1501 1879 loquens
1543 1836 1592 1866 ex
1637 1821 1833 1866 cathedra

201 1893 395 1951 equidem
432 1893 714 1949 infallibiliter,
751 1898 871 1950 prout
904 1896 1140 1937 continetur
1165 1896 1202 1936 in
1227 1893 1352 1938 Conc.
1374 1892 1558 1937 Vaticani
1593 1893 1836 1937 definitione

203 1964 520 2019 infallibilitaus,
543 1964 604 2008 vel
632 1978 704 2021 per
728 1964 861 2021 legem
889 1965 1170 2008 universalem
1205 1967 1242 2008 in
1277 1978 1359 2023 qua
1392 1964 1460 2008 illa
1494 1963 1720 2008 declaratio
1743 1977 1835 2008 con-

203 2038 402 2079 tineretur
443 2035 655 2092 implicite‚
689 2048 736 2079 ac
766 2041 865 2079 tunc
913 2038 1036 2079 etiam
1087 2035 1358 2079 infallibiliter
1390 2040 1594 2093 quatenus
1627 2034 1837 2079 Romanus

205 2106 387 2149 Pontifex
422 2120 470 2150 ex
507 2106 649 2150 divina
673 2106 851 2163 Spiritus
874 2106 1012 2150 Sancti
1047 2109 1278 2150 assistentia
1314 2120 1392 2150 non
1426 2105 1541 2150 dabit
1575 2106 1686 2162 leges
1722 2106 1837 2149 indu-

202 2182 343 2221 centes
375 2176 605 2220 Ecclesiam
640 2177 689 2221 ad
723 2177 933 2234 agendum
981 2182 1125 2221 contra
1171 2177 1236 2221 Ius
1278 2177 1486 2232 divinum,
1520 2178 1715 2234 quamvis
1757 2176 1835 2219 hoc

201 2247 338 2291 adhuc
383 2248 598 2291 delinitum
646 2261 724 2291 non
767 2251 832 2303 sit,
868 2247 932 2291 vel
968 2261 1040 2305 per
1084 2248 1219 2305 legem
1264 2247 1556 2305 particularem
1593 2261 1665 2304 pro
1697 2246 1835 2304 aliqua

202 2320 384 2374 regione,
407 2318 469 2361 vel
508 2331 579 2374 per
613 2323 879 2375 praeceptum
916 2324 986 2362 aut
1018 2318 1368 2375 dispensationem
1406 2320 1444 2361 in
1478 2330 1592 2372 casu,
1615 2329 1721 2375 quae
1754 2316 1834 2371 lex,

201 2394 465 2446 praeceptum
486 2402 533 2432 ac
552 2389 804 2445 dispensatio
823 2389 1148 2433 declarationem
1169 2389 1279 2432 illam
1300 2393 1592 2445 supponerent,
1617 2387 1831 2440 videlicet;

199 2463 322 2503 etiam
348 2463 386 2503 in
423 2460 484 2503 his
510 2461 738 2516 parendum
764 2465 884 2516 esset,
904 2473 951 2504 ac
977 2461 1087 2504 licite
1112 2460 1393 2517 deponeretur
1416 2459 1587 2504 dubium
1613 2472 1636 2503 a
1660 2460 1833 2515 privatis

201 2545 273 2587 pro
299 2531 406 2574 licita
429 2533 544 2587 praxi
569 2544 616 2574 ex
645 2532 800 2575 reflexo
826 2533 1055 2588 principio:
1082 2546 1102 2572 (ι
1125 2530 1362 2575 obedientia
1385 2535 1557 2574 excusat
1580 2529 1832 2573 indubiis».

318 2602 607 2645 Praecedentis
630 2602 657 2660 ἓ
681 2605 743 2645 ius
766 2605 898 2645 oritur
931 2615 980 2645 ex
1018 2604 1076 2646 rei
1110 2607 1255 2645 natura
1290 2601 1579 2658 expostulante
1606 2599 1829 2657 specialem

199 2672 271 2716 Dei
315 2675 642 2727 concessionem,
686 2675 755 2730 qui
801 2672 1031 2716 Ecclesiam
1075 2675 1136 2716 sui
1181 2671 1270 2715 Filii
1315 2684 1506 2728 sponsam
1555 2670 1737 2727 providit
1779 2670 1831 2712 de

198 2742 390 2787 omnibus
424 2745 461 2785 in
501 2746 653 2786 rectam
690 2743 876 2786 fidelium
916 2745 1042 2786 vitam
1076 2744 1334 2786 necessariis.
1366 2768 1418 2773 —
1453 2740 1756 2785 Tantummodo
1791 2742 1829 2782 in

198 2815 462 2857 convenienti
487 2812 697 2856 Ecclesiae
722 2816 923 2871 regimine
948 2813 1143 2857 fundatur
1165 2812 1193 2870 ἓ
1217 2813 1254 2858 ⁶2.
1279 2811 1429 2856 Eidem
1451 2825 1672 2870 supremae
1694 2816 1831 2854 aueto-

196 2884 322 2927 ritati
354 2896 479 2940 supra
528 2884 774 2940 explicatae,
808 2897 914 2942 quae
959 2898 1032 2941 per
1065 2884 1212 2928 Sacras
1244 2882 1596 2940 Congregationes
1642 2883 1827 2925 exerceri
