1971 3261
173 192 267 228 Can.
296 191 364 226 786
678 191 760 226 TIT.
786 191 838 225 ΙΙ.
868 211 879 217 -
907 191 964 226 Dc
995 191 1301 236 Confirmatt'one
1765 192 1810 226 85

173 314 387 355 scientiam
424 310 467 368 b)
501 316 541 354 et
572 310 791 369 fructuose
827 310 1010 355 scilicet:
1045 313 1220 367 gratiam
1262 310 1455 354 obtinens
1498 324 1571 368 per
1603 324 1645 354 se
1679 324 1727 355 ac
1760 325 1808 355 ex

175 377 432 426 institutione
465 384 731 435 sacramenti,
763 380 1047 438 confirnzetur,
1080 381 1197 425 [lebet
1231 396 1320 424 esse
1352 381 1393 438 a)
1429 383 1472 425 in
1504 388 1620 425 statu
1640 381 1812 440 yratz‘ae

172 453 439 505 constitutus,
472 453 654 497 scilicet:
691 454 825 496 infans
857 466 907 496 ex
945 452 1020 496 hoc
1055 453 1165 509 quod
1191 455 1241 496 sit
1268 452 1497 509 baptizatus
1521 458 1644 511 atque
1679 457 1721 496 ut
1755 455 1809 496 ait

174 525 286 569 Pont.
322 524 441 569 Rom.
480 524 661 568 «Aduui
710 523 912 567 deberent
963 526 1077 580 prius
1126 529 1293 580 peccata
1344 526 1549 580 confiteri,
1598 529 1635 568 et
1672 529 1809 581 postea

172 597 426 651 confirmari,
466 595 528 639 vel
562 595 707 639 saltem
745 595 812 652 (ac
843 596 1015 652 suflicit)
1052 595 1103 639 de
1140 594 1398 649 mortalibus,
1438 598 1469 639 si
1505 598 1543 639 in
1578 608 1624 639 ea
1662 595 1811 639 incide·

174 669 267 722 rint,
291 670 561 711 conterantur
585 681 625 720 )),
659 666 768 724 quod
805 671 865 709 est
900 666 1081 722 perfecte
1115 666 1258 710 dolere
1292 666 1340 710 ad
1381 667 1714 723 recuperandum
1736 671 1812 710 sta-

172 743 257 782 tum
292 740 476 794 gratiae3
511 749 604 780 nam
640 741 684 780 ut
717 739 851 795 inquit
895 736 939 779 D.
982 736 1055 780 Th.
1082 738 1093 759 1
1135 739 1285 781 «sicut
1329 750 1379 780 ex
1415 739 1504 794 ipso
1539 739 1705 780 nomine
1739 750 1809 794 ap-

173 813 289 866 paret
323 808 400 852 hoc
432 812 741 852 sacramentum
776 808 900 852 datur
933 808 983 851 ad
1019 808 1369 863 confirmandum,
1404 809 1513 866 quod
1550 810 1663 865 prius
1696 810 1811 852 inve-

172 882 291 935 nerit,
326 885 365 924 et
399 880 491 924 ideo
526 893 605 923 non
640 879 765 923 debet
783 879 872 923 dari
898 878 961 922 his
985 882 1055 937 qui
1082 892 1160 922 non
1182 878 1335 923 habent
1359 882 1553 936 gratiam.
1573 879 1621 923 Et
1642 884 1810 936 propter

171 951 249 995 hoc
281 953 388 995 sicut
422 964 501 994 non
536 950 659 994 datur
693 963 771 993 non
809 949 1036 1007 baptizatis,
1081 949 1147 1006 (eo
1181 950 1291 1008 quod
1338 950 1556 994 character
1588 951 1808 994 confirma·

171 1024 293 1066 tionis
325 1035 374 1065 ex
412 1023 657 1065 necessitate
706 1023 1004 1078 praesupponit
1052 1020 1339 1064 characterem
1393 1020 1715 1077 baptismalem),
1756 1022 1808 1064 ita

171 1106 250 1137 non
286 1092 411 1137 debet
444 1093 533 1136 dari
568 1092 722 1136 adultis
757 1091 1047 1148 peccatoribus
1080 1092 1260 1149 (ratione
1294 1091 1467 1135 alterius
1505 1092 1707 1148 effectus),
1734 1094 1809 1135 nisi

172 1178 245 1222 per
279 1166 574 1221 poenitentiam
611 1166 826 1220 reparatis.
865 1162 983 1208 Unde
1006 1163 1160 1207 dicitur
1185 1166 1222 1206 in
1248 1162 1537 1206 Aurelianensi
1561 1162 1745 1206 Concilio
1771 1161 1807 1205 2;

173 1241 216 1279 ut
250 1237 375 1279 ieiuni
410 1235 461 1278 ad
495 1236 854 1279 confirmationem
909 1236 1092 1287 veniant,
1141 1239 1184 1277 ut
1228 1239 1475 1277 moneantur
1508 1235 1808 1277 confessionem

172 1308 307 1350 facere
342 1308 468 1363 prius,
506 1311 549 1349 ut
582 1306 726 1349 mundi
762 1305 916 1349 donum
962 1304 1139 1361 Spiritus
1182 1304 1320 1348 Sancti
1358 1304 1523 1348 valeant
1554 1307 1746 1361 accipere
1770 1321 1809 1349 )).

170 1376 219 1421 Et
251 1381 349 1421 tunc
385 1391 459 1434 per
491 1376 568 1421 hoc
601 1381 912 1420 sacramentum
950 1377 1164 1433 pei-ficitur
1200 1378 1478 1432 poenitentiae
1501 1377 1685 1430 essectus,
1704 1379 1811 1420 sicut

169 1453 209 1492 et
242 1447 451 1505 baptismi,
485 1450 581 1506 quia
616 1461 688 1504 per
721 1450 899 1505 gratiam
933 1447 1126 1491 collatam
1163 1449 1201 1490 in
1239 1447 1315 1490 hoc
1364 1453 1627 1491 sacramento
1665 1461 1808 1492 conse-

170 1522 313 1578 quitur
362 1522 577 1577 poenitens
628 1519 856 1576 pleniorem
913 1520 1199 1562 remissionem
1258 1521 1441 1575 peccati;
1492 1523 1531 1562 et
1579 1521 1610 1561 si
1661 1519 1811 1576 aliquis

170 1590 336 1635 adultus
371 1594 408 1634 in
445 1596 615 1648 peccato
648 1592 845 1645 existens,
878 1593 998 1634 cuius
1041 1591 1338 1634 conscientiam
1385 1603 1464 1633 non
1499 1589 1641 1644 hahet,
1680 1589 1742 1634 vel
1777 1592 1808 1633 si

170 1665 292 1707 etiam
329 1676 408 1706 non
459 1663 640 1720 perfecte
689 1664 892 1706 contritus
939 1662 1127 1715 accedat,
1175 1661 1405 1705 dummodo
1459 1675 1538 1705 non
1595 1678 1614 1702 «
1641 1663 1760 1706 lictus
1784 1678 1804 1703 ))

169 1734 343 1778 accedat
391 1733 633 1789 (ostendens
680 1736 797 1777 sein
832 1738 939 1777 statu
991 1735 1150 1790 gratiae
1198 1735 1469 1776 constitutum
1519 1735 1711 1777 conscius
1760 1733 1810 1776 de

170 1804 377 1863 opposito)
428 1818 500 1863 per
547 1807 723 1862 gratiam
775 1804 968 1848 collatam
1019 1806 1058 1847 in
1111 1803 1188 1848 boc
1236 1808 1498 1848 sacramento
1532 1808 1810 1862 consequetur

170 1879 457 1933 remissionem
495 1872 802 1933 peccatorum»
852 1878 1046 1933 quamvis
1090 1889 1168 1918 non
1213 1878 1265 1919 sit
1307 1875 1356 1919 ad
1399 1871 1476 1919 hoc
1510 1875 1667 1919 directe
1702 1878 1809 1919 insti-

170 1951 318 1990 tutum.
356 1972 407 1977 —
443 1946 624 2004 Explicit
657 1959 789 1990 canon
814 1948 873 1990 sic
897 1946 1032 2003 quoad
1070 1945 1292 1990 liceitatem
1319 1950 1357 1988 et
1381 1946 1560 1989 fructum
1585 1946 1636 1989 de
1660 1945 1810 2003 quibus

169 2030 318 2075 supra:
353 2023 408 2071 et,
441 2017 479 2061 si
511 2031 589 2060 usu
622 2017 807 2061 rationis
838 2017 1015 2076 polleat,
1051 2017 1234 2061 scilicet:
1269 2016 1449 2071 adultus,
1484 2030 1563 2059 non
1600 2019 1734 2060 infans
1757 2017 1806 2060 ad

169 2102 336 2133 sensum
371 2102 460 2133 can.
497 2089 581 2133 745
614 2089 642 2147 ξ
676 2089 716 2144 ⁶2,
755 2104 775 2130 ((
800 2088 924 2132 (lebet
958 2102 1047 2132 esse
1074 2103 1094 2129 >)
1135 2087 1173 2141 b)
1205 2087 1461 2145 sufficienter
1502 2088 1735 2131 instructas
1769 2091 1806 2130 in

170 2160 395 2204 christiano
442 2160 697 2204 catechismo
747 2162 991 2217 praesertim
1040 2161 1151 2203 circa
1198 2158 1276 2202 hoc
1319 2164 1643 2209 sacramentum,
1682 2172 1805 2217 quam

170 2233 485 2275 instructionem
519 2231 699 2275 dandam
737 2233 915 2288 iniungit
959 2229 1150 2287 parochis
1184 2243 1274 2273 can.
1313 2230 1441 2282 1330,
1480 2229 1533 2272 10.
1570 2256 1622 2260 ——
1657 2229 1806 2274 Conse-

169 2316 301 2361 quens
330 2308 391 2347 est
423 2316 473 2346 ex
509 2307 789 2347 commentato
821 2315 995 2356 canone,
1019 2301 1213 2345 omnihus
1238 2301 1459 2357 baptizatis
1482 2300 1639 2359 absque
1664 2303 1810 2345 aetatis

170 2379 241 2418 aut
272 2387 396 2418 sexus
429 2375 695 2418 distinctione
728 2374 1088 2417 confirmationem
1125 2375 1214 2416 iure
1245 2371 1392 2415 divino
1427 2372 1551 2416 tribui
1588 2386 1719 2428 posse,
1754 2377 1808 2415 at-

168 2458 249 2504 que
283 2446 321 2489 id
357 2445 600 2490 corroborat
634 2444 679 2488 D.
714 2444 892 2488 Thomas
936 2444 998 2487 his
1022 2445 1036 2466 ²³
1075 2443 1235 2488 verbis:
1287 2444 1485 2487 «dicitur
1531 2443 1641 2500 (Act.
1682 2443 1725 2497 ll,
1763 2443 1805 2499 ἓ)

170 2517 278 2574 quod
313 2516 490 2573 Spiritus
523 2516 698 2560 Sanctus
731 2516 961 2560 adveniens
996 2514 1174 2571 replevit
1209 2518 1336 2557 totam
1372 2514 1559 2568 domum,
1587 2527 1804 2570 perquam

169 2589 430 2645 significatur
461 2587 670 2642 Ecclesia3
706 2592 746 2631 et
779 2591 918 2644 postea
952 2585 1145 2630 subditur
1183 2585 1292 2643 quud
1342 2585 1487 2642 repleti
1533 2590 1628 2628 sunt
1666 2598 1808 2627 omnes

169 2659 324 2716 Spiritu
357 2658 520 2703 Sancto,
559 2658 638 2703 Sed
678 2658 728 2701 ad
770 2657 881 2701 illam
918 2654 1217 2714 plenitudinem
1253 2656 1592 2712 consequendam
1629 2655 1705 2699 hoc
1744 2668 1805 2698 sa-

169 2734 428 2774 cramentum
454 2729 589 2774 datur.
640 2729 748 2785 Ergo
795 2733 855 2772 est
904 2727 1097 2771 omnibus
1135 2730 1205 2786 qui
1244 2732 1338 2770 sunt
1381 2730 1417 2769 in
1464 2727 1648 2770 Ecclesia
1691 2725 1806 2770 exhi-

172 2801 354 2845 bendum
375 2817 414 2846 )).

290 2908 301 2929 1
328 2907 417 2942 Loe.
444 2907 511 2941 cit.
537 2918 571 2941 a.
601 2907 621 2941 7
649 2906 696 2940 ad
721 2907 784 2940 ‘2⁰1
822 2927 866 2931 —
902 2906 915 2928 2
942 2905 983 2940 C.
1013 2905 1034 2939 6
1061 2905 1152 2939 dist.
1178 2906 1213 2939 5.
1242 2905 1299 2938 De
1327 2912 1543 2938 consecrat.
1575 2923 1616 2927 —
1654 2903 1667 2924 3
1693 2902 1734 2935 3³
1760 2901 1803 2935 P.

171 2967 206 3000 q.
237 2954 404 2997 LXXII,
424 2966 459 2988 a.
487 2955 521 2995 8,
