1971 3261
235 188 305 222 470
635 185 721 219 Ltss.
751 184 822 218 111.
853 205 864 209 -
890 184 1002 218 PARS
1029 185 1058 218 t.
1089 204 1101 210 -
1127 184 1185 218 De
1210 184 1474 219 Sacramentis
1650 183 1743 219 Gan.
1771 184 1862 219 1001

236 305 470 362 cipiendam
505 304 808 347 ordinationem
843 305 881 346 in
916 303 1044 346 altera
1069 303 1284 357 dioecesis,
1323 302 1390 346 ubi
1425 303 1529 346 desit
1552 304 1744 359 propriae
1770 302 1862 345 reli-

238 377 371 432 gionis
404 375 564 428 domus,
599 373 663 417 vel
698 386 804 431 quae
827 373 935 416 adsit
967 375 1073 416 iusta
1107 373 1157 416 de
1190 384 1315 416 causa
1349 386 1427 415 non
1455 372 1674 425 adeunda,
1708 371 1751 429 b)
1774 384 1864 415 sae·

238 445 403 487 cidares
436 458 545 499 vero,
579 446 703 487 etiam
738 446 777 486 in
811 445 1023 487 communi
1051 445 1241 486 viventes
1273 445 1361 485 sine
1394 445 1514 496 votis,
1552 442 1614 485 vel
1655 445 1693 485 in
1728 442 1867 500 aliquo

236 515 516 559 ecclesiastico
559 514 748 570 collegio,
789 513 832 556 iu
858 513 1095 557 Semiuario
1129 514 1332 557 dioecesis
1366 515 1571 569 propriae,
1617 512 1679 556 vel
1714 515 1753 555 in
1787 524 1868 570 qua

237 598 396 629 sacram
433 587 632 642 recipient
667 585 987 638 ordinationem,
1020 587 1085 627 cui
1130 583 1320 627 substitui
1368 588 1499 640 potest
1530 597 1696 640 semper
1730 583 1794 626 vel
1828 585 1867 626 in

237 669 353 710 casu,
385 656 494 713 qnod
530 668 662 699 canon
696 655 828 699 addit:
866 660 940 697 aut
964 654 1006 697 iu
1032 654 1135 703 alia,
1167 654 1242 712 piu
1276 668 1314 697 v.
1350 667 1411 710 gr.
1448 657 1486 696 in
1520 654 1644 697 dictis
1676 653 1871 697 domibus

241 727 305 771 vel
325 727 514 784 collegio,
538 727 600 770 vel
621 726 804 784 qualibet
823 729 882 770 sic
901 728 1067 783 proprie
1085 726 1195 769 dicta
1215 725 1266 769 ob
1299 727 1388 768 eius
1412 726 1535 768 tinem
1561 725 1779 782 religionis
1804 725 1870 768 vel

237 800 433 851 caritatis,
471 797 531 840 cel
554 797 757 854 reliyiosa
781 796 901 840 domo
925 810 1095 853 nempe:
1136 812 1158 837 «
1180 796 1357 840 alicuius
1383 795 1594 852 religionis
1614 798 1653 838 in
1672 809 1863 853 genere»

239 868 347 925 (can.
385 868 482 923 488,
529 868 603 924 5032,
648 868 719 911 sed
765 867 913 911 harum
961 867 1160 910 alterutra
1209 879 1316 924 quae
1359 868 1411 909 sit
1443 865 1492 908 ab
1525 865 1733 924 Episcopo
1765 865 1871 909 desi-

234 944 383 997 9nata,
416 939 560 982 saltem
598 952 670 995 per
702 938 958 994 singularem
993 940 1321 981 concessionem.

354 1009 405 1054 Ut
442 1023 539 1053 vero
570 1022 715 1053 sacrae
748 1009 1021 1052 ordinationis
1055 1008 1222 1051 liceitati
1256 1021 1306 1051 ex
1341 1007 1465 1051 huius
1497 1010 1708 1064 praecepti
1731 1006 1870 1051 obser-

242 1083 378 1124 vantia
411 1083 701 1137 prospiciatur,
736 1080 923 1123 decernit
955 1081 979 1133 ἓ
1013 1079 1051 1121 4.
1091 1078 1148 1122 De
1176 1078 1363 1136 peractis
1392 1077 1690 1136 spiritualibus
1712 1079 1870 1122 excerci-

240 1151 311 1194 tiis
344 1151 393 1194 ad
430 1164 618 1194 normam
651 1150 709 1209 §g
743 1151 781 1206 1,
816 1150 839 1193 2
873 1148 1108 1207 Episcopus
1142 1149 1354 1203 ordinans,
1399 1148 1623 1207 Abbasque
1659 1149 1721 1192 vel
1758 1149 1874 1193 Prae-

239 1222 345 1266 latus
378 1221 543 1276 nullius,
593 1220 780 1265 Vicarius
830 1221 1149 1278 Praefectusque
1198 1219 1473 1276 Apostolicus,
1506 1220 1673 1277 quando
1707 1219 1746 1262 hi
1779 1225 1874 1263 sunt

237 1293 482 1346 ordinaturi,
516 1292 672 1335 certior
704 1292 779 1348 fiat
812 1291 852 1349 a)
891 1291 1130 1334 testimonio
1180 1290 1425 1348 Superioris
1458 1289 1622 1344 domus,
1655 1290 1872 1334 videlicet:

238 1366 341 1420 piae,
381 1363 612 1420 religiosae,
650 1363 711 1406 vel
746 1357 983 1410 Seminarii‚
1019 1367 1062 1405 ut
1106 1365 1143 1404 in
1188 1361 1323 1404 littera
1363 1361 1407 1418 b)
1441 1361 1478 1415 ξ’
1514 1373 1664 1415 praec,
1704 1361 1746 1404 iu
1791 1375 1872 1419 qua

235 1440 410 1492 peraeta
443 1434 621 1492 fuerint,
655 1446 761 1491 quae
800 1433 925 1477 verba
961 1435 1137 1476 innuunt
1166 1445 1310 1475 eorum
1335 1431 1709 1488 complementum3
1735 1431 1776 1488 b)
1797 1431 1871 1487 cel,

237 1505 275 1548 si
306 1505 356 1548 de
388 1505 602 1562 reliqiosis
635 1510 804 1562 affatur,
839 1517 941 1561 quos
976 1505 1145 1560 respicit
1179 1503 1246 1546 citi
1279 1503 1316 1557 ξ
1352 1515 1446 1559 pars
1468 1501 1545 1546 sub
1569 1502 1702 1546 littera
1724 1505 1786 1557 a),
1810 1507 1873 1545 ut-

240 1576 458 1619 {estationi
478 1575 646 1633 proprii
668 1575 804 1632 quoad
825 1575 1102 1618 ordinandum
1128 1573 1377 1631 Superioris
1401 1573 1590 1624 maioris,
1610 1575 1677 1617 cui
1703 1573 1874 1630 proinde
1934 1608 1942 1615 .

239 1652 358 1690 antea
392 1652 581 1690 constare
613 1645 735 1689 debet
774 1648 859 1702 ipsa
896 1650 1061 1702 peracta
1097 1646 1235 1688 fuisse.

941 1820 1086 1856 CAPUT
1113 1820 1180 1855 tv:

538 1906 592 1939 De
618 1905 762 1939 ritibus
788 1905 827 1939 et
854 1904 1109 1939 caeremoniis
1136 1913 1271 1939 sacrae
1297 1902 1571 1938 ordinationis.

286 2021 369 2058 Cn.
403 2020 504 2056 1002.
534 2042 554 2048 -
583 2021 618 2056 ln
646 2023 768 2067 quovis
807 2021 1019 2057 conferendo
1140 2019 1225 2056 CAN.
1259 2018 1360 2055 1004.
1393 2040 1409 2047 -
1438 2018 1472 2055 Si
1501 2020 1592 2066 quiS,
1616 2020 1685 2054 ritu
1715 2019 1876 2056 orientali

237 2070 370 2114 ordine,
402 2070 560 2104 minister
588 2070 743 2115 proprios
769 2069 856 2104 ritus
879 2070 914 2103 in
933 2068 1019 2104 Pon·
1092 2068 1136 2103 ad
1170 2068 1306 2113 aliquos
1345 2067 1484 2103 ordines
1524 2068 1591 2101 iam
1630 2071 1820 2113 promotuS,
1857 2077 1877 2102 a

237 2118 354 2152 tificali
386 2117 540 2152 Romano
566 2117 686 2152 aliisve
713 2116 898 2152 ritualibus
921 2116 1020 2151 libris
1094 2114 1181 2151 Sede
1201 2115 1398 2162 Apostolica
1419 2115 1594 2149 indultum
1613 2114 1803 2149 obtinuerit
1821 2125 1877 2149 su-

237 2167 280 2200 ab
316 2163 466 2200 Ecclesia
506 2164 658 2210 probatis
697 2164 898 2210 descriptos,
940 2164 1020 2198 ada·
1098 2163 1247 2208 periores
1265 2162 1405 2197 ordines
1427 2161 1639 2207 suscipiendi
1667 2161 1734 2196 ritu
1753 2161 1873 2197 latino.

240 2212 385 2246 mussim
413 2217 533 2251 servet,
562 2222 646 2257 quos
675 2211 772 2246 nulla
790 2212 924 2246 ratione
944 2210 1021 2246 licet
1095 2210 1195 2245 debet
1224 2211 1319 2255 prius
1345 2209 1413 2244 ritu
1441 2209 1549 2244 latino
1569 2208 1720 2254 recipere
1738 2208 1878 2244 ordines

240 2259 426 2305 praeterire
455 2259 505 2293 vel
533 2259 717 2294 invertere.
1096 2268 1182 2303 quos
1209 2258 1277 2291 ritu
1303 2256 1462 2292 orientali
1491 2267 1562 2291 non
1589 2255 1768 2301 receperit.

286 2304 369 2341 CAN.
407 2306 504 2340 1003.
533 2327 549 2331 -
579 2305 683 2340 Missa
711 2304 943 2340 ordinationis
970 2305 1022 2340 vel
1143 2304 1227 2340 CAN.
1260 2303 1357 2339 [005.
1387 2325 1404 2328 -
1434 2301 1567 2339 Omnes
1592 2303 1636 2337 ad
1660 2303 1807 2337 maiores
1826 2313 1878 2337 or-

238 2353 511 2388 consecrationis
537 2353 743 2398 episcopalis
766 2364 903 2398 semper
922 2352 1022 2388 debet
1097 2352 1197 2387 dines
1226 2351 1371 2396 promoti
1399 2350 1607 2395 obligatione
1633 2354 1798 2385 tenentur
1824 2360 1878 2384 sa-

238 2401 282 2435 ab
309 2401 454 2445 ipsomet
485 2400 717 2435 ordinationis
758 2400 806 2435 vel
843 2410 1023 2435 consecra·
1097 2410 1175 2434 crae
1201 2398 1460 2433 communionis
1489 2398 1523 2432 in
1552 2397 1626 2443 ipsa
1647 2396 1879 2432 ordinationis

238 2447 345 2481 tionis
373 2447 532 2482 ministro
559 2448 741 2483 celebrari.
1098 2445 1203 2481 Missa
1230 2446 1465 2491 recipiendae.

360 2565 457 2608 38¹.
499 2568 757 2623 Inscriptio
805 2567 982 2622 capitis
1030 2567 1254 2621 ordoque
1302 2577 1562 2609 canonum.
1598 2588 1649 2593 —
1683 2562 1882 2618 Sequitur

243 2635 376 2693 Capul
410 2635 471 2678 Il⁷
505 2635 561 2678 De
596 2635 752 2678 ritibus
787 2649 858 2679 seu
896 2635 1086 2678 formulis
1119 2637 1368 2689 orationum,
1403 2633 1754 2680 exhortationum,
1799 2632 1878 2674 for-

243 2719 346 2757 mae,
379 2712 417 2749 el
451 2706 727 2749 eaeremoniis
773 2706 848 2749 boe
893 2711 975 2749 est:
1018 2707 1281 2761 impositione
1334 2717 1546 2756 manuum,
1601 2701 1878 2756 unctionibus,

243 2776 574 2833 porrectionibus
609 2779 994 2825 instrumentorum,
1028 2774 1404 2832 genuflexionibus,
1452 2780 1531 2817 etc.
1574 2786 1723 2816 sacrae
1764 2771 1876 2815 ordi-

242 2847 442 2901 nationis,
477 2859 583 2903 quae
622 2846 761 2898 verba,
798 2846 862 2889 liic
891 2845 1309 2902 «comprehendunt,
1337 2849 1500 2900 praeter
1523 2844 1879 2887 consecrationem

242 2918 535 2973 episcopalem,
570 2917 736 2959 ordines
769 2922 805 2959 et
847 2919 975 2972 ipsam
1026 2920 1199 2972 primam
1237 2920 1449 2958 tonsuram
1474 2929 1493 2954 ))
1532 2914 1640 2970 (can.
1676 2912 1788 2962 950).
1823 2936 1880 2942 ——
