1971 3261
198 144 292 179 Can.
321 144 387 179 781
703 145 787 180 ΤιΤ.
819 145 870 179 ΙΙ.
900 165 912 171 -
939 146 995 181 De
1032 146 1337 191 Confirmationc
1790 150 1833 185 77

201 268 269 307 net
301 264 350 307 ad
386 264 690 309 solemnitatem
725 268 990 321 sacramenti,
1017 279 1095 308 nou
1121 271 1258 310 autem
1293 267 1343 310 ad
1380 270 1667 311 necessitatem
1695 269 1832 326 (idestz

203 333 459 378 validitatem
496 335 657 392 ipsius).
694 361 746 366 ——-
781 335 1053 380 Unctionibus
1085 341 1223 380 autem
1267 337 1500 382 visibilibus
1532 337 1720 383 Christus
1753 353 1832 382 non

199 409 259 447 est
295 418 405 454 usus
442 418 491 449 ne
525 406 643 449 tieret
678 408 826 449 iniuria
862 406 1060 450 invisibili
1111 410 1309 463 unctioni,
1343 421 1424 465 qua
1459 414 1519 452 est
1554 414 1702 453 unctus
1737 423 1834 466 prae

197 475 458 519 consortibus
490 478 575 519 suis
621 476 741 529 (Psal.
791 475 947 533 XLlV).
985 477 1030 521 Et
1068 479 1159 522 ideo
1193 483 1276 522 tam
1310 479 1490 523 chrisma
1535 493 1659 538 quam
1696 481 1833 524 oleum

195 550 383 589 sanctum
411 547 668 590 infirmorum
698 550 810 604 prius
836 547 1152 600 benedicuntur,
1186 562 1311 607 quam
1335 550 1614 595 adhibeantur
1637 552 1686 595 ad
1714 566 1831 595 usum

195 620 445 660 sacramenti
469 634 508 658 ».

314 688 589 746 Subiungitur
628 692 666 733 in
712 703 871 734 canone
906 692 985 734 781
1026 692 1236 735 distinctio
1284 695 1473 750 apprime
1512 695 1689 738 notanda
1727 698 1835 738 iuter

197 759 412 802 unctiones
445 760 775 804 confirmationis
809 766 848 805 et
881 766 1095 806 extremae
1120 765 1346 806 unctionis:
1384 764 1435 807 de
1475 764 1597 808 liuius
1631 767 1739 808 enim
1762 779 1832 809 un-

193 829 401 873 ctionibus
433 836 494 874 est
525 831 554 889 g
576 832 599 874 4
635 835 805 875 canonis
830 833 928 889 947,
962 836 1027 877 cui
1065 833 1263 877 relativus
1296 835 1347 878 de
1382 838 1577 879 unctione
1610 838 1831 880 confirma-

194 902 316 944 tionis
348 906 408 944 est
440 900 468 960 ξ
502 902 540 945 ⁶2.
581 901 728 946 Unclio
763 909 901 953 aulem
937 918 988 947 πθ
1020 904 1094 961 fiat
1118 904 1262 962 aliquo
1286 905 1579 962 instrumento,
1605 908 1713 964 quod
1742 910 1832 951 iure

190 970 473 1016 ecclesiastico
507 973 764 1030 prohibetur,
799 974 872 1018 sed
905 975 999 1033 ipsa
1032 975 1222 1018 ministri
1245 991 1371 1019 mcmu
1410 977 1611 1034 (scilicet:
1637 992 1685 1021 ex
1716 978 1830 1021 l'ont.

193 1042 310 1086 Rom.
351 1059 373 1083 «
395 1046 634 1088 summitate
670 1044 829 1101 pollicis
863 1046 1061 1090 dexterae
1087 1060 1233 1090 manus
1256 1046 1488 1092 Chrismate
1513 1050 1682 1092 intincta
1703 1050 1745 1106 »)
1770 1063 1834 1091 ca-

190 1112 274 1169 pitz?
307 1114 588 1169 confirmandi
619 1115 741 1163 simul
762 1115 846 1158 rite
870 1116 1068 1173 imposita
1092 1117 1228 1174 quoad
1255 1117 1457 1175 reliquam
1485 1131 1631 1162 manus
1657 1124 1831 1174 partem.

313 1184 379 1227 74.
417 1186 711 1232 Distributio
744 1189 871 1232 tituli
907 1190 954 1232 in
991 1189 1173 1244 capita.
1208 1213 1228 1219 —
1266 1189 1465 1232 Similiter
1508 1202 1556 1233 ac
1597 1193 1634 1232 in
1670 1189 1747 1233 Tit.
1782 1191 1832 1234 de

194 1253 411 1311 baptismo,
447 1269 643 1312 praesens
678 1261 715 1300 in
755 1260 940 1315 quinque
974 1261 1107 1315 capita
1143 1259 1427 1316 distinguitur,
1451 1263 1604 1304 omisso
1629 1264 1764 1318 capite
1782 1262 1833 1306 de

192 1324 339 1369 ritibus
371 1338 419 1370 ac
453 1331 741 1380 caeremoniis,
791 1341 898 1386 quae
951 1330 1123 1385 proinde
1169 1331 1402 1374 servandae
1450 1337 1544 1374 sunt
1587 1334 1756 1376 omnino
1791 1338 1832 1376 ut

191 1400 333 1439 extant
365 1400 403 1440 in
430 1401 674 1454 respectivis
703 1399 965 1443 «ritualibus
991 1399 1106 1444 libris
1130 1416 1169 1451 ³),
1202 1401 1312 1458 (can.
1347 1401 1450 1458 ²133)
1483 1403 1543 1446 vel
1571 1403 1719 1447 melius
1748 1420 1765 1445 «
1793 1406 1830 1446 in

192 1468 543 1523 pontificalibus»
579 1470 803 1514 declaratis
839 1473 876 1513 iu
912 1483 1003 1514 can.
1055 1471 1153 1515 780.
1203 1471 1340 1530 Atque
1393 1475 1525 1516 visum
1567 1479 1627 1517 est
1662 1476 1830 1518 forsitan

192 1544 359 1595 propter
393 1539 503 1584 illam
538 1543 807 1586 omissionem
844 1542 983 1599 (cuius
1016 1544 1163 1600 capitis
1213 1546 1469 1601 inscriptioni
1505 1545 1834 1590 connectebatur

190 1608 268 1653 alia
302 1611 353 1654 de
386 1613 573 1668 patrinis)
623 1617 785 1657 mutare
835 1615 872 1656 in
926 1613 1044 1657 titulo
1078 1614 1129 1657 de
1163 1615 1480 1659 confirmatione
1514 1618 1831 1673 inscriptionum

189 1681 394 1736 ordinem,
420 1687 462 1726 ut
485 1682 553 1726 illa
591 1684 689 1727 «de
714 1692 900 1741 tempore
939 1689 978 1728 et
1018 1684 1106 1728 loco
1140 1687 1469 1730 confirmationis
1507 1688 1783 1732 conferendae
1807 1705 1827 1729 »

190 1751 268 1796 sub
306 1768 325 1793 (<
349 1765 440 1809 cap.
475 1752 525 1796 Ill
549 1769 571 1794 »
624 1757 905 1812 coniungatur
952 1758 1192 1800 successive
1239 1757 1290 1800 ad
1326 1758 1753 1815 inscriptionesalias
1793 1762 1830 1802 in

197 1836 331 1881 «cap.
367 1824 378 1866 l
414 1824 465 1868 de
499 1827 688 1870 ministro
733 1827 1066 1870 confirmationis
1108 1833 1147 1870 et
1184 1840 1274 1884 cap.
1312 1828 1342 1871 ll
1376 1829 1427 1872 de
1458 1829 1646 1873 subiecto
1681 1832 1830 1874 contir-

194 1897 386 1939 mationis
411 1911 449 1949 ³),
484 1901 626 1953 utpote
677 1900 808 1954 magis
855 1911 950 1941 cum
1000 1898 1063 1941 his
1110 1911 1312 1953 connexa,
1346 1913 1469 1957 quam
1511 1914 1604 1944 cum
1641 1904 1830 1959 sequenti

190 1965 267 2010 sub
306 1982 326 2007 «
349 1979 439 2023 cap.
474 1965 539 2010 lV.
577 1967 632 2012 De
669 1972 903 2024 patrinis».

915 2134 1060 2171 CAPUT
1088 2134 1110 2170 l.

728 2219 778 2253 De
805 2219 989 2256 ministro
1016 2220 1335 2254 confirmationis.

235 2322 319 2359 CAN.
350 2322 430 2361 782.
459 2345 475 2349 -
504 2328 523 2366 ξ
555 2324 583 2359 l.
613 2323 825 2361 Ordinarius
843 2326 969 2361 contir-

189 2371 354 2407 mationis
380 2371 541 2408 minister
566 2377 618 2407 est
644 2373 738 2407 solus
766 2372 967 2419 Episcopus.

233 2421 252 2465 ς
294 2418 326 2454 2.
370 2418 674 2454 Extra01·dinarius
718 2421 878 2456 minister
919 2425 970 2456 est

188 2465 379 2512 presbyter,
412 2466 466 2501 cui
507 2466 558 2502 vel
598 2467 672 2502 iure
710 2468 888 2503 communi
920 2468 969 2503 vel

187 2513 351 2559 peculiari
381 2512 479 2549 Sedis
514 2514 735 2560 Apostolicae
770 2515 906 2550 indulto
931 2526 972 2551 ea

190 2560 337 2596 facultas
363 2571 526 2596 concessa
553 2562 609 2595 sit.

233 2612 253 2650 ξ
279 2606 312 2642 3.
343 2607 413 2643 Hac
434 2608 596 2644 facultate
616 2609 690 2654 ipso
709 2610 783 2645 iure
801 2610 969 2654 gaudent,

187 2660 322 2700 praeter
348 2653 383 2690 S.
408 2655 445 2690 R.
468 2655 503 2690 E.
526 2654 732 2692 Cardinales
749 2657 793 2692 ad
810 2668 970 2692 normam

185 2712 264 2736 can.
294 2702 377 2747 239,
405 2704 424 2748 ς
453 2702 484 2746 1,
507 2714 543 2736 n.
565 2702 622 2744 23,
653 2704 770 2739 Abbas
805 2705 856 2740 vel
878 2704 973 2740 Prae·

188 2749 278 2784 latus
317 2749 460 2791 mdlius,
502 2749 656 2786 vicarius
699 2756 732 2787 et
776 2751 973 2787 Praefectus

187 2796 418 2843 ApostolicuS‚
459 2797 517 2843 qui
557 2802 676 2834 tamen
715 2809 756 2834 ea
785 2799 896 2834 valide
924 2799 972 2834 uti

186 2849 379 2889 nequeunt,
410 2845 476 2879 nisi
507 2845 599 2880 intra
627 2845 714 2881 fines
733 2846 785 2880 sui
807 2846 971 2882 territorii

184 2895 217 2925 ct
243 2891 392 2927 durante
419 2903 564 2928 munere
590 2897 741 2928 tantum.

1093 2330 1112 2368 ἓ
1139 2324 1171 2362 4.
1200 2325 1382 2373 Presbyter
1408 2327 1505 2362 latini
1527 2328 1614 2363 ritus
1632 2328 1701 2365 cui.
1725 2329 1754 2363 vi
1780 2330 1831 2363 in-

1045 2373 1147 2413 dulti,
1169 2373 1252 2409 haec
1271 2374 1418 2409 facultas
1435 2380 1621 2421 competat,
1645 2376 1831 2412 confirma-

1046 2421 1177 2456 tionem
1197 2421 1310 2456 valide
1336 2422 1470 2457 confert
1489 2423 1570 2457 solis
1597 2423 1758 2459 fidelibus
1777 2425 1828 2459 sui

1046 2468 1148 2509 ritus,
1189 2468 1256 2502 nisi
1297 2469 1331 2503 in
1368 2469 1504 2505 indulto
1542 2470 1636 2505 aliud
1672 2482 1831 2516 expresse

1046 2520 1189 2550 cautum
1219 2515 1335 2551 fuerit.

1095 2566 1114 2604 ξ
1141 2562 1174 2598 5.
1193 2561 1296 2598 Nefas
1314 2568 1366 2599 est
1385 2564 1598 2610 presbyteris
1618 2565 1706 2600 ritus
1722 2565 1833 2600 orien-

1047 2609 1136 2651 talis,
1163 2610 1220 2656 qui
1252 2610 1415 2647 facultate
1447 2614 1498 2647 vel
1540 2612 1720 2658 privilegio
1747 2624 1830 2657 gau-

1046 2658 1130 2692 dent
1148 2657 1451 2693 confirmationem
1469 2670 1539 2694 una
1557 2671 1636 2695 cum
1658 2660 1830 2706 baptismo

1048 2704 1245 2740 infantibus
1259 2705 1310 2740 sui
1330 2706 1419 2741 ritus
1444 2707 1660 2750 conferendi⁷
1681 2708 1827 2742 eandem

1049 2752 1250 2787 ministrare
1276 2752 1474 2788 infantibus
1501 2753 1598 2788 latini
1628 2755 1726 2790 ritus.

1096 2798 1179 2834 CAN.
1207 2798 1286 2836 783.
1315 2821 1332 2825 -
1361 2804 1380 2842 ἓ
1412 2800 1440 2835 1.
1484 2800 1672 2847 Episcopus
1704 2802 1737 2835 in
1767 2812 1826 2835 sua

1047 2846 1193 2882 dioecesi
1221 2847 1284 2882 hoc
1310 2853 1568 2883 sacramentum
1589 2849 1693 2883 etiam
1722 2853 1828 2883 extra-

1049 2893 1125 2929 neis
1168 2894 1320 2939 legitime
1372 2895 1559 2933 ministrat,
1607 2896 1672 2929 nisi
1717 2896 1826 2929 obstet
