1971 3261
168 136 261 172 Can.
292 135 359 170 '129
755 132 840 166 Lm.
866 131 938 166 111.
968 152 978 156 -
1005 131 1063 166 De
1087 131 1200 165 rebus
1797 131 1818 160 εὶ

171 269 243 312 per
275 254 378 299 alios
410 253 586 297 alicuius
619 253 823 309 promotio
855 252 1082 293 simoniace
1116 254 1362 306 procuratur
1397 249 1515 306 (non)
1561 254 1672 292 caret
1727 252 1813 306 qui—

171 326 264 369 dem
299 325 457 369 ordinis
489 325 749 377 executione,
773 326 812 365 et
837 325 1001 364 tenetur
1025 323 1238 377 resignare
1263 320 1512 364 beneticium
1540 336 1560 360 ›>
1599 320 1687 376 (sed
1714 334 1808 364 cum

168 397 432 441 distinctione
465 407 487 438 a
532 407 628 438 vere
661 394 888 436 simoniaco
936 391 1070 449 quoad
1123 393 1281 434 l'ructus
1334 390 1648 446 i·estituendosj¹;
1690 406 1709 429 <r
1735 393 1807 433 nisi

167 469 271 511 t'orte
305 468 498 510 inimicus
530 467 619 509 eius
652 462 939 507 fraudulenter
980 464 1197 517 pecuniam
1232 461 1348 505 daret
1385 475 1457 517 pro
1511 460 1686 504 alicuius
1720 475 1809 517 pro-

170 540 365 591 motione,
402 536 463 580 vel
500 538 575 579 nisi
601 537 687 592 ipse
710 546 907 590 expresse
930 532 1253 576 contradixerit:
1281 538 1377 575 tunc
1408 534 1517 574 enim
1544 545 1622 574 non
1649 536 1812 575 tenetur

170 608 220 652 ad
257 607 592 657 renuntiandum,
615 607 704 649 *nisi
741 606 844 647 forte
880 603 1142 660 postmodum
1173 607 1291 658 pacto
1314 605 1587 653 consenserit,
1612 602 1813 645 solvendo

164 681 274 737 quod
301 681 375 722 t'uit
400 680 708 734 promissum».
735 679 844 719 Haec
870 678 983 718 iuxta
1011 679 1194 718 veterem
1221 674 1521 730 legislationem
1557 674 1664 717 dicta
1687 679 1816 716 trans-

172 752 361 794 feruntur
396 752 434 792 in
470 748 662 792 ultimum
696 759 882 791 comma:
919 744 1142 789 dummodo
1177 745 1217 801 a)
1269 744 1342 788 lioc
1378 759 1458 787 non
1493 746 1566 801 siu!
1614 745 1653 786 in
1693 745 1814 802 fruu-

170 821 262 865 deni
296 819 480 864 eiusdem
511 818 673 877 provisi
711 823 784 861 au!
820 817 860 874 b)
905 831 950 860 eo
1001 816 1333 870 contradicente,
1386 815 1602 873 (statutum
1648 817 1816 859 omnino

171 892 386 949 aequum),
428 903 535 949 quae
568 890 767 934 alterutra
801 889 983 932 conditio
1028 887 1290 931 desideratur
1325 889 1362 930 in
1399 899 1497 930 casu
1539 888 1818 942 responsionis

175 963 217 1008 l).
253 962 435 1006 Thomae
469 961 535 1005 hic
570 964 721 1004 omisso
757 960 958 1003 limitante
993 958 1097 1001 hanc
1132 960 1421 1013 exceptionem
1463 960 1645 1001 canonis.

290 1033 490 1090 Exceptio
525 1039 676 1090 praec³.
713 1032 956 1088 praescrqni
993 1029 1261 1073 memoranda
1299 1035 1357 1072 cst
1410 1031 1529 1072 unica
1584 1029 1817 1085 quoad‘su-

175 1117 358 1162 premam
396 1107 434 1147 in
469 1103 655 1147 Ecclesia
689 1103 947 1158 (lignitatem.
985 1100 1079 1143 Pius
1115 1099 1145 1142 Χ
1184 1102 1220 1142 in
1261 1105 1390 1143 const.
1442 1115 1463 1139 «
1488 1098 1667 1142 Vacante
1711 1099 1816 1142 Sede

173 1175 410 1233 Apostolica
433 1191 456 1216 ›>
496 1175 548 1217 25
584 1173 680 1217 Dec.
718 1173 828 1215 1904
862 1185 944 1229 qua
982 1171 1196 1214 «Romani
1235 1170 1445 1213 Pontilicis
1494 1170 1641 1213 elec-lio
1696 1172 1816 1212 unice

177 1250 373 1304 regitur»
413 1246 520 1303 (can.
562 1245 672 1299 loct,
716 1257 755 1287 n.
790 1244 843 1286 79
888 1245 966 1285 ait:
1022 1243 1271 1284 «simoniae
1321 1244 1492 1292 crimen,
1545 1246 1626 1284 tam
1672 1241 1815 1283 divino

173 1331 296 1376 quam
334 1317 513 1360 humano
550 1319 637 1360 iure
671 1313 927 1369 detestabile,
966 1316 1003 1356 in
1039 1312 1243 1356 electione
1286 1313 1457 1356 Romani
1487 1312 1695 1355 Pontifici>-
1728 1326 1814 1354 om-

174 1391 270 1433 nino
312 1390 416 1432 sicut
453 1387 719 1444 reprobatum
755 1399 844 1429 esse
878 1389 1050 1428 constat.
1099 1386 1151 1427 ita
1187 1389 1225 1426 et
1260 1397 1332 1427 nos
1378 1383 1652 1440 reprobamus
1690 1389 1815 1440 atque

174 1460 436 1513 damnamus,
471 1458 676 1515 huiusque
711 1458 897 1500 criminis
930 1469 1022 1498 reos
1058 1468 1188 1511 poena
1224 1457 1672 1498 excommunicationis
1712 1454 1815 1497 latae

173 1533 402 1576 sententiae
438 1530 706 1576 innodamus:
757 1527 924 1571 sublata
962 1533 1097 1569 lumen
1143 1526 1389 1569 irritatione
1427 1525 1644 1569 electionis
1691 1527 1814 1568 simo-

177 1602 337 1657 niacae,
372 1614 497 1659 quam
534 1600 643 1644 Deus
676 1604 853 1651 avertat,
896 1612 915 1641 a
953 1598 1052 1641 lulio
1089 1597 1117 1640 ll
1156 1597 1240 1643 ivel
1287 1597 1366 1641 alio
1410 1598 1706 1655 qualicumque
1751 1597 1816 1640 de-

175 1678 288 1717 creto
324 1671 554 1729 pontificio)
587 1675 753 1725 statuta,
788 1675 829 1713 ut
878 1673 1117 1725 praetextus
1151 1673 1390 1725 amputetur
1427 1668 1696 1724 impugnandi
1745 1680 1813 1710 va-

177 1744 306 1787 lorem
340 1743 555 1787 electionis
586 1742 760 1786 Romani
798 1741 1008 1784 Pontilicis
1031 1756 1069 1783 ».

294 1814 570 1858 Conformiter
620 1813 843 1870 praedictis
892 1814 1159 1870 prosequitur
1208 1823 1363 1854 canon:
1414 1810 1583 1864 Quare:
1628 1813 1665 1852 l'⁷
1710 1811 1817 1852 Ante

178 1884 406 1942 quamlibet
438 1883 593 1927 iudicis
626 1883 892 1937 sententium,
928 1884 1023 1940 quia
1057 1897 1105 1926 ex
1142 1884 1394 1926 conscientia
1430 1886 1606 1938 urgente
1631 1880 1815 1936 obligan-

182 1961 247 1999 tur
278 1957 508 2009 simoniaci,
543 1955 584 2012 a)
618 1968 697 2010 reS,
732 1960 818 1998 tum
862 1954 1103 2011 spiritualis,
1140 1959 1223 1997 tum
1268 1952 1470 2010 spirituali
1502 1953 1678 1997 adnexa,
1728 1956 1811 1994 tum

180 2026 420 2083 temporalis
445 2026 536 2083 (etsi
564 2025 776 2083 pretium),
800 2025 1029 2068 simoniace
1061 2024 1163 2067 dam
1198 2030 1236 2067 el
1271 2030 1455 2082 acceptu,
1503 2028 1642 2080 utpote
1666 2023 1816 2074 aliena,

181 2097 212 2140 Ιο
245 2099 283 2141 si
317 2097 604 2141 restitutionis
636 2097 692 2140 sil
725 2110 876 2154 cupuoe,
910 2096 1092 2152 alioquin
1141 2097 1292 2139 institia
1339 2108 1417 2138 non
1455 2094 1623 2151 obligat.
1659 2093 1709 2136 lls>
1746 2107 1816 2135 nec

179 2168 308 2212 obstet
344 2169 578 2212 reverentia
605 2168 667 2211 rei
689 2167 913 2225 spirituali
945 2166 1100 2217 debila,
1129 2181 1164 2207 v.
1185 2180 1247 2223 giu
1268 2166 1442 2223 reliquia
1467 2180 1497 2209 s.
1518 2167 1654 2209 crucis
1677 2170 1812 2221 empta

179 2253 227 2283 ex
264 2240 425 2294 iudaeo,
459 2253 566 2298 quae
598 2252 721 2283 causa
757 2238 1053 2296 obligationem
1090 2240 1359 2281 restitutionis
1392 2238 1524 2280 aufert
1563 2236 1624 2279 iel
1649 2248 1816 2291 suspen-

179 2310 253 2364 dit,
286 2310 459 2353 restitui
490 2309 606 2354 debet
645 2309 902 2367 proindeque
942 2310 1016 2365 ipsi
1067 2323 1087 2351 a
1123 2322 1204 2366 quo
1242 2312 1404 2364 recepta
1440 2313 1513 2357 est,
1559 2309 1633 2350 nisi
1683 2319 1813 2349 canon

182 2381 331 2439 aliquis
364 2381 578 2425 diversum
614 2386 781 2429 statuat,
810 2383 906 2437 qnia
932 2382 990 2423 sic
1017 2381 1221 2423 restitutio
1255 2381 1377 2422 etiam
1415 2377 1811 2435 ilitelligitu1'3qii‹)‹l

181 2465 346 2509 semper
381 2452 514 2496 locum
551 2451 673 2497 habet
713 2452 763 2495 de
803 2451 1018 2508 temporali
1072 2464 1242 2494 munere
1276 2464 1296 2493 a
1335 2463 1478 2493 manu:
1533 2448 1573 2505 b)
1613 2454 1649 2491 e!
1699 2449 1814 2491 henc-

181 2523 334 2579 ficium,
367 2523 561 2581 officium,
594 2522 783 2580 cli‘qnitus
816 2521 990 2571 domui,
1024 2535 1095 2565 seu
1131 2524 1375 2574 renuntiari,
1399 2521 1451 2564 de
1485 2534 1565 2578 quo
1591 2520 1816 2576 loquuntur

181 2607 271 2639 can.
308 2595 388 2638 184
424 2608 472 2639 ac
503 2601 606 2653 seq.s
640 2595 690 2638 de
726 2595 1039 2637 renunciatione
1072 2593 1318 2642 ciliciorum,
1343 2597 1379 2635 et
1420 2592 1522 2635 1484
1554 2604 1600 2635 ac
1625 2596 1725 2647 ›¹qu
1764 2590 1814 2631 de

180 2665 421 2709 dimissione
455 2665 767 2709 beneticiorum.

298 2737 346 2778 '2⁰
383 2736 622 2780 Sinioniace
650 2736 860 2794 provisus,
895 2741 933 2779 et
968 2748 1063 2778 cum
1098 2748 1229 2778 canon
1277 2734 1469 2790 loquatur
1512 2737 1814 2790 consequenter

181 2807 230 2851 ad
267 2809 559 2864 praecedentia
593 2806 645 2852 ob
692 2806 865 2851 verbum
916 2805 1100 2859 «Quare
1125 2821 1164 2861 n,
1211 2805 1504 2861 intelligendus
1543 2821 1562 2843 α
1587 2802 1813 2847 dummodo

181 2877 275 2921 talis
309 2880 492 2935 provisio
526 2891 603 2921 non
640 2879 707 2921 liat
744 2880 781 2921 in
817 2877 1004 2921 traudem
1040 2876 1225 2920 eiusdem
1263 2877 1434 2932 provisi,
1467 2880 1535 2918 aut
1571 2888 1618 2917 eo
1652 2879 1812 2917 contra-
