1971 3261
188 134 255 168 130
592 132 675 166 L1B.
701 131 773 165 III.
802 151 814 156 —
836 131 945 166 PARS
971 131 1002 165 Ι.
1031 150 1046 158 -
1071 131 1129 166 De
1155 131 1420 166 &tommentis
1525 131 1630 168 Can.
1657 133 1818 169 817-818

183 258 313 296 tutem
349 253 678 296 consecrativam
713 254 807 292 sunt
840 255 1109 306 consequuta,
1144 262 1165 293 a
1200 262 1466 307 quocumque
1502 251 1718 295 sacerdote
1752 252 1812 295 di-

184 329 345 376 cantur,
376 336 423 366 ac
456 325 487 365 si
521 320 707 365 Christus
750 332 796 362 ea
844 320 1173 375 praesentialiter
1218 321 1465 376 proferret»
1495 322 1521 375 ²,
1556 334 1604 365 ac
1639 323 1815 378 proinde

182 399 277 438 sunt
309 396 432 437 etiam
468 391 710 449 proferenda
744 389 1036 446 siqnifieative,
1060 391 1308 447 applicando
1342 403 1403 445 ea,
1427 404 1590 448 nempe,
1614 393 1663 436 ad
1702 398 1811 436 tran-

183 464 566 508 substantiationem
593 462 803 513 materiae,
823 473 929 517 quae
955 460 1125 517 physice
1150 474 1344 518 praesens
1366 461 1608 519 designatur
1633 476 1704 519 per
1724 477 1815 520 pro-

185 539 348 578 nomina
383 532 457 576 leoe
489 537 528 575 et
562 530 639 573 hie.
674 530 916 588 Eademque
951 533 1206 575 recitationis
1240 534 1410 581 ratione,
1452 536 1645 589 quamvis
1677 535 1808 578 forma

183 605 387 648 antedicta
422 617 470 646 ex
505 615 661 645 canone
701 600 846 644 Missae
888 602 1080 658 sufficiat,
1115 602 1299 646 Ecclesia
1346 606 1570 660 praecepit,
1607 609 1649 647 ut
1680 618 1812 662 quan·

183 676 417 731 (locumque
441 673 491 716 ob
515 671 827 715 substantialem
854 672 1061 716 defectum
1090 677 1205 729 panis
1224 678 1293 716 aut
1320 676 1417 729 vini,
1439 676 1621 730 ipsiusve
1640 676 1813 731 formae,

183 745 415 789 adhibenda
458 746 509 786 sit
552 755 658 785 nova
705 745 889 794 materia,
935 744 1219 799 repetendave
1265 745 1409 798 forma,
1450 744 1571 788 huius
1613 745 1811 790 alterutra

183 818 310 859 forma
356 816 575 870 incipiatur
618 812 668 856 ab
713 812 792 855 illis
836 812 996 857 verbis:
1041 812 1124 867 Qui
1153 813 1338 871 pridie...
1376 814 1437 857 vel
1474 814 1615 857 Simili
1647 815 1812 861 modO...

182 899 287 943 quae
322 884 574 941 praecedunt
606 883 846 926 immediate
891 887 1146 940 respectivas
1186 885 1352 929 t'ormas.
1387 886 1453 928 Sic
1488 887 1526 927 in
1561 884 1727 941 Missali,
1761 887 1813 929 de

182 956 433 1001 defectibus:
459 954 542 1012 (lli,
568 955 605 1003 ὃ,
632 954 669 1009 6,
694 954 734 1008 7,
760 959 796 996 et
822 953 888 1009 lV,
909 954 947 1009 3,
972 954 1010 1011 4,
1035 954 1086 1009 X,
1112 954 1169 1011 3).
1189 953 1306 1007 Quae
1329 957 1466 998 omnia
1492 956 1698 999 servanda
1723 970 1814 1000 esse

182 1026 292 1070 iubet
323 1026 399 1069 sub
432 1024 680 1081 generaliori
716 1024 901 1068 clausula
935 1038 1114 1082 sequens
1147 1038 1292 1070 canon.

304 1097 396 1139 1⁶25.
423 1098 494 1142 De
517 1098 823 1141 rubricarum
847 1098 1061 1142 missalis
1085 1099 1422 1143 observantia.
1439 1123 1466 1127 —
1490 1096 1589 1140 Can.
1609 1100 1711 1142 818.
1732 1097 1810 1142 Be·

178 1167 356 1225 probata
389 1166 535 1224 quavis
569 1166 789 1209 contraria
823 1166 1137 1220 consuetmlme,
1172 1179 1219 1210 ac
1253 1180 1358 1224 quae
1396 1169 1529 1211 «sive
1563 1170 1813 1214 universalis

179 1240 267 1282 sive
303 1237 576 1294 particularis,
611 1241 806 1293 tanquam
843 1239 943 1280 iuris
977 1237 1211 1293 corruptela
1245 1239 1492 1294 corrigatur,
1527 1237 1622 1282 licet
1654 1241 1706 1282 sit
1738 1242 1812 1283 im-

183 1307 473 1363 memorabilis,
509 1320 613 1350 neve
645 1309 804 1350 sinatur
839 1309 877 1349 in
924 1312 1135 1363 posterum
1170 1310 1469 1351 reviviscere»
1509 1308 1618 1366 (can.
1655 1310 1707 1364 5),
1743 1325 1810 1354 sa-

179 1378 322 1422 cerdos
354 1378 567 1421 celebrans
599 1377 768 1434 supple:
806 1380 954 1421 missae
986 1378 1255 1433 sacrificium,
1281 1384 1480 1422 accurate
1503 1381 1636 1436 quoad
1673 1384 1810 1425 omnia

179 1453 300 1494 etiam
337 1451 522 1501 minima,
560 1465 582 1490 «
606 1453 649 1492 ut
681 1449 840 1492 scilicet
873 1449 1077 1505 quaedam
1113 1449 1317 1493 submissa
1353 1463 1469 1504 voce,
1490 1451 1696 1508 quaedam
1729 1451 1809 1496 alia

181 1534 279 1564 vero
313 1520 482 1564 elatiore
516 1521 879 1576 pronuntientur»
909 1520 938 1570 ²,
968 1524 1091 1576 atque
1125 1533 1201 1563 nec
1236 1522 1452 1563 minimum
1480 1521 1714 1565 recedendo
1738 1536 1813 1578 per

178 1594 442 1636 omissionem
490 1590 553 1633 vel
600 1592 883 1646 mutationem,
919 1604 968 1632 ac
1006 1589 1149 1633 devote
1191 1590 1370 1635 scilicet:
1406 1604 1501 1635 cum
1541 1592 1813 1637 «voluntatis

180 1661 501 1718 promptitudine
535 1660 710 1703 faciendi
747 1660 855 1717 quod
890 1661 940 1703 ad
979 1660 1050 1705 l)ei
1084 1663 1301 1704 servitium
1336 1664 1493 1716 attinet,
1519 1662 1629 1705 unde
1663 1675 1805 1706 conse-

179 1745 308 1789 quens
341 1735 401 1774 est
433 1731 542 1788 quod
577 1732 761 1786 imponat
802 1730 968 1773 modum
1015 1730 1207 1774 humanis
1248 1730 1424 1786 actibus,
1457 1734 1547 1775 sive
1580 1734 1661 1775 sint
1693 1737 1813 1776 actus

180 1804 306 1858 ipsius
343 1802 564 1844 voluntatis
597 1803 706 1844 circa
742 1813 789 1843 ea
824 1813 929 1858 quae
971 1806 1065 1844 sunt
1108 1801 1158 1844 ad
1192 1801 1348 1858 (illum)
1383 1802 1523 1855 tinem,
1557 1804 1646 1845 sive
1684 1805 1809 1846 etiam

179 1876 259 1916 sint
281 1877 397 1916 actus
420 1873 594 1916 aliarum
620 1875 911 1929 potentiarum,
936 1885 1042 1929 quae
1065 1885 1087 1915 a
1113 1872 1324 1916 voluntate
1360 1879 1581 1917 moventur
1603 1888 1652 1928 »3
1689 1879 1732 1917 ut
1754 1877 1810 1917 ait

181 1943 223 1987 D.
259 1943 330 1987 Tb.
365 1944 379 1965 ³
416 1944 587 2001 loquens
629 1945 740 1986 circa
783 1943 1061 1986 devotionem.
1107 1941 1371 2000 Quapropter
1414 1943 1513 1987 illud
1559 1944 1809 1988 adverbium

185 2014 421 2057 «devote»
469 2014 657 2057 additum
698 2013 815 2057 alteri
862 2019 1163 2068 «accurate»,
1208 2027 1288 2057 non
1331 2016 1419 2058 sine
1461 2027 1584 2058 causa
1630 2017 1808 2071 positum

179 2085 293 2128 credi
328 2084 462 2139 debet,
488 2084 651 2140 illisque
675 2083 859 2127 Ecclesia
883 2086 1079 2140 exprimit
1112 2098 1191 2127 non
1227 2084 1511 2140 praescribere
1545 2090 1703 2128 tantum
1737 2098 1808 2129 ex-

180 2160 338 2198 ternam
374 2155 635 2198 rubricarum
671 2155 994 2209 observantiam,
1018 2155 1088 2198 sed
1127 2168 1285 2198 memor
1322 2158 1549 2199 sententiae
1587 2155 1809 2201 l)omini⁴:

185 2241 205 2266 1(
229 2226 401 2281 Spiritus
435 2231 495 2269 est
531 2225 650 2281 Deus,
675 2231 715 2268 et
747 2239 816 2268 eos
849 2228 920 2283 qui
951 2226 1125 2268 adorant
1154 2239 1263 2275 eum,
1289 2228 1327 2268 in
1366 2228 1514 2282 spiritu
1553 2231 1592 2269 et
1634 2228 1808 2270 veritate

180 2302 340 2353 oportet
371 2297 607 2350 adorare»,
643 2299 860 2352 iniungere
894 2298 1258 2340 concomitantiam
1294 2299 1501 2340 interioris
1535 2298 1727 2351 hominis,
1757 2311 1811 2341 ne

179 2367 314 2411 cultus
336 2367 562 2410 sacerdotis
587 2366 919 2423 reprobationem
946 2371 1154 2410 mereatur
1176 2379 1197 2409 a
1225 2367 1397 2410 Domino
1422 2367 1585 2411 dicente
1609 2367 1648 2411 ⁵:
1689 2383 1709 2408 ((
1734 2367 1806 2410 Ρο-

182 2437 301 2494 pulus
323 2437 389 2480 hic
414 2437 531 2481 labiis
566 2450 629 2480 me
663 2437 849 2492 honorat,
883 2450 954 2480 cor
987 2442 1122 2479 autem
1159 2450 1302 2480 eorum
1328 2436 1448 2493 longe
1472 2442 1531 2480 est
1555 2449 1576 2480 a
1602 2451 1720 2480 me».
1753 2463 1806 2468 —

184 2508 395 2551 Praedicto
433 2510 557 2563 igitur
600 2507 755 2564 duplici
799 2507 921 2551 modo
964 2513 1098 2550 servet
1139 2502 1345 2558 rubricas,
1379 2510 1438 2551 sic
1471 2508 1601 2552 dictas
1638 2513 1809 2565 propter

180 2579 360 2622 colorem
397 2578 565 2621 rubrum
601 2592 681 2635 quo
714 2578 839 2622 scribi
873 2591 921 2622 ac
954 2580 1136 2634 imprimi
1159 2578 1292 2622 solent
1316 2578 1531 2635 liturgicae
1556 2591 1727 2622 normae
1752 2579 1803 2622 de

183 2649 368 2692 formulis
410 2648 596 2691 dicendis
642 2653 681 2691 et
729 2649 960 2692 actionibus
994 2648 1207 2705 ponendis,
1242 2661 1314 2704 pro
1348 2649 1591 2692 diversitate
1623 2649 1807 2704 dierum,

301 2778 311 2799 1
338 2777 380 2811 3³
406 2777 449 2811 P.
478 2789 513 2821 q.
543 2775 767 2817 LXXVIII,
795 2789 829 2811 a.
859 2778 891 2811 5.
931 2798 974 2802 —-
1007 2778 1022 2800 2
1048 2777 1164 2812 Conc.
1191 2777 1294 2813 Trid.
1328 2788 1423 2811 sess.
1461 2777 1581 2811 XXII
1619 2789 1648 2812 c.
1688 2778 1721 2811 5.
1763 2797 1806 2802 —

182 2825 380 2905 ΞὲΧᾶἰὶέἃθὶ
395 2836 430 2868 q.
459 2823 750 2869 LXXXIIgssart.
785 2824 793 2858 1
828 2835 930 2869 corp.
959 2829 999 2858 e‘c
1025 2824 1072 2859 ad
1091 2827 1152 2858 1¹¹³.
1182 2844 1226 2849 —
1251 2824 1265 2846 4
1291 2824 1413 2866 Ioan.,
1444 2825 1512 2868 IV,
1540 2825 1597 2859 24.
1628 2845 1670 2849 —-
1697 2825 1711 2846 5
1736 2824 1805 2867 Is„
