1971 3261
214 127 285 162 690
617 128 703 162 Lm.
730 128 803 162 111.
833 148 845 153 -
872 129 983 163 PARS
1011 129 1041 163 1.
1071 149 1084 154 -
1110 129 1168 164 De
1192 130 1457 167 sacramentis
1630 134 1724 170 ean.
1751 136 1844 171 1130
1897 82 1952 182 ἔ

1894 207 1896 210 ’
1929 186 1954 255 4

216 251 513 296 removendum
550 262 621 305 per
655 249 994 291 instaurationem
1033 252 1141 292 vitae
1173 251 1426 307 coniugalis,
1450 257 1632 297 attamen
1656 254 1778 299 dictis
1801 259 1839 299 in

212 322 376 367 casibus
399 320 519 363 nulla
553 333 737 377 unquam
770 318 1027 375 obliyatione
1060 324 1237 373 tenetur,
1265 324 1400 379 «quia
1425 329 1613 367 cessante
1645 325 1765 382 culpa
1799 331 1840 370 et

212 398 411 452 quantum
446 391 496 435 ad
531 395 668 434 actum
703 395 742 433 et
774 395 974 447 quantum
1009 390 1059 434 ad
1096 391 1318 447 maculam,
1351 393 1489 438 adhue
1522 401 1661 439 manet
1683 396 1837 455 aliquid

212 465 262 509 de
297 469 427 517 reatu,
461 467 500 506 et
532 466 720 505 cessante
745 466 859 505 reatu
883 462 1018 519 quoad
1046 461 1189 518 Deum,
1214 463 1352 508 adhuc
1376 470 1516 508 manet
1540 471 1677 510 reatus
1699 469 1835 525 quoad

213 549 385 593 poenam
435 533 617 577 humano
665 532 819 576 iudicio
867 533 1141 583 inferendam,
1189 537 1285 592 quia
1336 534 1459 578 homo
1493 545 1571 580 non
1609 538 1721 581 videt
1752 551 1838 589 cor,

211 610 317 652 sicut
350 606 459 649 Dens
480 620 503 646 ›>
533 605 561 659 ¹,
595 604 772 661 ideoque
811 603 1106 660 «obligatione
1140 618 1218 648 non
1252 609 1455 649 tenetur»
1483 607 1699 666 coniuqem
1722 609 1838 653 adul-

213 685 359 722 terum.
393 682 433 720 et
465 676 542 720 hac
574 676 625 719 de
659 688 782 718 causa
815 680 1068 731 separatum,
1091 689 1242 719 rursus
1264 676 1519 721 admittendi
1541 679 1596 722 ad
1618 680 1730 723 vitae
1745 694 1839 725 con-

213 749 359 807 iugalis
393 746 665 800 consortium,
697 760 745 789 eo
778 747 901 789 modo
934 760 1015 804 quo
1048 747 1121 790 suit
1156 747 1424 791 disiunctum.

330 821 456 863 Porro
493 818 638 861 «illud
671 817 781 875 quod
817 818 1100 861 induciturin
1135 820 1319 862 lavorem
1355 819 1544 875 alicuius,
1578 835 1656 865 non
1682 824 1777 867 tacit
1799 827 1836 867 ei

210 892 577 950 praeiudicium»,
614 888 677 932 vel
712 891 818 932 sicut
851 891 908 932 ait
941 902 1025 945 reg.
1062 892 1162 933 iuris
1196 891 1242 933 61
1284 893 1321 933 in
1359 891 1414 934 6⁰.
1454 889 1617 945 «Quod
1658 894 1710 938 ob
1742 908 1835 951 gra·

210 966 306 1008 tiam
327 963 502 1006 alicuius
519 961 775 1014 conceditur,
801 973 879 1003 non
905 965 966 1004 est
989 963 1026 1003 in
1052 964 1140 1004 eius
1164 961 1424 1018 dispendium
1454 965 1775 1020 retorquendum
1796 982 1835 1008 n.

214 1035 375 1080 «Unde
408 1047 501 1078 cum
537 1033 762 1075 divortium
797 1032 1096 1075 sirinductum
1132 1034 1170 1075 in
1207 1034 1391 1076 favorem
1444 1036 1522 1076 viri
1568 1034 1653 1092 (vel
1690 1036 1838 1081 melius

208 1107 438 1149 innocentis
471 1103 678 1160 coniugis)
722 1116 801 1146 non
845 1103 982 1146 aufert
1013 1105 1048 1145 ei
1085 1105 1147 1146 ius
1185 1103 1350 1159 petendi
1394 1104 1579 1148 debitum
1621 1106 1684 1149 vel
1722 1120 1837 1150 revo-

207 1177 327 1221 candi
363 1188 551 1229 uxorem,
586 1174 776 1231 (nempez
811 1176 1031 1229 coniugem
1067 1174 1323 1232 adulterum)
1348 1190 1367 1215 »
1397 1174 1424 1220 ².
1459 1173 1723 1233 Quapropter
1756 1191 1837 1221 me-

208 1251 285 1292 rito
319 1250 465 1291 asserit
498 1258 650 1289 canon:
682 1250 820 1303 potest
853 1251 992 1287 aulem
1026 1246 1064 1297 a)
1096 1244 1271 1288 eundem
1305 1245 1530 1289 admittere
1562 1247 1610 1290 ad
1647 1248 1833 1292 eiusdem

208 1320 453 1376 poenitentis
489 1330 631 1374 preces
676 1318 888 1373 sequentis
934 1318 1179 1359 sententiani
1229 1316 1438 1372 Apostoli:
1478 1317 1511 1375 (l
1545 1318 1594 1361 ad
1629 1317 1834 1376 Corinth.)

211 1389 374 1444 «Quod
409 1391 440 1432 si
475 1389 710 1432 discesserit
745 1386 902 1445 (uxor),
947 1399 1116 1430 manere
1161 1390 1390 1444 innuptam,
1433 1393 1501 1432 aut
1538 1391 1626 1433 viro
1664 1403 1738 1434 suo
1771 1404 1834 1434 re-

206 1460 482 1514 conciliari»,
519 1458 561 1516 b)
594 1463 668 1501 aut
701 1471 898 1500 revocare
932 1460 1097 1514 propria
1135 1458 1345 1502 voluntate
1378 1458 1611 1516 obsequens
1643 1461 1833 1517 Apostoli

206 1532 316 1576 dicto
349 1533 487 1584 citato,
520 1531 680 1573 etiamsi
713 1529 763 1572 ad
798 1531 1101 1585 separationem
1136 1529 1415 1573 ecclesiastica
1451 1533 1676 1574 intervenit
1697 1537 1835 1576 aucto—

208 1606 318 1657 ritas,
343 1615 435 1645 nam
466 1603 706 1644 «sententia
732 1599 942 1643 Ecclesiae
961 1602 1188 1643 divortium
1214 1600 1463 1644 celebrantis
1481 1614 1559 1644 non
1581 1603 1656 1645 fuit
1679 1616 1834 1659 cogens

205 1675 254 1718 ad
289 1675 610 1730 separationem,
643 1671 713 1714 sed
750 1670 956 1713 licentiam
993 1670 1218 1727 praebens,
1253 1677 1292 1714 et
1326 1671 1417 1715 ideo
1450 1672 1606 1730 absque
1640 1678 1835 1717 retracta-

205 1748 314 1789 tione
348 1743 635 1801 praecedentis
666 1745 907 1797 sententiae,
940 1742 1030 1798 (seu
1064 1742 1180 1786 salva
1215 1742 1356 1799 regula
1392 1745 1493 1786 iuris
1525 1743 1831 1788 Romanorum:

209 1832 230 1858 α
253 1814 372 1869 Quod
397 1808 523 1858 semel
551 1814 654 1858 bene
678 1814 894 1857 delinitum
917 1818 992 1866 est,
1011 1813 1120 1856 nulla
1146 1813 1269 1857 debet
1293 1816 1510 1857 iteratione
1536 1818 1748 1859 retractari
1772 1815 1833 1873 n),

204 1892 337 1945 potest
385 1885 667 1930 reconciliatio
717 1885 805 1928 lieri
858 1884 920 1928 vel
960 1887 1076 1942 sequi
1103 1884 1117 1906 ³
1141 1900 1178 1928 )>.
1220 1900 1239 1925 ((
1263 1884 1380 1929 Unde
1416 1899 1520 1928 uxor
1555 1885 1645 1943 (seu
1679 1889 1832 1930 coniux

203 1956 384 2014 adulter)
420 1961 581 2000 tenetur
614 1958 649 1999 ei
686 1956 861 1999 reddere
894 1954 1134 2013 (debitum),
1168 1960 1207 1999 et
1240 1959 1290 1999 ad
1326 1969 1421 1999 eum
1455 1957 1608 2008 redire,
1642 1959 1674 2000 si
1711 1958 1834 2000 fuerit

203 2034 412 2083 revocata,
447 2029 522 2071 nisi
557 2027 608 2070 de
642 2027 808 2070 licentia
843 2029 933 2070 eius
974 2031 1114 2070 votum
1143 2027 1437 2070 'continentiae
1481 2030 1726 2071 emiserit».
1764 2027 1829 2070 Vi-

203 2100 353 2144 delicet
386 2101 443 2142 uti
480 2098 640 2155 plenius
687 2111 818 2142 canon
869 2099 1082 2155 providet:
1117 2098 1203 2140 wisi
1235 2112 1286 2141 eoe
1318 2098 1454 2156 ipsius
1491 2101 1680 2155 coniugis
1714 2101 1828 2142 inno-

203 2173 334 2216 centis
366 2184 580 2219 consensu,
616 2169 690 2212 tlte
723 2183 893 2226 nempe:
928 2172 1078 2213 coniux
1113 2169 1276 2213 adulter
1307 2175 1465 2213 statum
1499 2170 1735 2227 religiosum
1766 2170 1827 2214 vel

203 2242 437 2287 clericalem
461 2240 732 2284 matrimomo
756 2241 1032 2292 eontrarium,
1061 2254 1134 2298 per
1157 2242 1452 2297 professionem
1479 2241 1543 2284 vel
1574 2255 1646 2298 per
1669 2242 1829 2285 ordina·

201 2316 353 2357 tionem
391 2315 427 2355 in
462 2314 591 2355 sacris
623 2312 866 2370 susceperit.
912 2312 1157 2356 Huiusmodi
1193 2325 1372 2369 namque
1409 2325 1611 2356 consensu
1655 2314 1828 2356 cessisse

202 2384 424 2428 dicendum
459 2388 520 2427 est
552 2382 682 2427 libere
713 2396 761 2427 ac
796 2383 899 2427 bene
940 2385 1004 2426 ius
1037 2383 1312 2439 praedictum,
1354 2382 1643 2441 subintratque
1682 2383 1826 2439 regula

203 2458 304 2499 iuris
328 2456 373 2498 a!
406 2457 444 2498 in
471 2456 531 2498 6⁰:
562 2470 582 2496 (c
607 2455 722 2508 Quod
748 2455 875 2498 semel
902 2454 1067 2512 placuit,
1091 2454 1271 2511 amplius
1293 2454 1513 2511 displicere
1537 2468 1615 2497 non
1637 2459 1824 2511 potest».

320 2525 417 2568 543.
452 2527 591 2571 Aliae
623 2540 805 2572 causae
836 2527 1203 2583 separationem
1246 2527 1631 2571 cohonestantes
1675 2525 1827 2568 dantur

199 2596 426 2640 secundum
462 2598 622 2651 praxim
656 2595 866 2639 Ecclesiae
901 2599 938 2639 in
963 2595 1041 2639 hoc
1074 2598 1162 2652 ipso
1194 2608 1274 2638 non
1299 2597 1475 2639 errantis
1508 2597 1620 2638 iuxta
1654 2595 1823 2652 dogma-

201 2669 322 2710 ticam
358 2666 640 2709 definitionem
684 2666 761 2710 sub
804 2669 1071 2723 inscriptione
1113 2666 1275 2709 articuli
1319 2668 1500 2720 citatam,
1534 2678 1640 2724 quae
1688 2669 1822 2709 tamen

200 2749 351 2782 causae
383 2737 433 2780 ad
470 2736 625 2780 vinculi
668 2737 914 2780 solutionem
951 2750 1030 2780 non
1074 2736 1284 2780 sufficiunt
1325 2735 1378 2780 ob
1420 2735 1591 2779 alteram
1635 2735 1821 2779 eiusdem

319 2843 332 2864 1
358 2842 406 2876 D.
435 2842 506 2876 Th.
537 2842 673 2887 Suppl.
703 2855 739 2887 q.
767 2843 882 2877 LXII
905 2855 938 2878 a.
965 2844 999 2884 6,
1028 2843 1076 2877 ad
1101 2844 1164 2877 2¹¹¹.
1183 2843 1259 2868 —2
1276 2843 1322 2877 D.
1353 2842 1425 2876 Th.
1448 2841 1583 2887 Suppl.
1605 2853 1638 2886 q.
1657 2840 1770 2875 LXII
1787 2853 1821 2876 a.

200 2900 221 2934 6
246 2891 294 2930 ad
320 2889 383 2924 3¹¹¹.
408 2909 452 2915 --
479 2890 493 2912 3
518 2889 565 2924 D.
594 2890 666 2924 Th.
697 2890 833 2935 Suppl.
863 2902 899 2935 q.
926 2890 1041 2925 LXII
1065 2902 1099 2925 a.
1128 2890 1150 2924 6
1175 2890 1224 2925 ad
1252 2892 1311 2925 1111.
