1971 3261
161 123 254 158 Can.
285 122 350 157 727
754 122 839 157 Lm.
867 122 939 156 III.
968 143 979 148 -
1007 123 1064 157 De
1092 125 1201 157 rebus
1777 126 1797 159 3

277 242 313 285 3.
351 244 633 300 Descriptio
666 245 875 300 duplicis
908 245 1164 290 simoniae.
1188 269 1213 275 -
1237 245 1523 288 Communiter
1546 244 1598 288 al)
1626 248 1796 303 antiquo

156 314 353 357 delinitur
385 316 585 357 simonia:
624 314 846 357 «studiosa
887 314 1077 357 voluntas
1110 315 1276 358 emendi
1318 315 1378 358 vel
1409 316 1614 359 vendendi
1640 317 1795 374 aliquid

155 384 369 441 spirituale
407 384 468 428 vel
503 384 707 440 spirituali
743 385 998 428 adnexum»
1037 386 1232 442 equidem
1271 388 1401 442 pretio
1439 387 1686 443 temporali;
1727 401 1795 431 cu-

158 458 219 498 ius
253 454 407 498 malitia
441 458 500 499 sic
536 457 676 512 patetit
709 468 730 499 a
767 455 811 498 D.
847 455 1002 499 Thema
1025 456 1061 499 1;
1112 461 1268 499 «actus
1300 457 1450 514 aliquis
1484 463 1545 500 est
1580 458 1712 501 malus
1747 472 1794 502 ex

155 539 322 582 genere,
357 540 405 569 eo
438 526 549 584 quod
584 527 696 570 cadit
729 540 856 583 super
891 529 1105 570 materiam
1133 527 1375 571 indebitam.
1402 527 1632 584 Emptionis
1656 534 1793 572 autem

155 601 194 640 et
231 598 479 641 venditionis
512 603 571 640 est
609 601 781 641 materia
817 597 998 641 indebita
1050 612 1113 641 res
1156 599 1383 654 spiritualis
1431 599 1580 655 triplici
1624 603 1793 644 ratisme.

158 667 293 710 l'rimo
326 668 493 725 quidem
529 670 624 725 quia
661 682 725 712 res
757 668 986 724 spiritualis
1020 682 1099 712 non
1136 674 1268 726 potest
1301 669 1440 726 aliquo
1474 675 1639 714 terreno
1666 673 1795 727 pretio

154 741 429 795 compensari,
464 741 571 782 sicut
617 739 668 782 de
702 742 902 795 sapientia
954 739 1163 783 dicitur²z
1201 742 1225 760 “
1263 740 1485 784 Pretiosior
1532 747 1589 784 est
1635 745 1795 785 cunctis

154 808 323 865 opibus;
356 814 395 853 et
428 812 567 853 omnia
600 822 706 868 quae
740 810 1045 865 desiderantur,
1083 811 1177 854 huic
1213 825 1290 854 non
1331 811 1466 855 valent
1501 815 1733 869 comparari
1755 848 1792 867 „.

157 879 251 923 ldeo
285 882 407 924 etiam
437 880 580 924 Petrus
605 883 642 924 in
669 884 753 938 ipsa
779 884 840 925 sui
868 882 1009 925 radice
1032 883 1212 926 Simonis
1238 885 1484 938 pravitatem
1510 884 1794 927 condemnans

154 948 315 995 dixit3:
353 951 576 996 “Pecunia
611 957 678 995 tua
715 957 850 996 tecum
886 955 936 995 sit
982 955 1019 995 in
1068 953 1358 1009 perditionem,
1401 957 1596 1011 quomam
1637 955 1791 998 (lunum

155 1021 227 1066 Dei
262 1025 506 1066 existimasti
541 1025 715 1078 pecunia
752 1024 951 1080 possideri
979 1060 1016 1077 ,,.
1052 1024 1258 1077 Secundo,
1307 1027 1402 1081 quia
1453 1025 1490 1067 id
1538 1039 1615 1068 non
1664 1031 1793 1081 potest

155 1108 244 1137 esse
277 1094 415 1138 debita
455 1095 704 1138 venditionis
739 1097 927 1146 materia,
959 1097 1078 1138 cuius
1115 1095 1304 1138 venditor
1325 1100 1421 1138 'non
1448 1101 1505 1138 est
1541 1096 1791 1141 dominus...

158 1165 368 1208 l'raelatus
401 1170 537 1208 autem
573 1165 786 1209 Ecclesiae
811 1179 889 1209 non
925 1170 985 1209 est
1019 1165 1214 1209 doininus
1237 1165 1513 1221 spiritualium
1542 1180 1695 1213 rerum,
1720 1168 1789 1210 sed

153 1235 427 1292 dispensator,
460 1236 691 1279 secundum
728 1236 826 1279 illud
850 1237 886 1279 4:
921 1236 1031 1279 “Sic
1075 1249 1147 1279 nos
1191 1238 1399 1279 existimet
1434 1236 1557 1279 homo
1593 1243 1632 1280 ut
1681 1241 1794 1280 mini-

152 1311 258 1349 stros
291 1305 455 1358 Christi,
490 1311 529 1349 et
561 1307 868 1363 dispensatores
893 1310 1185 1364 mysteriorum
1214 1307 1284 1351 Dei
1306 1343 1343 1362 ,‚.
1379 1307 1529 1364 Tertio,
1563 1311 1659 1366 quia
1703 1323 1796 1352 ven·

152 1377 253 1420 ditio
287 1382 491 1441 repugnat
523 1377 802 1433 spiritualium
838 1379 1002 1434 origini,
1037 1391 1145 1436 quae
1178 1392 1226 1422 ex
1263 1382 1441 1435 gratuita
1483 1379 1554 1423 Dei
1582 1380 1793 1424 voluntate

154 1450 417 1504 proveniunt.
451 1447 568 1492 Unde
611 1453 650 1492 et
699 1448 900 1493 Dominus
948 1449 1105 1494 dicit⁵z
1157 1448 1336 1494 “Gratis
1383 1453 1616 1508 accepistis,
1665 1454 1794 1508 gratis

152 1519 246 1563 date
271 1552 309 1575 „.
344 1518 393 1563 Et
427 1519 518 1563 ideo
551 1519 701 1578 aliquis
734 1521 913 1564 emendo
950 1520 1012 1564 vel
1051 1521 1270 1565 vendendo
1305 1535 1391 1565 rem
1436 1522 1710 1579 spiritualem,
1746 1525 1795 1565 ir-

153 1593 431 1635 reverentiam
467 1590 637 1635 exhibet
672 1590 754 1636 Deo
803 1597 843 1635 et
878 1591 1001 1636 rebus
1050 1593 1226 1647 divinis3
1278 1597 1445 1650 propter
1493 1594 1602 1651 quod
1652 1599 1791 1650 peccat

153 1666 323 1718 peccato
367 1661 742 1719 irreligiositatis».
779 1663 864 1706 Imo
899 1665 1052 1707 iustitia
1089 1663 1267 1707 laeditur
1300 1664 1436 1721 quoad
1472 1666 1648 1721 pretium
1696 1669 1793 1708 tem-

152 1732 293 1789 porale
325 1736 544 1790 acceptum
583 1733 645 1777 vel
682 1734 960 1777 retinendum.

273 1802 564 1848 Definitionem
600 1804 710 1848 illam
746 1805 872 1848 tradit
906 1810 945 1848 et
979 1805 1160 1862 explicat
1191 1820 1282 1852 eant
1318 1808 1424 1849 727.
1458 1807 1486 1865 ξ
1524 1808 1558 1847 1.
1595 1806 1794 1850 Studiosa

154 1874 347 1918 voluntas
379 1880 543 1932 sumpta
578 1889 650 1932 pro
683 1878 772 1920 eius
805 1881 914 1931 actu,
949 1890 997 1920 eo
1036 1878 1189 1935 «quod
1226 1880 1379 1922 iustitia
1413 1883 1450 1921 et
1488 1891 1632 1921 omnes
1657 1883 1794 1935 partes

152 1947 253 2001 eius,
289 1951 328 1989 et
363 1959 435 2003 per
467 1959 728 2004 consequens
762 1950 901 1991 omnia
940 1950 1036 1992 vitia
1071 1951 1258 2005 opposita
1291 1954 1386 1992 sunt
1420 1951 1459 1992 in
1498 1949 1708 1993 voluntate
1747 1951 1795 1992 si-

151 2021 221 2060 cut
255 2019 292 2060 in
327 2016 527 2061 subiecto.
564 2016 612 2061 Et
647 2018 740 2062 ideo
777 2021 1077 2062 convenienter
1109 2021 1285 2063 simonia
1330 2033 1402 2077 per
1438 2020 1693 2064 voluntatem
1728 2020 1794 2064 de·

153 2088 305 2132 tinitur.
339 2088 520 2132 Additur
558 2093 697 2133 autem
732 2090 931 2145 studiosa,
966 2090 1016 2134 ad
1052 2090 1356 2148 designandum
1391 2091 1653 2147 electionem,
1687 2103 1793 2149 quae

153 2158 438 2215 principaliter
471 2161 648 2216 pertinet
682 2160 732 2204 ad
772 2163 967 2205 virtutem
1003 2166 1041 2204 et
1075 2162 1125 2205 ad
1165 2164 1376 2216 vitium»,
1404 2162 1618 2219 complens
1643 2162 1741 2205 illud
1763 2163 1791 2202 ⁵.

152 2228 354 2286 Adiungit
385 2242 543 2273 canon:
578 2229 743 2274 emendi
775 2231 839 2274 rel
870 2231 1089 2285 vendendi,
1114 2244 1209 2276 nam
1249 2232 1428 2276 «Simon
1455 2245 1614 2289 magus,
1638 2233 1688 2276 ad
1714 2232 1792 2275 hoc

152 2313 292 2344 emere
329 2301 458 2345 voluit
492 2306 737 2358 potestatem
771 2302 1048 2360 spiritualem,
1083 2308 1126 2347 ut
1158 2316 1248 2348 eam
1287 2309 1428 2361 postea
1466 2304 1681 2348 venderet.
1726 2303 1793 2346 Di-

152 2373 260 2415 citur
292 2373 402 2415 enim
436 2374 476 2415 in
509 2369 696 2416 Gratiani
723 2372 955 2418 Dect-etei:
990 2375 1102 2432 quod
1135 2376 1318 2419 “Simon
1350 2374 1494 2432 Magus
1532 2375 1684 2418 donum
1710 2376 1795 2431 Spi-

154 2443 255 2486 ritus
287 2443 426 2487 Sancti
460 2456 600 2487 emere
636 2443 781 2499 voluit,
825 2450 868 2489 ut
905 2459 955 2489 ex
1009 2446 1247 2490 venditione
1294 2448 1524 2504 signorum,
1574 2458 1680 2503 quae
1721 2458 1793 2502 per

152 2527 247 2557 eum
282 2514 441 2565 tierent,
478 2514 795 2571 multiplicatam
832 2517 1054 2573 pecuniam
1089 2517 1380 2573 lucraretur-W
1430 2517 1480 2561 Et
1523 2519 1581 2560 sic
1631 2516 1686 2560 illi
1721 2518 1791 2574 qui

152 2584 381 2641 spiritualia
416 2586 616 2642 vendunt,
659 2588 977 2631 conformantur
1018 2588 1175 2633 Simoni
1220 2587 1338 2645 Mago
1383 2591 1421 2631 in
1467 2590 1715 2632 intentione:
1753 2590 1790 2630 in

153 2659 248 2698 actu
286 2668 383 2700 vero
417 2655 475 2699 illi
508 2659 579 2714 qui
613 2670 754 2702 emere
780 2658 946 2703 volunt:
992 2658 1049 2702 illi
1083 2664 1222 2703 autem
1266 2661 1335 2716 qui
1373 2658 1571 2713 vendunt,
1620 2660 1657 2700 in
1697 2660 1791 2701 actu

273 2786 284 2808 ¹
312 2786 346 2820 2.
372 2787 424 2830 2.,
452 2798 488 2831 q.
517 2786 560 2831 O,
590 2791 665 2822 art.
694 2789 724 2822 1.
751 2808 796 2814 —-
822 2788 836 2810 2
863 2787 1066 2831 Proverb.‚
1091 2787 1164 2831 111,
1195 2789 1251 2822 15.
1282 2807 1324 2812 —-
1351 2788 1364 2809 '³
1390 2788 1498 2831 Aet„
1527 2786 1635 2828 VIII,
1664 2787 1721 2821 20.
1750 2807 1790 2812 —

151 2834 165 2854 ⁴
191 2832 210 2866 Ι
228 2832 276 2866 ad
295 2832 399 2878 Cor„
427 2833 495 2876 IV,
527 2836 558 2868 1.
589 2855 634 2860 -—-
662 2836 676 2857 5
702 2835 866 2879 Matth.‚
886 2835 938 2879 X,
958 2836 992 2870 8.
1012 2856 1056 2860 —
1076 2835 1089 2857 ⁶
1109 2835 1154 2869 D.
1176 2835 1259 2878 Th„
1282 2835 1306 2868 1.
1327 2846 1359 2871 c.
1378 2834 1425 2868 ad
1443 2836 1477 2868 2.
1508 2855 1549 2859 —
1576 2834 1591 2855 7
1611 2834 1739 2869 Causa
1757 2833 1788 2874 Ι,

155 2892 188 2924 q.
215 2880 287 2923 ΙΙΙ,
314 2892 345 2915 c.
372 2880 588 2928 Salvator.>
