1971 3261
100 150 194 186 Can.
223 149 315 184 1046
618 148 701 183 ΤιΤ.
734 148 818 183 VII.
849 169 862 174 -
889 149 944 183 De.
972 150 1230 183 Mafrz'monio
1659 149 1724 183 541

100 272 234 322 inissa,
254 281 361 326 quae
380 269 428 312 ad
452 270 692 311 universam
713 268 974 325 disciplinam
996 268 1095 312 cleri
1119 268 1346 312 saecularis
1372 269 1595 326 populique
1619 269 1727 312 cliri-

95 343 215 385 stiani
252 340 470 383 retertur»
511 338 619 396 (can.
656 339 752 392 2350,
787 340 815 397 ξ
850 339 905 396 1),
941 341 1128 397 sequitur
1166 339 1275 397 quod
1309 344 1370 383 est
1403 345 1642 396 competens
1676 342 1724 383 ad

96 411 402 455 decernendam
439 410 724 453 reductionem
760 410 1008 454 clericorum
1045 413 1082 453 in
1107 412 1238 454 sacris
1260 410 1310 454 ad
1336 415 1486 454 statum
1524 411 1727 465 laicalem,

96 488 135 526 et
169 482 383 526 relaxandi
431 480 728 537 obligationem
778 480 1009 525 coelibatus
1046 497 1066 522 «
1090 494 1169 539 qua
1215 481 1271 524 illi
1315 481 1450 525 adhuc
1489 486 1723 526 tenentur»

97 553 206 610 (can.
228 552 326 606 213,
350 558 374 606 ξ
399 551 458 608 9.),
480 554 561 594 imo
595 557 632 594 et
667 551 717 595 ad
753 552 1077 608 dispensandum
1113 564 1134 595 a
1173 557 1266 595 roto
1299 555 1498 596 castitatis
1531 558 1730 610 perpetuo

96 626 246 668 emisso
286 639 304 664 <i
331 626 367 666 in
402 625 599 666 socictate
637 625 726 666 sive
774 625 957 666 virorum
992 625 1084 666 sive
1121 624 1358 677 mulierum,
1397 637 1503 682 quae
1548 638 1625 667 non
1671 631 1729 668 est

98 696 261 752 proprie
296 694 440 750 religio
463 709 484 734 »
514 694 622 751 (can.
650 694 748 749 673,
772 695 799 753 g
826 694 879 751 1).
913 695 1021 752 quod
1059 699 1147 751 post
1181 695 1463 739 dimissionem
1489 708 1509 739 a
1534 699 1730 739 societate

98 768 296 810 manserit
331 766 512 808 tirmum.

219 834 260 878 V.
301 851 321 876 «
345 836 622 892 Congregatio
656 838 832 892 negotiis
868 837 1156 893 religiosorum
1190 837 1394 880 sodalium
1427 839 1658 893 praeposita
1684 850 1730 881 ca

96 907 172 951 sibi
207 907 422 951 exclusive
458 907 640 950 vindicat
673 920 779 964 quae
815 910 1086 964 respiciunt»
1125 911 1229 961 (can.
1257 908 1355 961 251,
1386 908 1413 965 g
1449 908 1486 961 1)
1519 909 1731 964 dispensa-

98 981 249 1022 tionem
289 980 371 1021 voti
405 980 605 1022 castitatis
640 980 676 1021 in
713 978 916 1035 religione
949 978 1135 1037 qualibet
1168 981 1320 1023 emissi.
1350 979 1451 1022 Nam
1487 981 1522 1022 ei
1559 993 1637 1022 non
1672 986 1731 1023 est

96 1048 294 1094 ablatum.
332 1051 413 1091 imo
449 1048 648 1105 implicite
681 1049 983 1105 adiudicatum,
1020 1049 1129 1107 quod
1166 1049 1342 1106 legimus
1376 1051 1413 1092 in
1448 1055 1577 1093 const.
1618 1065 1638 1091 <c
1661 1050 1730 1093 Sa-

100 1122 225 1176 pienti
258 1119 430 1163 consilio
454 1135 473 1160 ›>
503 1119 546 1175 (l,
569 1119 626 1175 1⁰7
647 1120 730 1173 4)...
761 1136 783 1161 «
807 1120 1105 1164 relaxationem
1143 1126 1332 1164 votorum
1359 1123 1397 1163 in
1425 1121 1624 1177 religione
1655 1134 1727 1165 seu

99 1194 137 1234 in
172 1190 376 1247 religiosis
410 1193 606 1234 institutis
639 1194 902 1245 emissorum,
936 1191 1013 1235 sibi
1053 1192 1249 1246 vindicat,
1282 1191 1431 1248 Congr.
1467 1194 1642 1249 negotiis
1674 1206 1732 1236 so-

97 1262 253 1305 dalium
290 1262 577 1318 religiosorum
615 1265 848 1319 praeposita
874 1279 912 1303 ³).
937 1262 1055 1307 Unde
1091 1267 1246 1306 tantum
1273 1275 1318 1306 ea
1345 1265 1651 1307 interveniente
1678 1267 1733 1306 ii-

97 1333 220 1376 detur
255 1346 371 1389 posse
416 1335 596 1389 permitti
644 1335 969 1383 matrimonium,
1005 1336 1070 1377 cui
1106 1333 1239 1377 obstet
1284 1334 1488 1377 dictorum
1539 1340 1728 1378 votorum

98 1404 234 1447 forsan
270 1408 359 1460 post
392 1417 607 1460 egressum
645 1407 982 1460 permanentium
1016 1405 1377 1461 impedimentum.

219 1472 279 1517 Vi.
321 1474 441 1517 «Pro
475 1473 672 1518 Ecclesiis
718 1477 821 1518 ritus
866 1475 1079 1518 orientalis
1112 1474 1388 1532 Congu-egatio
1434 1489 1506 1532 pro
1550 1475 1732 1520 Ecclesia

97 1543 298 1591 Orientali
343 1545 538 1590 omnibus
583 1545 851 1590 facultatibus
897 1548 1062 1602 potitur,
1098 1559 1200 1604 quas
1244 1546 1348 1590 aliae
1383 1546 1736 1604 Congregationes

99 1630 172 1674 pro
205 1616 402 1661 Ecclesiis
436 1619 538 1660 ritus
584 1616 698 1661 latini
745 1617 947 1666 obtinent,
983 1617 1179 1661 incolumi
1225 1622 1361 1662 tamen
1397 1617 1534 1675 (antea
1569 1618 1735 1662 obtento

99 1690 137 1731 in
171 1684 408 1733 Orientales
441 1692 480 1731 et
516 1701 590 1744 per
613 1686 807 1732 Codicem
833 1701 912 1732 non
938 1687 1095 1745 ablato)
1122 1691 1210 1732 iure
1233 1687 1578 1746 Congregationis
1601 1690 1639 1733 S.
1664 1686 1734 1734 Ot'-

99 1759 180 1803 ticii
205 1774 243 1800 ».
277 1757 395 1803 Circa
431 1758 507 1802 hoc
543 1761 605 1802 ius
639 1759 905 1803 considerare
950 1765 1112 1816 oportet
1145 1759 1253 1817 quod
1290 1760 1328 1804 S.
1363 1759 1512 1815 Congr.
1547 1760 1733 1805 Consist⁸.

100 1830 310 1887 respondit
337 1829 349 1853 ¹
384 1830 434 1873 ad
462 1829 567 1874 Dub.
598 1846 618 1871 «
646 1829 707 1875 Vl.
742 1830 887 1875 Utrum
924 1829 1075 1887 Congr.
1102 1844 1174 1887 pro
1210 1833 1385 1887 negotiis
1420 1833 1571 1874 rituum
1606 1833 1737 1874 orien-

99 1900 240 1944 talium
280 1900 414 1944 valeat
457 1903 581 1944 etiam
618 1903 656 1944 in
692 1907 902 1958 posterum
947 1902 1179 1946 concedere
1222 1902 1551 1958 dispensationes
1596 1904 1733 1945 matri-

100 1971 299 2015 moniales
333 1974 487 2015 mixtae
523 1973 737 2029 religionis
769 1985 817 2017 ac
851 1973 1108 2030 disparitatis
1140 1972 1307 2016 cultus?
1339 1999 1395 2004 —
1419 1973 1479 2016 Ad
1520 1971 1580 2017 vl.
1615 1972 1736 2015 Affir-

101 2045 269 2097 mative,
303 2048 477 2099 excepto
517 2044 806 2087 tantummodo
842 2043 1066 2101 Privilegio
1101 2043 1285 2097 Paulino,
1318 2044 1427 2101 quod
1475 2046 1650 2100 pertinet
1684 2043 1733 2087 ad

99 2112 248 2171 Congr.
273 2113 312 2157 S.
337 2111 473 2158 Officii
500 2130 538 2159 ».
566 2114 625 2158 llli
658 2113 980 2172 Congregationi
1014 2116 1215 2159 successit
1250 2115 1490 2158 immediate
1529 2130 1550 2155 «
1573 2115 1610 2158 S.
1635 2113 1736 2158 Con-

99 2186 287 2242 gregatio
313 2198 385 2242 pro
410 2184 596 2229 Ecclesia
621 2183 824 2230 Orientali
850 2202 869 2227 »
902 2200 973 2242 per
996 2185 1150 2229 Motum
1188 2199 1246 2242 pr.
1278 2201 1297 2226 «
1322 2185 1392 2229 Dei
1428 2185 1686 2242 providentis
1709 2201 1730 2225 »

101 2255 252 2300 Bened.
289 2255 360 2300 PP.
384 2255 462 2298 XV
487 2257 501 2279 ²
538 2259 576 2300 in
611 2269 692 2314 quo
725 2256 802 2301 sub
828 2270 866 2299 n.
892 2255 941 2299 lV
967 2256 1226 2300 decernitur:
1257 2272 1278 2297 ι(
1304 2256 1378 2300 Pro
1401 2255 1599 2300 Ecclesiis
1633 2259 1735 2300 ritus

101 2326 313 2370 orientalis
345 2326 447 2371 haec
471 2326 747 2384 Congregatio
771 2327 965 2372 omnibus
989 2327 1253 2371 facultatibus
1278 2330 1470 2384 potiatur,
1495 2340 1598 2385 quas
1630 2327 1735 2372 aliae

100 2395 454 2454 Congregationes
489 2412 561 2455 pro
584 2398 781 2443 Ecclesiis
816 2400 917 2442 ritus
952 2398 1064 2441 latini
1099 2397 1297 2453 obtinent,
1322 2397 1439 2442 salvo
1474 2403 1610 2442 tamen
1647 2400 1734 2442 iure

101 2466 444 2525 Congregationis
466 2469 506 2513 S.
530 2467 667 2514 Officii
691 2485 733 2525 n,
766 2470 876 2527 quod
912 2471 974 2513 ius
1008 2483 1086 2512 non
1120 2483 1164 2512 se
1197 2469 1463 2522 extendebat,
1491 2469 1552 2513 vel
1587 2469 1731 2513 saltem

102 2551 182 2582 non
216 2538 431 2583 exclusive
474 2540 524 2584 ad
570 2540 848 2597 dispensanda
894 2540 1189 2596 impedimenta
1234 2540 1489 2597 disparitatis
1526 2541 1663 2584 cultus
1697 2546 1733 2584 et

102 2612 255 2653 mixtae
291 2610 502 2667 religionis
536 2625 608 2668 pro
642 2611 818 2655 subditis
851 2611 1124 2655 ecclesiarum
1161 2613 1262 2655 ritus
1295 2612 1522 2656 orientalis.

220 2679 317 2724 Tam
338 2682 376 2726 S.
397 2681 715 2726 Poenitentiaria
737 2696 809 2739 pro
830 2685 917 2726 t'oro
943 2684 1118 2737 interno,
1137 2695 1261 2740 quam
1288 2684 1527 2740 praedictae
1547 2684 1614 2727 SS.
1633 2681 1734 2727 Con·

101 2754 366 2808 gregationes
400 2766 473 2809 pro
508 2753 596 2796 foro
629 2758 817 2808 externo,
848 2755 954 2797 sicut
998 2753 1327 2810 dispensationes
1371 2756 1575 2811 praefatas
1621 2757 1732 2797 iuxta

222 2906 233 2927 ¹
262 2906 305 2939 12
331 2905 428 2941 Nov.
461 2906 565 2947 1909,
595 2905 672 2941 CO.
697 2906 727 2947 Ι,
755 2906 835 2940 149.
866 2927 897 2931 m
920 2906 934 2928 '³
963 2909 980 2941 1
1009 2907 1103 2942 Maii
1132 2908 1234 2943 1917.
1264 2907 1340 2943 CO.
1366 2907 1437 2949 IX,
1467 2919 1552 2953 pag.
1585 2908 1666 2942 525).
