1971 3261
112 142 205 178 Can.
236 142 389 177 741-‘742

677 142 761 175 Tt'r.
795 142 822 175 Ι.
856 162 865 166 -
892 142 949 176 De
980 143 1184 186 Raptismo
1702 144 1751 176 29

113 263 234 307 nibus
258 265 428 305 tortasse
454 261 614 318 longius
639 263 872 305 constitutis
899 264 1121 305 necessitas
1145 266 1330 304 extrema
1355 262 1598 318 compellat„
1626 262 1746 316 Quod

112 340 152 378 et
177 334 306 377 Laicis
329 331 573 377 Christianis
597 335 734 376 tacere
761 333 1005 390 plerumque
1029 333 1274 376 conceditur
1292 349 1331 374 ».
1351 333 1429 375 Sed
1452 332 1527 375 lioc
1549 335 1748 389 interpre-

114 405 308 449 tandum:
344 403 406 447 llis
441 417 512 460 pro
533 402 737 460 baptismo
764 406 939 459 privato,
966 402 1044 445 illis
1070 416 1142 459 pro
1168 402 1371 459 baptismo
1395 403 1600 455 sollemni„
1635 404 1745 461 quod

113 478 151 518 in
201 488 358 519 canone
406 477 464 517 sic
513 476 786 530 exprimitur:
837 487 943 531 quae
1003 473 1165 517 licentia
1207 476 1453 527 necessaria,
1495 474 1564 516 ubi
1612 488 1748 516 neces-

111 547 219 590 silas
239 551 400 602 nrqeat,
421 545 606 602 leyt‘time
622 545 926 602 praesumitur.
949 549 1159 601 tamquam
1182 558 1253 601 per
1279 545 1409 601 legem
1431 544 1610 589 obtenta.
1634 544 1682 588 Et
1702 558 1750 588 en

112 620 215 660 ratio
241 616 283 659 D.
305 615 486 659 'l'liomae
506 615 533 658 ¹:
566 635 580 654 «
598 618 692 672 quia
715 615 943 672 baptismus
962 620 1023 658 est
1040 621 1346 658 sacramentum
1368 618 1638 670 necessitatis,
1661 630 1752 672 per—

114 691 288 731 mittitur
326 689 526 742 diaconis,
561 689 807 730 necessitate
853 691 1041 742 urgente,
1077 689 1114 729 in
1150 686 1336 731 absentia
1381 690 1583 731 maiorum
1622 687 1752 744 bapti-

110 773 215 804 zare.
251 762 357 802 sicut
392 763 502 815 patet
536 772 585 801 ex
621 761 869 801 auctoritate
887 757 1039 801 Gelasii
1072 770 1196 814 supra
1233 758 1412 802 inducta.
1439 758 1487 801 Et
1522 758 1597 802 lioc
1633 758 1753 801 modo

112 831 154 874 B.
181 831 426 874 Laurentius
458 829 660 872 diaconus
695 831 899 872 exsistens
935 828 1221 885 baptizavit».

232 902 299 946 25.
334 903 560 947 Minister
585 903 820 958 baptismi
846 903 1042 958 privati.
1059 927 1084 930 —
1110 900 1150 943 ln
1176 900 1294 945 Dec.⁰
1319 901 1368 943 ad
1397 902 1600 945 Armenes
1625 901 1754 958 Euge-

112 976 167 1016 nii
205 972 251 1015 lV
290 973 487 1028 legimus:
530 987 549 1012 ((
576 971 614 1014 ln
651 984 773 1014 causa
809 977 947 1014 autem
983 974 1240 1015 necessitatis
1274 985 1352 1014 non
1392 972 1524 1015 solum
1560 972 1754 1015 sacerdos

115 1044 179 1088 vel
214 1044 427 1087 diaconus,
446 1043 517 1085 sed
553 1045 676 1085 etiam
714 1042 842 1086 laicus
879 1043 940 1086 vel
978 1042 1140 1093 mulier,
1180 1045 1305 1085 immo
1338 1045 1460 1086 etiam
1497 1056 1682 1100 paganus
1715 1050 1753 1086 et

114 1115 347 1159 haereticus
382 1113 587 1170 baptizare
623 1118 766 1170 potest,
803 1114 1030 1157 dummodo
1076 1116 1251 1157 formam
1294 1119 1432 1157 servet
1468 1114 1679 1157 Ecclesiae
1715 1120 1753 1158 et

113 1188 248 1230 facere
293 1185 489 1228 intendat.
525 1185 632 1241 quod
681 1186 775 1227 t'acit
810 1184 1057 1228 Ecclesia».
1093 1185 1229 1242 Atque
1261 1184 1384 1228 Conc.
1418 1184 1529 1230 Trid.
1563 1186 1752 1229 delinivit

111 1257 230 1314 (sess.
269 1255 346 1298 Vll.
381 1255 569 1299 Canones
603 1256 653 1298 de
690 1256 917 1312 Baptismo)
953 1259 990 1299 in
1026 1269 1116 1299 can.
1153 1258 1204 1298 4:
1243 1272 1262 1297 c<
1286 1257 1325 1300 Si
1360 1259 1453 1314 quis
1496 1258 1650 1301 dixerit
1685 1256 1752 1300 ba-

112 1330 322 1384 ptismum,
357 1328 426 1383 qui
462 1328 584 1369 etiam
632 1327 755 1369 datur
795 1326 847 1369 ab
893 1327 1113 1370 haereticis
1147 1330 1184 1369 in
1221 1330 1387 1371 nomine
1428 1328 1558 1371 Patris
1591 1333 1630 1372 et
1664 1328 1752 1370 Filii

110 1403 149 1442 et
182 1399 359 1455 Spiritus
392 1397 544 1449 Sancti,
579 1411 674 1440 cuin
711 1400 938 1441 intentione
972 1399 1148 1441 faciendi
1183 1399 1292 1455 quod
1331 1400 1425 1442 facit
1451 1399 1651 1454 Ecclesia,
1673 1413 1751 1442 non

110 1483 200 1513 esse
238 1482 381 1512 verum
418 1467 685 1525 baptismum,
721 1468 768 1513 A.
793 1469 831 1512 S.
857 1485 897 1513 ».
927 1468 1171 1527 Horumque
1207 1472 1406 1513 rationem
1442 1473 1672 1527 accipimus
1705 1484 1752 1513 ex

110 1541 157 1584 D.
191 1540 263 1585 Tb.
298 1539 547 1584 doctrina²z
588 1555 608 1580 ((
632 1539 682 1583 ad
719 1541 1048 1584 misericordiam
1094 1543 1183 1584 eius
1221 1544 1290 1598 qui
1327 1541 1415 1585 vult
1448 1555 1592 1585 omnes
1626 1542 1754 1585 homi-

110 1625 183 1656 nes
216 1612 354 1655 salvos
387 1613 490 1667 fieri,
526 1613 705 1668 pertinet
740 1616 782 1655 ut
816 1614 854 1655 in
889 1611 952 1655 his
985 1625 1092 1670 quae
1125 1617 1219 1656 sunt
1242 1614 1293 1657 de
1318 1615 1562 1657 necessitate
1595 1613 1754 1667 salutis,

111 1683 234 1727 homo
268 1683 319 1726 de
355 1682 464 1726 facili
501 1683 733 1726 remedium
771 1685 969 1728 inveniat.
1006 1683 1115 1727 Inter
1148 1686 1285 1727 omnia
1320 1689 1457 1728 autem
1493 1689 1752 1728 sacramenta

113 1757 320 1798 maximae
355 1756 615 1797 necessitatis
647 1759 708 1797 est
742 1753 985 1811 baptismus,
1006 1757 1074 1812 qui
1110 1760 1172 1799 est
1207 1757 1468 1812 regeneratio
1503 1755 1681 1798 bominis
1715 1758 1752 1798 in

114 1828 239 1870 vitam
274 1825 546 1882 spiritualem,
568 1827 664 1883 quia
702 1827 840 1882 pueris
872 1825 993 1869 aliter
1025 1826 1240 1870 subveniri
1276 1840 1354 1870 non
1393 1832 1537 1883 potest,
1563 1832 1602 1870 et
1625 1827 1752 1870 adulti

112 1910 190 1940 non
228 1901 397 1953 possunt
429 1895 549 1940 aliter
583 1910 708 1954 quam
746 1910 818 1953 per
854 1897 1104 1953 baptismum
1142 1897 1304 1954 plenam
1340 1900 1626 1941 remissionem
1662 1911 1756 1941 con-

110 1969 228 2023 sequi
263 1972 302 2011 et
334 1972 534 2025 quantum
570 1968 621 2010 ad
659 1967 823 2024 culpam
861 1973 900 2011 et
934 1973 1132 2025 quantum
1180 1969 1228 2012 ad
1277 1982 1468 2026 poenam.
1504 1969 1552 2012 Et
1586 1969 1678 2013 ideo
1712 1975 1753 2012 ut

112 2038 235 2082 homo
268 2041 377 2082 circa
414 2039 644 2082 remedium
683 2044 764 2082 tam
801 2042 1082 2083 necessarium
1129 2040 1335 2084 defectum
1381 2043 1463 2097 pati
1500 2053 1577 2083 non
1614 2043 1752 2097 possit,

112 2112 343 2153 institutum
378 2114 438 2153 est
472 2115 515 2153 ut
551 2113 723 2153 materia
760 2110 952 2167 baptismi
978 2113 1029 2154 sit
1053 2111 1478 2164 communis,scilicet
1501 2123 1622 2168 aqua,
1647 2123 1753 2168 quae

109 2194 132 2225 a
166 2181 352 2238 quolibet
385 2181 435 2224 de
470 2181 577 2224 tacili
630 2181 771 2226 haberi
824 2187 969 2238 potest,
1003 2187 1041 2225 et
1077 2184 1263 2226 minister
1313 2182 1504 2239 baptismi
1545 2184 1667 2225 etiam
1701 2185 1750 2225 sit

109 2255 364 2311 quicumque
398 2265 477 2296 non
513 2253 743 2307 ordinatus,
768 2267 818 2297 ne
855 2259 1023 2310 propter
1057 2254 1267 2297 defectum
1304 2253 1496 2311 baptismi
1534 2254 1656 2297 liomo
1689 2267 1751 2297 sa-

112 2324 207 2368 lutis
238 2336 336 2367 suae
369 2323 634 2380 dispendium
663 2327 843 2380 patiatur
868 2342 904 2366 )).
929 2324 1013 2368 Nec
1037 2325 1233 2369 credatur
1252 2326 1497 2382 Angelicum
1534 2326 1584 2369 ad
1619 2329 1753 2368 extre-

113 2408 220 2439 mam
267 2397 554 2438 necessitatem
604 2395 914 2439 conclusionem
964 2408 1081 2439 suam
1129 2401 1356 2441 coarctare.
1389 2396 1603 2452 subiungit
1641 2400 1749 2438 enim

110 2466 161 2510 ad
198 2466 273 2509 1¹¹¹:
314 2481 334 2507 (<
357 2465 466 2524 quod
504 2465 712 2523 baptizare
748 2470 926 2523 pertinet
960 2468 1008 2510 ad
1045 2468 1235 2512 ordinem
1270 2468 1572 2512 sacerdotalem
1608 2480 1750 2510 secun-

109 2537 209 2581 dum
244 2537 468 2594 quamdam
503 2540 838 2581 convenientiam
875 2543 914 2581 et
946 2538 1381 2593 sollenuiitatem‚non
1407 2543 1544 2582 autem
1581 2538 1657 2581 lioc
1691 2542 1748 2580 est

110 2609 162 2652 de
196 2610 439 2652 necessitate
472 2611 746 2663 sacramenti3
785 2610 892 2652 unde
921 2612 1081 2653 etiamsi
1106 2615 1222 2654 extra
1248 2612 1505 2654 necessitatis
1527 2608 1748 2652 articulum

112 2679 241 2723 laicus
275 2678 464 2736 baptizet,
500 2685 644 2735 peccat
677 2680 862 2737 quidem,
898 2685 1034 2723 tamen
1074 2686 1380 2724 sacramentum
1428 2680 1618 2736 baptismi
1654 2692 1750 2722 con-

112 2751 209 2803 tei-13
246 2763 320 2794 nec
353 2754 413 2793 est
448 2749 767 2807 rebaptizandus
802 2751 868 2794 ille
903 2754 972 2809 qui
1006 2754 1065 2795 sic
1098 2758 1159 2796 est
1194 2752 1482 2809 baptizatus».

230 2905 240 2926 1
269 2903 326 2938 lb.
356 2904 403 2938 aa
430 2904 492 2938 am.
525 2925 563 2929 -
593 2905 605 2926 -2
633 2905 719 2938 Art.
750 2904 782 2945 3,
810 2916 845 2949 q.
877 2904 1039 2946 LXVH,
1070 2905 1203 2939 Partis
1229 2905 1264 2938 3.
