1971 3261
155 126 224 160 412
562 124 647 157 Lm.
676 123 748 157 III.
778 143 790 148 -
818 117 984 157 PARS'I.
1014 143 1026 147 -
1052 123 1109 157 De
1134 122 1398 157 Sacramentis
1589 122 1682 158 Can.
1708 123 1779 158 982

155 245 276 279 horum
305 242 543 277 institutorum
563 240 765 287 Superiores
786 251 857 276 non
879 240 1013 286 possint
1029 240 1066 275 in
1085 244 1261 286 posterum
1284 240 1416 276 litteras
1434 239 1682 276 dimissoriales
1699 251 1778 276 con-

153 303 273 339 cedere
301 312 359 347 pro
385 301 492 336 sacris
518 299 713 341 ordinibus,
743 299 794 335 vel
821 299 1146 345 quomodocumque
1164 299 1206 334 ad
1227 311 1275 334 ss,
1292 299 1432 334 ordines
1457 299 1619 334 alumnos
1644 310 1782 345 promo-

155 372 232 397 vere
257 360 357 395 titulo
385 370 525 395 mensae
551 358 764 397 communis,
782 358 834 394 vel
862 358 1053 399 missionis,
1083 358 1148 393 nisi
1178 357 1248 392 illis
1273 362 1411 393 tantum
1438 358 1603 400 alumnis
1617 358 1675 404 qui
1703 363 1782 394 vota
1845 353 1849 356 ⁴

153 420 293 466 quidem
332 417 518 464 simplicia,
549 418 609 453 sed
645 422 810 464 perpetua
849 418 918 453 iam
958 417 1153 460 emiserint,
1183 422 1216 452 et
1241 418 1379 464 proprio
1416 417 1576 452 instituto
1613 417 1784 453 stabiliter

152 478 327 524 aggregati
357 478 505 516 fuerint3
536 478 587 512 vel
615 477 674 522 qui
703 476 824 512 saltem
862 487 920 522 per
954 476 1147 512 triennium
1188 476 1446 522 permanserint
1471 476 1508 511 in
1535 476 1622 511 votis
1647 476 1783 522 simpli-

152 537 250 572 cibus
275 535 509 582 temporaneis
536 536 648 581 quoad
675 546 715 570 ea
740 535 904 570 instituta
929 545 1017 580 quae
1043 535 1135 570 ultra
1159 535 1353 570 triennium
1381 539 1582 581 perpetuam
1616 534 1782 570 differunt

155 596 425 642 professionem:
456 595 634 630 Revocatis
658 595 700 630 ad
729 594 823 629 bunc
854 594 1014 629 effectum
1047 593 1212 629 omnibus
1247 594 1392 629 indultis
1423 605 1463 629 ac
1495 594 1683 640 privilegiis
1709 593 1779 629 iam

151 655 302 690 obtentis
319 666 340 689 a
357 653 394 689 S.
411 652 507 695 Sede,
524 664 661 689 necnon
688 653 977 699 dispositionibus
995 652 1180 688 contrariis
1199 653 1234 687 in
1253 652 1455 698 respectivis
1472 652 1782 688 constitutionibus

152 714 337 756 contentis,
363 714 425 750 etsi
453 713 538 748 tales
563 713 830 748 constitutiones
858 712 987 747 fuerint
1012 723 1033 747 a
1059 711 1146 748 Sede
1172 712 1292 758 Aplca.
1321 712 1582 758 approbatae».

269 808 356 852 Hoc
391 811 452 851 ius
487 807 740 864 praecedens
783 805 915 850 solum
962 806 1189 863 partialiter
1231 807 1306 849 suit
1343 807 1569 850 admissum
1605 809 1643 849 in
1676 807 1703 864 ξ
1734 809 1778 850 ⁶3.

156 878 233 923 Pro
265 879 480 937 reliqiosz's
512 884 701 922 votorum
731 877 990 936 simplicium
1016 883 1328 935 perpetuorum,
1355 877 1551 933 abrogata
1576 891 1675 934 ergo
1700 891 1782 921 ma-

152 956 220 994 net
251 963 346 1008 pars
368 950 550 994 secunda
574 951 642 993 cit.
667 951 830 992 numeri
857 962 905 992 ex
935 948 1122 1002 Decreto,
1146 962 1220 992 nec
1243 948 1285 1006 ξ’
1306 949 1558 1005 suffragatur
1589 949 1780 1005 professis

152 1035 229 1065 non
264 1021 503 1065 solemniter
537 1024 574 1064 in
609 1018 855 1065 Ordinibus.
883 1020 959 1063 Pro
993 1019 1072 1063 illis
1105 1033 1204 1076 ergo
1236 1020 1405 1077 supple:
1444 1019 1631 1063 «titulus
1662 1032 1783 1063 cano-

152 1095 311 1136 nicus»
349 1098 411 1135 est
453 1091 602 1135 titulus
648 1105 817 1134 mensae
865 1091 1094 1134 communis
1137 1093 1217 1134 iam
1261 1091 1469 1146 definitus,
1501 1091 1581 1135 alio
1615 1094 1781 1135 nomine

153 1163 484 1221 Conqreyationi
516 1162 678 1206 aliusve
709 1162 844 1220 quoad
870 1162 1189 1219 appellationem
1215 1161 1369 1205 similis
1392 1163 1527 1220 quoad
1564 1176 1664 1215 rem,
1689 1176 1782 1206 con—

150 1248 290 1279 cessus
331 1237 367 1277 vi
411 1234 533 1277 huius
576 1235 745 1277 canonis
792 1233 862 1277 sed
908 1233 1243 1289 interpretandus
1275 1231 1331 1276 ad
1362 1246 1551 1276 normam
1584 1233 1781 1277 constitu·

152 1306 324 1350 tionum.

266 1376 293 1434 ἓ
326 1375 363 1419 3.
403 1374 541 1418 Ceteri
573 1375 768 1433 reliyiosi
801 1389 973 1432 nempe:
1017 1380 1206 1418 votorum
1252 1376 1596 1432 temporariorum
1634 1378 1671 1418 in
1706 1373 1782 1421 Or-

150 1447 317 1492 dInibus
349 1452 388 1490 et
420 1446 834 1504 Congregationibus,
870 1449 952 1490 imo
997 1451 1037 1490 et
1084 1448 1243 1498 novitii,
1276 1447 1441 1504 quando
1485 1460 1533 1490 ex
1574 1447 1783 1504 dispensa-

150 1519 259 1561 tione
302 1530 392 1561 can.
429 1518 525 1571 567,
559 1520 586 1574 ξ
621 1518 658 1572 2,
684 1532 718 1558 ·«
743 1518 792 1561 ad
829 1517 996 1561 ordines
1038 1529 1190 1571 sacros,
1225 1517 1400 1560 durante
1441 1520 1656 1570 novitiatu,
1693 1531 1780 1575 pro-

152 1593 460 1642 moveantur»,
495 1593 786 1646 praeterquam
823 1591 932 1632 circa
968 1588 1238 1631 ordinationis
1277 1590 1508 1631 ministrum
1543 1602 1590 1632 ac
1624 1589 1782 1633 litteras

150 1660 405 1703 dimissorias
441 1661 479 1701 vi
515 1672 604 1702 can.
639 1659 740 1712 964,
775 1659 834 1713 40,
868 1659 993 1702 eliani
1033 1658 1089 1701 od
1130 1658 1416 1702 ordinationis
1461 1659 1627 1702 titulum
1671 1659 1781 1718 qnod

151 1730 316 1780 attinet,
350 1730 443 1773 inre
478 1726 767 1773 saecularium
802 1730 983 1774 scilicet:
1019 1743 1108 1773 can.
1144 1730 1325 1773 979-981
1364 1736 1582 1787 reynnlnr.

283 1895 383 1938 An'r.
422 1895 465 1940 ll.
502 1921 554 1925 —
591 1894 651 1938 De
684 1894 1077 1951 iweynlaritatibns
1109 1893 1290 1952 aliisque
1324 1893 1644 1952 impedimentis.

153 2022 477 2124 ρθῐᾳρΑέἶῇυθῐξέ-ἶᾳυοά
488 2071 582 2106 venit
601 2071 743 2106 nomine
764 2071 926 2117 zrrequla-

999 2034 1019 2058 a
1045 2023 1215 2058 daemone
1243 2022 1386 2069 possessi
1424 2027 1507 2057 sunt
1533 2022 1585 2058 vel
1614 2023 1777 2068 fuerunt;

467 2023 608 2059 Nullum
634 2024 925 2076 impedimentum

1000 2070 1090 2123 quod
1110 2071 1136 2104 si
1159 2075 1233 2123 post
1258 2074 1413 2116 receptos
1438 2069 1578 2105 ordines
1595 2071 1681 2106 tales
1699 2082 1778 2107 eva-

150 2118 272 2161 vitatis,
301 2119 373 2154 sive
397 2130 436 2154 cx
462 2119 597 2154 defectu
632 2119 676 2153 sit
709 2118 781 2153 sive
805 2129 843 2154 ex
870 2119 928 2154 de-

150 2166 240 2207 licto,
267 2166 494 2204 contrahitur
521 2165 588 2200 nisi
629 2165 721 2212 quod
762 2165 927 2200 fueritin

149 2213 344 2248 canonibus
369 2215 426 2258 qui
454 2204 649 2258 sequuntur
673 2223 887 2258 expressum.

198 2259 281 2295 CAN.
308 2259 388 2295 984.
419 2281 435 2286 -
465 2259 554 2295 Sunt
580 2260 787 2305 irregulares
812 2270 852 2295 ex
874 2260 929 2296 de-

152 2307 265 2343 fectu:

248 2354 281 2388 10
308 2354 493 2399 lllegitimi,
521 2354 592 2390 sive
623 2354 854 2399 illegitimitas
883 2354 928 2388 sit

152 2401 289 2447 publica
314 2401 386 2437 sive
411 2402 556 2444 occulta,
576 2402 642 2436 nisi
665 2402 794 2437 fuerint
820 2401 928 2446 legiti-

151 2449 232 2484 mati
263 2448 314 2484 vel
342 2453 419 2483 vota
444 2449 628 2484 sollemnia
655 2449 819 2494 professi;

244 2496 281 2530 20
307 2494 455 2542 Corpore
483 2496 591 2531 vitiati
620 2496 678 2541 qui
706 2506 824 2531 secure
852 2506 926 2541 pro—

152 2547 225 2588 pter
258 2542 486 2587 debilitatem,
517 2544 567 2578 vel
593 2543 755 2578 decenter
789 2547 928 2588 propter

148 2590 417 2631 deformitatem,
433 2591 554 2625 altaris
574 2590 766 2625 ministerio
784 2589 926 2634 defungi

153 2648 219 2671 non
258 2637 405 2672 valeant.
433 2638 483 2672 Ad
511 2637 773 2683 impediendum
808 2642 926 2672 tamen

149 2685 351 2719 exercitium
378 2685 511 2720 ordinis
528 2684 681 2729 legitime
700 2684 838 2729 recepti,
854 2695 926 2729 gra-

152 2731 223 2766 vior
249 2732 437 2777 requiritur
461 2732 626 2773 defectus,
642 2742 754 2777 neque
772 2731 815 2766 ob
834 2731 928 2766 hunc.

150 2778 322 2814 defectum
367 2779 595 2825 probibentur
631 2784 728 2814 actus
766 2779 823 2823 qui
865 2778 928 2814 rite

152 2826 230 2870 poni
263 2831 422 2871 possunt;

246 2872 283 2907 30
310 2871 375 2916 Qui
404 2873 576 2919 epileptici
606 2873 656 2907 vel
684 2877 841 2907 amentes
875 2872 927 2907 vel

1000 2117 1109 2153 serint
1127 2122 1159 2152 et
1178 2118 1247 2152 iam
1266 2117 1392 2152 liberos
1412 2128 1487 2152 esse
1512 2122 1604 2153 certo
1630 2123 1775 2161 constet,

1001 2163 1211 2200 Ordinarius
1239 2168 1348 2211 potest
1365 2164 1436 2199 suis
1455 2164 1603 2199 subditis
1630 2171 1781 2212 recepto

1000 2223 1077 2247 rum
1097 2212 1260 2247 ordinum
1278 2211 1480 2247 exercitium
1499 2223 1619 2247 rursus
1640 2214 1776 2258 permit-

1000 2265 1093 2300 tere3

1096 2304 1132 2341 40
1158 2305 1193 2341 Bi
1197 2306 1304 2351 garni,
1344 2306 1403 2351 qui
1447 2317 1572 2352 nempe
1613 2307 1681 2342 duo
1725 2308 1776 2344 vel

1002 2353 1099 2398 plura
1116 2318 1339 2388 matrgimonia
1358 2352 1473 2388 valida
1490 2354 1682 2390 successive
1699 2365 1778 2390 con-

1000 2405 1200 2446 traxerunt3

1096 2446 1132 2482 50
1158 2448 1226 2491 ,Qui
1254 2447 1403 2482 iufamia
1428 2447 1513 2482 iuris
1541 2452 1726 2490 notantur;

1096 2493 1133 2528 60
1147 2494 1248 2530 ludex
1260 2495 1318 2540 qui
1332 2494 1452 2530 mortis
1462 2495 1673 2530 sententiam
1684 2497 1778 2538 tulit·‚

1095 2541 1132 2576 70
1159 2540 1224 2586 Qui
1254 2553 1383 2577 munus
1413 2541 1587 2576 carnificis
1622 2554 1776 2596 suscepe-

1001 2589 1072 2624 rint
1080 2600 1279 2642 eorumque
1305 2588 1489 2624 voluntarii
1517 2599 1557 2623 ac
1583 2589 1775 2626 immediati

1002 2636 1152 2671 ministri
1188 2636 1224 2671 in
1258 2636 1477 2672 exsecutione
1511 2636 1669 2681 capitalis
1703 2649 1779 2674 sen-

1000 2683 1140 2719 tentiae.

1048 2729 1131 2766 CAN.
1159 2728 1238 2765 985.
1268 2751 1285 2756 -
1315 2729 1404 2766 Sunt
1422 2729 1628 2774 irregulares
1654 2741 1692 2766 ex
1719 2732 1779 2768 de·

1002 2778 1081 2812 licto
1099 2789 1105 2811 :

1099 2824 1132 2859 10
1157 2826 1343 2871 Apostatae
1359 2835 1380 2859 a
1400 2823 1476 2867 fide,
1495 2823 1670 2867 haeretici,
1689 2826 1776 2861 schi-

1000 2872 1158 2916 smatici;
