1971 3261
159 111 226 145 164
567 110 649 145 [ΑΒ.
676 110 746 143 ΙΙΙ.
777 129 788 134 -
810 109 919 143 PARS
946 109 977 142 1.
1006 128 1020 135 -
1045 109 1103 144 De
1128 109 1394 144 &loramentis
1512 109 1604 145 Can.
1631 110 1790 145 834-836

156 230 376 274 tissacere'?
410 229 648 285 Respondit.
689 228 808 270 Posse
851 240 958 271 nova
993 229 1116 271 etiam
1151 240 1275 271 onera
1311 227 1526 271 Missarum
1560 231 1786 285 suscipere,

157 300 468 344 dummodo...»
509 304 552 342 ut
585 311 722 355 supra.
962 297 964 299 ’

272 370 464 415 Ultimam
500 369 763 425 hypothesim
813 371 1004 424 proponit
1034 368 1062 427 ξι
1095 369 1132 413 3.
1171 368 1292 422 Quod
1327 369 1366 412 si
1402 368 1566 413 oblator
1603 369 1782 413 arbitrio

153 440 393 485 Sacerdotis
429 446 587 497 (empus
626 438 933 494 celebrationis7
969 442 1074 483 intra
1107 440 1215 497 quod
1250 440 1527 496 adimpleatur
1560 454 1676 491 onus,
1709 454 1779 483 θατ-

150 526 296 570 presse
328 511 574 568 reliquerit:
607 515 704 553 tunc
740 509 887 564 solum,
920 510 993 553 sed
1027 510 1244 554 evidenter
1278 510 1481 554 Sacerdos
1503 512 1661 569 polerit
1687 516 1784 554 tem-

153 596 256 640 pore
289 596 366 639 quo
391 581 470 623 sibi
493 581 626 638 mayis
650 580 875 638 placuerit,
899 583 1023 624 etiam
1051 581 1223 638 longiori
1248 594 1373 639 quam
1397 584 1526 639 exigit
1549 586 1786 626 contractus

156 667 227 710 per
258 667 313 701 se,
349 666 419 695 eas
453 650 678 705 celebrare,
713 651 831 707 firmo
862 651 1130 709 praescripto
1164 666 1254 694 cap.
1289 653 1398 706 835,
1432 653 1540 710 quod
1582 653 1786 696 limitatio-

153 737 246 768 nem
280 726 378 766 satis
411 722 590 778 amplam
626 722 722 765 huic
757 735 927 766 normae
959 722 1048 781 §3³
1082 724 1277 779 assignat.

272 794 366 836 149.
408 796 566 840 Limes
600 807 802 839 onerum
836 795 1101 839 Missarum
1134 795 1264 840 licite
1287 797 1696 852 recipiendorum.
1731 821 1782 825 —

153 866 194 908 In
228 865 343 908 Dec⁰.
383 880 403 905 ((
425 863 476 908 Ut
499 863 637 908 debita
661 879 681 905 »
737 863 909 920 legitur:
949 880 969 904 «
996 863 1183 907 lamvero
1217 864 1267 907 de
1302 864 1364 908 liis
1398 864 1590 908 omnibus
1629 864 1784 922 (missis

153 936 416 980 manualibus
434 940 473 978 et
491 935 540 978 ad
563 937 690 978 instar
712 934 990 991 manualium)
1009 935 1047 978 S.
1067 933 1109 978 C.
1130 935 1337 979 decernit:
1367 935 1408 978 1⁰
1428 936 1645 979 Neminem
1666 949 1784 992 posse

153 1007 244 1064 plus
279 1009 499 1050 missarum
532 1018 734 1064 quaerere
768 1010 807 1049 et
854 1008 1045 1062 accipere
1078 1018 1203 1063 quam
1252 1006 1465 1050 celebrare
1516 1006 1784 1063 probabiliter

153 1078 288 1122 valeat
322 1081 427 1121 intra
461 1079 662 1133 temporis
696 1080 894 1120 terminos
928 1077 1098 1120 inferius
1131 1079 1191 1120 (in
1226 1090 1273 1120 eo
1309 1076 1500 1134 Deci-eto)
1524 1082 1710 1131 statutos,
1745 1082 1783 1121 et.

152 1163 224 1206 per
257 1163 300 1193 se
334 1151 482 1205 ipsum,
517 1148 581 1192 vel
618 1162 689 1204 per
721 1148 958 1191 sacerdotes
991 1147 1067 1192 sibi
1102 1147 1302 1203 subditos,
1335 1151 1367 1192 si
1401 1154 1549 1206 agatur
1572 1149 1623 1193 de
1656 1147 1780 1194 Ordi—

151 1222 266 1263 nario
300 1221 560 1272 dioecesano,
594 1223 663 1262 aut
699 1218 884 1261 Praelato
926 1218 1170 1274 regulari».
1205 1216 1310 1272 Quia
1344 1232 1442 1276 ergo
1481 1232 1612 1263 canon
1661 1232 1778 1276 prae-

148 1291 303 1335 cedens
336 1290 409 1333 bos
432 1292 631 1346 temporis
654 1291 853 1332 terminos
875 1292 1016 1332 statuit
1050 1289 1221 1346 loquens
1244 1290 1295 1333 de
1319 1292 1454 1333 missis
1479 1292 1654 1346 receptis
1690 1292 1779 1333 sine

151 1364 388 1418 recipientis
422 1361 722 1416 designatione,
757 1361 990 1403 servandus
1023 1366 1084 1404 est
1116 1374 1282 1419 quoque
1316 1374 1337 1405 a
1361 1361 1654 1418 Superioribus
1688 1361 1781 1405 reli·

149 1434 273 1489 giosis
296 1437 334 1475 et
368 1429 602 1476 Ordinariis
626 1431 809 1475 locorum
837 1436 1025 1488 respectu
1062 1431 1200 1475 habito
1234 1432 1283 1475 ad
1308 1431 1495 1475 subditos
1533 1445 1690 1475 eorum.
1727 1458 1778 1462 —

151 1503 416 1560 Prosequitur
440 1502 535 1547 Dec.
561 1505 627 1546 cit.
650 1519 658 1545 z
688 1519 709 1543 «
734 1502 777 1545 3⁰
802 1501 965 1546 Nemini
992 1503 1116 1546 licere
1139 1507 1195 1545 tot
1226 1505 1371 1546 missas
1393 1516 1606 1546 assumere
1630 1502 1781 1560 quibus
1833 1496 1837 1500 ’

148 1577 255 1618 intra
287 1587 440 1617 annum
466 1586 486 1616 a
511 1574 577 1617 die
600 1578 816 1630 susceptae
840 1573 1103 1630 obligationis
1125 1575 1365 1617 satisfacere
1391 1573 1659 1630 probabiliter
1693 1576 1779 1630 ipse

149 1650 390 1703 nequeat»,
424 1645 531 1703 quod
569 1646 832 1701 interpretari
869 1649 1027 1700 poterat
1062 1658 1133 1701 per
1165 1658 1209 1688 se
1246 1644 1308 1688 vel
1334 1658 1407 1701 per
1439 1644 1639 1699 subditos,
1673 1646 1777 1688 sicut

145 1729 285 1774 supra.
317 1715 452 1770 Quam
488 1718 871 1772 interpretationem
911 1729 989 1758 non
1025 1716 1205 1759 admittit
1252 1716 1387 1759 eidem
1423 1716 1480 1758 11⁰.
1516 1716 1559 1758 30
1594 1715 1778 1773 aequalis

148 1790 281 1844 primo
315 1792 483 1844 aspectu
517 1801 608 1829 ean.
642 1787 750 1830 835.
777 1785 945 1829 Nemini
968 1786 1079 1836 lieet,
1104 1800 1174 1830 seu
1200 1786 1451 1843 probillitum
1488 1791 1559 1842 est,
1585 1789 1778 1844 quamvis

145 1858 196 1901 ad
232 1870 419 1900 normam
455 1869 543 1900 can.
581 1856 663 1900 834
700 1856 842 1900 liceret
875 1857 1140 1914 quaudoque,
1175 1862 1233 1899 tot
1267 1855 1495 1899 Missarwn
1528 1870 1671 1909 opera,
1698 1869 1775 1899 uon

144 1928 315 1986 quidem
350 1931 388 1971 in
424 1928 677 1981 fundatione,
726 1927 776 1970 de
809 1928 960 1984 quibus
995 1930 1032 1970 iu
1068 1929 1126 1970 tit.
1163 1926 1292 1976 XXX,
1341 1918 1411 1970 sed
1447 1941 1520 1984 pro
1558 1927 1775 1983 stipendiis

147 1998 408 2043 manualibus
442 1998 505 2042 vel
542 1998 591 2041 ad
618 2000 745 2041 instar
771 1998 1040 2051 manualium,
1073 2000 1167 2055 quia
1202 1997 1393 2041 subditur
1414 2011 1491 2054 per
1522 2011 1565 2039 se
1587 1997 1773 2040 scilicet:

147 2072 414 2127 recipientem
440 2082 485 2112 ea
509 2068 869 2124 celebramlarmn,
895 2069 1067 2125 proinde
1092 2082 1168 2111 uon
1196 2068 1377 2125 loquitur
1400 2068 1450 2111 de
1484 2066 1776 2124 Superioribus

149 2140 211 2183 vel
247 2140 431 2184 locorum
467 2137 702 2184 Ordinariis
735 2152 815 2196 qua
850 2138 1013 2189 talibus,
1047 2139 1249 2196 recipere,
1279 2137 1426 2196 quibus
1460 2141 1636 2194 receptis
1660 2138 1774 2180 intra

144 2225 302 2254 ameum
335 2210 585 2268 satisfacere
631 2216 810 2268 nequeat
858 2212 973 2253 iuxta
1023 2210 1265 2266 prudentem
1317 2211 1636 2266 praevisionem,
1679 2210 1772 2266 quia

144 2282 353 2325 excedunt
389 2281 450 2324 vel
486 2282 574 2324 (lies
607 2284 716 2336 anni,
746 2280 806 2324 vet
832 2280 921 2324 dies
952 2280 1028 2324 sibi
1064 2280 1215 2324 liberos
1249 2280 1297 2323 ad
1339 2279 1673 2336 applicationem,
1710 2279 1771 2322 vel

143 2353 232 2396 dies
264 2354 464 2409 temporis
498 2352 608 2395 utilis
644 2357 810 2408 propter
835 2352 1116 2394 infirmitatem
1140 2356 1178 2394 et
1202 2356 1339 2394 cetera
1366 2350 1659 2407 impedimenta
1685 2363 1774 2406 pro-

146 2423 295 2467 babilia
330 2423 633 2467 celebrationis.

264 2494 359 2536 150.
395 2495 607 2539 Monitio
630 2495 861 2538 facienda
883 2495 931 2537 in
955 2495 1251 2549 quibusdam
1271 2494 1493 2538 ecclesiis
1517 2493 1681 2548 quoad
1705 2505 1774 2536 re-

144 2567 374 2622 cipienda
406 2567 654 2621 stipendia
677 2566 956 2610 Missarum.
987 2589 1039 2593 —
1064 2562 1328 2620 Consequens
1354 2562 1536 2606 Decretis
1560 2561 1655 2606 Urb.
1686 2559 1768 2603 Vlll

144 2636 194 2678 cle
217 2635 495 2679 celebratione
519 2637 735 2677 missarum
763 2637 801 2676 iu
829 2648 864 2678 n.
887 2637 909 2677 6
934 2640 972 2677 et
991 2635 1040 2677 ad
1074 2634 1119 2676 14
1142 2633 1318 2677 Dubium
1345 2634 1450 2676 latus
1474 2637 1533 2676 est
1551 2646 1642 2675 cap.
1661 2633 1769 2676 836.

147 2704 191 2748 ln
225 2705 411 2748 ecelesiis
443 2708 532 2748 sive
581 2705 679 2748 cleri
724 2705 949 2748 saecularis
981 2707 1070 2747 sive
1119 2705 1423 2760 religiosorum.
1462 2703 1503 2745 in
1544 2702 1690 2760 quibus
1723 2701 1770 2744 ob

143 2775 329 2831 fidelium
358 2775 617 2833 peculiarem
651 2774 924 2829 devotionem,
957 2776 1030 2817 etsi
1056 2776 1272 2817 occasione
1310 2787 1551 2826 concursus,
1587 2774 1768 2829 peregri·

145 2849 332 2901 nationis,
355 2847 626 2890 solemnitatis
664 2846 895 2900 cuiusdam,
933 2845 1162 2887 Missurum
1196 2844 1482 2902 eleemosynae
1505 2844 1566 2886 ila
1590 2843 1769 2901 affluunt
