1971 3261
167 126 235 159 684
574 121 659 155 Lm.
688 120 760 153 111.
789 140 802 145 —
829 97 939 154 PAns
964 119 995 152 Ι.
1025 140 1036 144 -
1064 120 1120 154 De
1145 120 1411 155 Sacramentz's
1579 120 1793 157 Can-'1125

168 243 370 300 parochis,
404 241 440 298 e)
475 246 510 284 et
549 240 802 296 presbyteris
825 240 1042 282 Societatis
1064 238 1153 282 lesu
1179 239 1229 282 ad
1264 239 1542 282 confessiones
1565 239 1794 283 audiendas

168 315 219 358 ab
251 313 434 357 eiusdem
466 312 682 354 Societatis
713 309 1007 366 Superioribus
1039 309 1278 366 approbatis
1301 314 1340 352 et
1363 310 1411 352 ad
1437 310 1568 353 dictas
1607 311 1797 366 regiones

171 399 242 441 pro
276 389 461 439 tempore
497 383 630 424 missis
665 380 728 423 vel
764 382 802 422 in
839 379 919 422 illis
951 380 1156 435 admissis,
1192 379 1368 436 plenam,
1403 383 1648 424 auctoritate
1672 380 1798 437 Apos-

171 455 304 509 tolica,
340 459 481 497 tenore
516 453 810 509 praesentium,
846 451 921 508 (ait
953 451 1161 508 Pontifex)
1185 451 1455 494 concedimus
1478 451 1712 495 facultatem
1737 451 1798 494 di-

168 525 387 583 spensandi
432 537 524 567 cum
570 522 614 579 α)
647 521 983 580 quibuscumque
1027 524 1243 579 utriusque
1285 535 1410 565 sexus
1452 520 1798 566 Christifidelibus

170 597 209 654 b)
244 596 387 639 incolis
420 595 625 637 dictarum
671 594 886 649 regionum
924 592 1114 650 (nempe:
1164 606 1228 636 «a
1264 595 1407 649 patriis
1444 592 1595 636 finibus
1633 597 1673 636 et
1705 606 1795 649 pro-

170 670 269 725 priis
301 664 549 721 coniugibus
582 666 621 706 in
647 665 947 706 remotissimas
971 665 1162 718 regiones
1184 665 1461 719 exterminati,
1488 669 1568 707 tam
1594 665 1684 720 ipsi,
1707 676 1799 720 cap-

168 740 327 795 tivique
360 737 429 793 qui
465 737 502 777 in
540 736 671 791 patria
706 733 991 790 remanent»)
1027 732 1064 790 e)
1098 738 1138 776 et
1169 735 1302 777 serius
1335 733 1383 777 ad
1420 733 1545 777 fidem
1571 735 1799 789 conversis,

169 808 214 865 d)
247 810 316 865 qui
351 811 445 850 ante
480 805 682 862 baptisma
716 808 955 860 susceptum
995 806 1302 847 matrimonium
1338 808 1696 860 contraxerunt»,
1722 803 1799 848 hae

169 879 427 922 conditiones
458 881 553 919 sunt
588 875 702 919 velut
735 875 930 918 adiuncta
967 887 1236 931 personarum
1271 875 1669 931 dispensandarum:
1709 880 1799 918 «ut

169 963 312 994 eorum
346 947 533 1006 quilibet,
568 946 612 1003 a)
645 948 867 1003 superstite
909 948 1087 1002 coniuge
1127 945 1348 999 infideli»,
1391 945 1505 1003 (cum
1544 950 1651 989 esset
1684 947 1797 989 iuxta

172 1020 435 1077 privilegium
475 1018 688 1061 Paulinum
724 1030 826 1073 opus
860 1015 1272 1073 interpellationum),
1307 1015 1346 1073 b)
1386 1018 1575 1060 «eteius
1597 1029 1798 1060 consensu

173 1094 343 1135 minime
377 1092 588 1147 requisito,
623 1094 693 1132 aut
727 1101 923 1145 responso
952 1101 1032 1130 non
1072 1092 1304 1144 expectato,
1338 1088 1375 1144 c)
1408 1089 1671 1131 matrimonia
1706 1100 1798 1130 cum

172 1169 321 1221 quovis
354 1159 679 1218 (tantummodo)
715 1159 825 1202 fideli
860 1159 1030 1202 alterius
1078 1161 1202 1203 etiam
1252 1161 1353 1202 ritus
1393 1158 1699 1215 (subintelligez
1734 1172 1799 1203 ca-

173 1233 311 1277 tholici
346 1232 502 1288 absque
537 1231 834 1287 impedimento
870 1232 994 1286 igitur
1027 1229 1280 1286 disparitatis
1312 1229 1448 1273 cultus
1468 1229 1530 1272 vel
1552 1231 1706 1273 mixtae
1743 1243 1801 1273 re-

173 1303 354 1361 ligionis)
389 1302 635 1346 contrahere
658 1306 697 1345 et
722 1303 759 1343 in
787 1303 891 1345 facie
913 1300 1125 1344 Ecclesiae
1147 1299 1429 1351 solemnizare,
1454 1305 1494 1343 et
1518 1303 1556 1343 in
1580 1302 1640 1344 eis
1663 1305 1801 1357 postea

174 1376 328 1419 carnali
363 1373 509 1431 copula
544 1374 845 1417 consummatis
876 1372 940 1428 (ac
974 1385 1022 1415 ex
1059 1370 1174 1429 tunc)
1209 1371 1344 1429 quoad
1383 1373 1563 1414 vixerint
1586 1384 1803 1415 remanere

176 1447 285 1490 licite
323 1445 484 1489 valeant
509 1461 527 1485 ))
550 1462 556 1487 :
592 1445 760 1487 omnino
794 1447 958 1486 servata
979 1444 1017 1485 in
1039 1456 1113 1485 usu
1133 1442 1338 1485 facultatis
1355 1442 1614 1486 conditione:
1644 1457 1666 1483 «
1688 1441 1803 1485 dum-

176 1518 298 1560 modo
331 1520 490 1560 constet
523 1517 646 1558 etiam
681 1516 908 1558 summarie
942 1518 982 1557 et
1014 1512 1398 1568 extraiudicialiter,
1433 1515 1667 1569 coniugem,
1692 1511 1736 1569 a)
1761 1517 1804 1556 ut

178 1588 420 1644 praefertur,
453 1587 665 1630 absentem
711 1585 750 1642 b)
786 1587 943 1628 moneri
995 1584 1178 1641 legitime
1216 1597 1296 1627 non
1331 1597 1463 1640 posse,
1497 1589 1567 1627 aut
1601 1585 1800 1626 monitum

177 1661 279 1702 intra
317 1664 478 1714 teinpus
513 1660 550 1700 in
585 1657 729 1700 eadem
768 1657 992 1699 monitione
1026 1656 1256 1712 praefixum
1291 1667 1407 1697 suam
1446 1654 1697 1698 voluntatem
1723 1667 1802 1697 non

175 1730 488 1786 significasse»,
523 1733 560 1772 et
585 1719 794 1771 clauditur
817 1726 919 1770 haec
944 1729 1156 1770 concessio
1181 1726 1249 1770 illa
1272 1725 1553 1770 declaratione
1576 1725 1614 1769 S.
1639 1723 1804 1781 Congr.⁸

175 1800 213 1843 S.
248 1797 382 1844 Officii
417 1799 510 1842 data
546 1812 617 1855 pro
650 1796 815 1841 casibus
863 1796 1059 1840 similium
1104 1797 1458 1853 dispensationum
1493 1797 1531 1838 in
1567 1809 1642 1843 usu
1677 1797 1801 1851 privi—

177 1871 270 1927 legii
308 1870 487 1914 Paulini:
527 1885 547 1910 ((
570 1882 676 1927 quae
709 1868 877 1926 quidem
913 1870 1190 1922 matrimonia,
1223 1868 1383 1911 etiamsi
1419 1871 1557 1923 postea
1583 1867 1806 1909 innotuerit

176 1944 374 1997 coniuges
409 1943 566 1997 priores
600 1939 787 1983 infideles
819 1951 935 1982 suam
974 1938 1229 1982 voluntatem
1274 1940 1377 1981 iuste
1417 1937 1636 1994 impeditos
1668 1935 1804 1980 decla-

179 2024 270 2055 rare
303 2025 381 2054 non
418 2013 597 2068 potuisse
622 2026 660 2065 )),
696 2010 823 2053 idest:
861 2023 959 2053 vere
978 2022 1057 2052 non
1083 2009 1322 2052 discessisse
1347 2007 1559 2051 voluntate
1582 2021 1603 2050 a
1627 2009 1804 2063 coniuge

177 2096 393 2136 converso,
429 2085 509 2125 imo
548 2097 567 2122 «
593 2086 631 2124 et
664 2081 713 2124 ad
750 2081 875 2124 fidem
909 2082 1032 2123 etiam
1068 2084 1253 2135 tempore
1287 2080 1481 2122 transacti
1514 2077 1683 2121 secundi
1720 2090 1803 2120 ma·

178 2155 359 2197 trimonii
394 2166 619 2196 conversos
652 2153 775 2195 fuisse
798 2167 838 2205 )),
871 2151 980 2207 quod
1025 2153 1192 2194 omnino
1234 2149 1419 2193 excludit
1462 2149 1728 2206 privilegium
1761 2153 1806 2191 ut

178 2237 200 2268 a
236 2224 359 2267 Paulo
393 2224 582 2277 edicitur,
621 2239 643 2264 «
665 2223 935 2266 nihilomiuus
968 2221 1146 2265 rescindi
1181 2233 1393 2278 nunquam
1428 2219 1595 2274 debere,
1627 2219 1698 2263 sed
1736 2231 1803 2262 va-

181 2295 260 2338 lida
293 2299 332 2338 et
365 2295 498 2347 firma,
533 2293 776 2352 prolemque
810 2293 905 2336 inde
937 2292 1244 2349 suscipiendam
1279 2291 1504 2347 legitimam
1540 2291 1627 2333 fore
1661 2290 1803 2333 decer-

180 2367 316 2408 nimus
344 2383 380 2408 ».

297 2434 413 2488 Quae
461 2438 597 2479 omnia
645 2437 844 2479 evincunt
895 2434 1153 2481 sufficienter
1202 2434 1434 2490 praedictas
1487 2433 1802 2476 constitutiones

180 2520 257 2550 non
294 2508 416 2549 fuisse
449 2506 556 2549 solas
589 2506 796 2562 privilegii
833 2505 991 2548 Paulini
1034 2504 1349 2559 declarationes,
1393 2504 1463 2547 sed
1505 2502 1572 2546 illo
1606 2502 1723 2546 salvo
1756 2514 1805 2544 ac

181 2580 431 2621 matrimonii
467 2577 826 2620 indissolubilitate
860 2580 1057 2633 protecta,
1090 2580 1289 2633 quantum
1324 2575 1525 2632 fragilitas
1558 2575 1711 2630 patitur
1734 2573 1805 2616 hu-

182 2661 315 2699 mana,
351 2661 422 2704 per
455 2660 524 2690 eas
565 2648 757 2691 Summos
803 2648 1020 2690 Pontifices
1059 2645 1339 2690 «authentice
1382 2645 1617 2689 declarasse
1650 2646 1712 2687 ius
1744 2643 1804 2686 di-

184 2722 324 2762 vinum
348 2734 370 2759 ))
407 2718 458 2761 de
492 2719 787 2774 impedimento
823 2718 1030 2773 ligaminis
1063 2718 1373 2760 matrimonium
1408 2728 1562 2759 novum
1598 2727 1678 2757 non
1712 2714 1808 2757 diri·

182 2794 318 2833 mente
353 2789 462 2846 (can.
498 2788 624 2838 1038,
656 2788 685 2846 ξ
719 2787 785 2845 1);
822 2792 1076 2845 quapropter
1108 2787 1253 2831 eadem
1300 2800 1396 2830 usus
1437 2797 1632 2842 suprema
1665 2789 1804 2828 aucto-

180 2861 299 2902 ritate
335 2861 463 2915 potuit
497 2858 589 2901 Pius
613 2857 647 2900 X
671 2872 702 2901 s.
729 2871 779 2900 m.
806 2858 1000 2914 digerens
1022 2856 1234 2912 Codicem,
1257 2869 1306 2900 ac
1330 2856 1478 2901 Bened.
1506 2855 1580 2898 PP.
1606 2853 1677 2898 XV
1697 2854 1805 2897 illius
