1971 3261
158 157 228 191 382
556 156 643 190 Lis.
673 156 746 190 111.
780 176 787 180 -
814 156 924 190 PARS
950 156 980 189 I.
1011 177 1021 181 -
1048 157 1106 191 De
1136 156 1400 192 Sam-amentis

859 343 1005 379 CAPUT
1036 343 1074 378 ll.

607 428 661 461 De
688 427 863 462 subiecto
898 437 1031 462 sacrae
1065 427 1333 462 ordinationis.

204 546 287 580 CAN.
319 543 395 578 (168.
428 548 492 586 -ξ
524 544 549 577 1.
576 543 716 579 Sacram
750 544 937 579 ordinatio-

157 604 237 627 nem
259 592 370 627 valide
389 592 510 637 lecipit
527 592 620 626 solus
647 592 699 626 vir
718 591 936 637 baptizatus;

158 640 249 674 licite
275 644 405 680 autem,
432 639 489 684 qui
517 639 560 674 ad
581 650 742 674 normam
758 649 935 674 sacrorum

156 697 331 721 canonum
371 686 499 721 debitis
537 686 777 732 qualitatihus,
809 686 936 722 iudicio

158 733 284 780 proprii
313 732 507 774 Ordinarii‚
544 734 719 779 praeditus
745 733 801 772 sit,
825 745 936 779 neque

157 782 227 816 ulla
253 781 449 816 detineatur
476 780 729 825 irregularitate
747 781 857 816 aliove
876 782 934 815 im-

157 829 366 874 pedimento.

203 880 222 918 §
249 876 280 910 2.
312 874 379 919 Qui
408 875 664 919 irregularitate
693 875 804 911 aliove
831 876 938 921 impe-

154 923 310 958 dimento
336 922 550 963 detinentur,
590 922 667 957 licet
700 928 774 969 post
799 922 937 958 ordina-

154 970 283 1005 tionem
312 970 415 1005 etiam
436 971 512 1004 sine
532 970 668 1015 propria
688 970 790 1016 culpa
804 977 930 1006 exorto.

157 1018 385 1063 prohibentur
410 1021 567 1062 receptos
593 1018 734 1052 ordines
760 1028 931 1054 exercere.

202 1063 285 1100 CAN.
317 1063 396 1099 969.
429 1084 445 1090 -
474 1068 492 1106 ξ
525 1064 552 1098 l.
582 1063 689 1100 Nemo
715 1076 753 1100 ex
781 1066 934 1100 saecula-

88 1115 90 1117 ’
154 1112 250 1147 ribus
292 1112 485 1152 ordinetur,
531 1112 588 1157 qui
635 1112 761 1147 iudicio
805 1112 931 1158 proprii

155 1158 310 1205 Episcopi
339 1170 408 1194 non
438 1159 481 1193 sit
508 1160 724 1194 necessarius
759 1160 810 1195 vel
840 1160 934 1195 utilis

153 1207 308 1242 ecclesiis
333 1206 511 1242 dioecesis.

201 1258 258 1296 ἓ
239 1255 270 1288 ·².
291 1253 363 1289 Non
384 1253 586 1300 prohibetur
604 1259 720 1289 tamen
742 1254 933 1307 Episcopus

155 1301 335 1347 proprium
364 1312 561 1353 promovere
587 1302 778 1342 subditum
809 1313 867 1347 qui
896 1302 932 1336 in

155 1349 322 1387 futurum
364 1359 500 1395 praevia
543 1349 694 1393 legitima
734 1349 934 1384 extaidina—

153 1396 246 1431 tione
272 1401 305 1431 et
335 1396 626 1433 incardinatione
665 1397 804 1431 servitio
841 1396 931 1431 alius

153 1443 318 1479 dioecesis
344 1443 548 1478 destinetur.

202 1489 285 1525 Cim.
316 1489 395 1526 970.
424 1491 632 1536 -Proprius
662 1490 852 1537 Episcopus
879 1491 932 1526 vel

153 1536 317 1583 Superior
355 1538 538 1583 religiosus
578 1538 687 1573 maior
725 1542 833 1584 potest
861 1538 933 1572 suis

153 1585 287 1620 clericis
312 1596 351 1620 ex
378 1585 502 1631 quavis
531 1586 701 1620 canonica
730 1596 846 1625 causa,
877 1596 932 1620 oc—

1009 544 1102 579 culta
1132 555 1282 590 quoque,
1322 545 1426 580 etiam
1465 545 1786 590 extraiudicialiter,

1008 602 1191 626 ascensum
1219 592 1262 627 ad
1291 592 1431 627 ordines
1458 592 1673 634 interdicere,
1692 593 1790 628 salvo

1010 639 1085 674 iure
1110 650 1273 674 recursus
1299 640 1341 674 ad
1369 637 1535 674 Sanctam
1567 638 1704 678 Sedem.
1735 640 1786 676 vel

1008 686 1113 721 etiam
1152 686 1194 721 ad
1227 685 1476 722 Moderatorem
1514 686 1725 731 generalem,
1758 688 1784 721 si

1008 738 1131 778 agatur
1156 733 1198 769 de
1231 733 1401 778 religiosis
1439 733 1567 779 quibus
1602 744 1786 769 ascensum

1009 780 1225 816 interdixerit
1253 779 1417 826 Superior
1444 780 1678 826 provincialis.

1056 826 1129 863 CAN
1173 826 1251 862 971.
1285 848 1301 855 -
1339 828 1440 863 Nefas
1474 832 1524 862 est
1562 839 1790 874 quemquam.

1009 875 1131 920 quovis
1158 875 1271 918 modo,
1308 875 1352 910 ob
1383 874 1576 920 quamlibet
1601 876 1785 918 rationem,

1008 923 1051 957 ad
1079 927 1207 957 statum
1247 922 1440 958 clericalem
1480 933 1610 966 cogere,
1651 923 1701 958 vel
1732 935 1786 958 ca-

1009 970 1134 1005 nonice
1160 969 1323 1005 idoneum
1350 969 1394 1005 ab
1419 970 1538 1004 eodem
1566 975 1732 1005 avertere.

1056 1016 1139 1052 CAN.
1167 1016 1248 1051 972.
1280 1038 1296 1042 -
1325 1021 1344 1059 ξ
1372 1016 1402 1051 1.
1430 1015 1633 1052 Curandum
1674 1023 1708 1052 ut
1742 1018 1785 1052 ad

1007 1075 1122 1100 sacros
1159 1064 1299 1099 ordines
1336 1064 1556 1110 adspirantes
1586 1064 1667 1099 inde
1692 1076 1712 1100 a
1738 1069 1786 1100 te-

1007 1112 1102 1146 neris
1126 1112 1232 1146 annis
1258 1112 1293 1146 in
1321 1110 1517 1147 Seminario
1548 1112 1781 1156 recipiantur:

1007 1160 1065 1194 sed
1092 1170 1214 1194 omnes
1239 1159 1368 1194 ibidem
1398 1159 1604 1194 commorari
1624 1164 1790 1194 tenentur

1007 1206 1129 1241 saltem
1160 1217 1218 1251 per
1244 1207 1418 1258 integrum
1446 1217 1566 1241 sacrae
1596 1206 1788 1251 theologiae

1006 1254 1232 1293 curriculum
1267 1253 1335 1288 nisi
1357 1251 1567 1289 Ordinarius
1593 1253 1628 1288 in
1648 1254 1788 1289 casibus

1008 1301 1251 1347 peculiaribus
1291 1301 1388 1345 gravi
1428 1301 1469 1336 de
1495 1312 1612 1342 causa
1645 1306 1783 1336 onerata

1006 1349 1080 1384 61115
1107 1349 1332 1392 conscientia,
1362 1348 1627 1394 dispensaverit.

1052 1400 1071 1438 ξ
1098 1396 1131 1430 ².
1168 1395 1234 1439 Qui
1274 1395 1315 1430 ad
1356 1395 1496 1430 ordines
1533 1395 1716 1441 adspirant
1753 1400 1786 1430 et

1004 1447 1100 1478 extra
1126 1442 1362 1478 Seminarium
1405 1443 1556 1487 legitime
1587 1447 1782 1483 morantur,

1006 1491 1298 1525 commendentur
1325 1490 1380 1535 pio
1406 1495 1438 1525 et
1465 1490 1588 1525 idoneo
1606 1490 1788 1531 sacerdoti,

1006 1538 1064 1583 qui
1104 1538 1153 1572 eis
1194 1537 1352 1581 invigilet
1391 1548 1518 1582 eosque
1552 1537 1593 1571 ad
1622 1538 1783 1583 pietatem

1006 1585 1180 1620 informet.

273 1692 370 1735 316.
406 1695 662 1750 Inscriptio
699 1694 891 1750 eapitis.
932 1717 978 1722 -
1019 1691 1214 1749 Sequitur
1252 1690 1386 1748 s'aput
1408 1689 1580 1748 Ilquod
1606 1703 1786 1734 canones

152 1763 443 1819 complectitur
468 1761 528 1806 De
554 1762 749 1817 subiecto,
774 1762 839 1805 illa
864 1775 1037 1818 nempe:
1065 1761 1235 1818 physica
1261 1761 1434 1804 iuridica
1455 1774 1645 1817 persona>
1665 1773 1784 1818 quae,

154 1836 341 1890 recipere
378 1836 415 1876 in
455 1836 589 1890 seipsa
642 1836 767 1890 possit
814 1833 986 1876 eftectus
1035 1835 1362 1889 uniuscuiusque
1411 1834 1513 1875 ritus
1558 1834 1663 1875 sacri
1714 1845 1785 1888 per

153 1918 275 1962 quem
311 1907 587 1948 constituatur
623 1907 659 1947 in
696 1904 832 1960 aliquo
866 1918 915 1947 ex
951 1905 1131 1947 (liversis
1164 1902 1363 1959 gradibus
1394 1903 1572 1946 ordinis:
1612 1902 1673 1946 vel
1699 1905 1785 1945 uni-

151 1989 244 2019 cum
283 1975 538 2019 characteris
571 1988 618 2019 ac
654 1977 867 2032 potestatis
899 1976 1106 2028 eflectum,
1149 1977 1216 2031 qui
1259 1977 1345 2017 iure
1379 1974 1521 2016 (livino
1556 1975 1594 2016 in
1628 1974 1786 2016 ordinis

152 2051 414 2090 sacramento
449 2047 674 2100 confertur,
708 2059 871 2103 quaeve
914 2049 1001 2088 iure
1045 2045 1326 2088 ecclesiastico
1369 2049 1586 2101 promanat
1622 2046 1659 2086 111
1695 2057 1783 2101 gra-

153 2116 275 2160 dihus
312 2116 577 2160 interioribus
611 2117 846 2170 diaconatu,
883 2116 945 2159 vel
981 2120 1218 2173 utrumque,
1251 2115 1409 2159 scilicet
1441 2128 1535 2158 cum
1571 2114 1783 2171 praedicto

153 2190 327 2244 gratiam
365 2200 530 2244 quoque
564 2190 603 2230 in
638 2188 796 2230 ordinis
828 2186 1040 2243 gradihus,
1073 2189 1142 2243 qui
1176 2191 1271 2229 sunt
1313 2180 1426 2230 certo
1459 2190 1782 2237 sacramentum,

152 2261 190 2301 in
227 2263 426 2315 quantum
465 2257 516 2301 ab
549 2258 733 2301 eiusdem
774 2257 945 2301 subiecti
981 2256 1287 2301 conditionibus
1311 2261 1525 2313 peccatum
1561 2255 1781 2299 excluden-

152 2329 262 2372 tibus
297 2329 406 2371 illius
439 2332 676 2372 consecutio
710 2342 787 2371 non
823 2329 1046 2385 impeditur
1081 2331 1117 2370 in
1154 2330 1390 2384 receptione
1432 2340 1581 2369 sacrae
1612 2325 1782 2369 ordina-

153 2399 295 2449 tionis,
329 2413 400 2441 seu
436 2402 593 2455 primae
636 2405 830 2442 tonsurae
871 2412 1001 2456 usque
1036 2399 1085 2441 ad
1131 2401 1260 2454 ipsam
1311 2397 1586 2454 episcopalem
1636 2410 1777 2440 601156-

151 2473 394 2521 crationem,
428 2470 477 2513 ad
514 2483 699 2513 normam
735 2482 825 2513 can.
861 2470 958 2514 950.

270 2542 367 2586 317.
402 2543 664 2588 Distinetio
697 2543 874 2599 capitis
907 2543 954 2585 in
992 2541 1227 2586 articulos
1269 2554 1329 2585 ac
1372 2541 1495 2584 ordo
1537 2552 1778 2584 canonum

149 2617 266 2658 ante
298 2616 449 2670 ipsos.
485 2639 541 2643 ——-
574 2612 696 2657 Conc.
721 2612 833 2655 Trid.
859 2611 871 2633 ²
911 2627 933 2652 «
956 2610 1153 2662 declarat,
1174 2610 1280 2653 hanc
1305 2614 1551 2666 potestatem
1579 2613 1777 2665 perpetuo

151 2685 189 2725 in
224 2682 406 2727 Ecclesia
447 2684 583 2738 11115561
609 2689 652 2726 111
676 2686 713 2725 111
739 2686 1093 2726 5361·3111611101·11111
1129 2681 1450 2737 dispensatione,
1473 2679 1588 2723 salva
1613 2678 1775 2722 illorum

149 2753 377 2797 substantia
410 2754 449 2811 (a
487 2756 574 2797 iure
607 2755 750 2796 divino
784 2753 915 2796 solum
949 2750 1237 2807 moderanda),
1272 2764 1317 2794 ea
1352 2754 1565 2804 statueret,
1588 2749 1651 2792 vel
1689 2763 1776 2792 mu-

268 2908 279 2928 1
308 2906 397 2951 Cap.
425 2908 460 2946 2,
489 2917 582 2940 sess.
613 2905 721 2939 XXI.
