1971 3261
168 159 238 193 590
574 156 658 191 [ΑΒ.
684 156 756 191 ΙΙΙ.
783 175 795 182 ·
822 155 934 190 PARS
960 155 988 190 Ι.
1014 176 1026 181 -
1054 155 1111 190 De
1136 155 1400 191 sacramentis
1583 156 1675 192 Can.
1703 157 1796 193 1076

283 276 320 311 In
360 276 453 311 linea
485 274 687 316 collaterali,
715 278 752 309 ut
785 273 1022 319 antiquiorem
1061 273 1287 319 disciplinam
1323 274 1654 320 praetermittamus7
1684 274 1792 312 Conc.

168 337 239 371 Lat.
268 334 312 370 lV
338 334 403 370 sub
429 334 507 368 lnn.
538 333 592 375 iii,
620 333 720 368 cuius
746 332 927 378 dispositio
953 332 1102 368 refertur
1128 332 1163 366 in
1190 343 1221 367 c.
1251 330 1271 367 8
1297 332 1352 368 tit.
1372 333 1414 368 de
1439 333 1746 378 consanguinitate
1763 340 1796 371 et

165 394 345 437 affinitate,
373 392 527 428 decernit
565 391 908 436 consanguinitatem
935 395 969 426 et
992 390 1199 426 affinitatem
1225 391 1390 437 deinceps
1426 391 1591 427 dirimere
1618 403 1726 438 usque
1751 393 1795 428 ad

166 457 329 498 quartum
355 451 503 496 gradum
531 450 717 485 inclusive:
740 463 754 481 a
776 449 966 485 Prohibitio
984 460 1121 495 quoque
1147 449 1290 496 copulae
1308 450 1505 495 coniugalis
1531 455 1695 496 quartum
1714 462 1796 487 con-

165 510 415 556 sanguinitatis
441 515 474 545 ct
507 509 688 545 affinitatis
714 509 863 554 gradum
902 508 945 543 de
971 512 1083 543 cetero
1122 519 1192 543 non
1219 509 1371 550 excedat,
1402 509 1569 554 quoniam
1598 510 1634 544 in
1661 510 1800 547 ulterio-

166 570 263 605 ribus
286 569 454 615 gradibus
481 570 550 604 iam
577 579 648 603 non
671 572 780 614 potest
806 567 939 613 absque
965 567 1061 612 gravi
1089 567 1274 613 dispendio
1301 567 1501 603 huiusmodi
1530 569 1719 615 probibitio
1741 581 1798 615 ge-

166 628 331 664 neraliter
355 627 546 663 observari.
575 626 830 670 Quaternarius
870 636 949 661 vero
974 636 1143 661 numerus
1181 625 1270 661 bene
1295 626 1454 671 congruit
1475 627 1697 672 prohibitioni
1718 639 1798 664 con-

167 688 248 732 iugii
275 686 507 733 corporalis...
537 686 620 732 quia
646 690 796 731 quatuor
822 689 905 719 suut
931 684 1095 719 humores
1122 685 1158 718 in
1185 695 1327 731 corpore
1354 685 1412 731 qui
1440 690 1602 720 constant
1641 697 1681 722 ex
1712 698 1797 733 qua-

166 751 243 782 tuor
268 745 451 781 elementis
472 758 503 780 ».
530 744 623 780 Haec
649 744 737 779 ratio
765 754 833 778 non
862 748 913 779 est
940 744 1069 778 motiva
1095 743 1191 788 legis,
1217 754 1306 789 quae
1340 744 1454 789 potius
1480 743 1550 778 illis
1576 744 1692 780 verbis
1718 756 1797 780 con·

166 805 298 840 tinetur
328 818 343 837 <‹
363 804 530 850 quoniam
559 804 594 838 in
623 802 848 838 ulterioribus
874 802 1041 847 gradibus
1067 807 1168 837 etc....
1188 816 1222 844 »,
1249 802 1309 837 sed
1339 807 1390 838 est
1416 803 1617 838 exornativa
1643 808 1797 840 tantum.

166 864 319 899 referens
348 862 516 898 theoriam
558 862 737 909 physicam
776 866 861 896 tunc
887 861 1053 907 temporis
1091 861 1326 896 communiter
1356 867 1543 907 receptam.
1571 862 1607 897 ln
1646 862 1798 898 Ecclesia

167 927 283 958 autem
311 920 498 962 Orientali,
519 932 558 956 ex
586 920 805 965 indulgentia
843 925 876 955 et
901 919 1088 955 tolerantia
1113 918 1149 955 S.
1178 919 1318 966 Apicae,
1349 921 1637 966 consanguinitas
1667 921 1800 956 dirimit

170 992 277 1027 usquc
302 981 345 1016 ad
373 980 561 1026 septimum
589 979 760 1014 inclusive
785 978 933 1024 gradum
960 978 1140 1014 orientalis
1166 979 1450 1025 computationis,
1478 979 1526 1014 ita
1552 984 1590 1015 ut
1619 980 1799 1016 matrimo-

168 1041 266 1075 nium
294 1040 330 1074 in
357 1044 477 1075 octavo
502 1039 625 1084 gradu,
656 1038 714 1084 qui
743 1038 893 1082 integrat
911 1042 1076 1083 quartum
1103 1038 1198 1074 iuxta
1224 1043 1380 1073 nostram
1407 1040 1718 1085 computationem,
1741 1051 1798 1075 va-

169 1100 256 1139 leat;
286 1099 356 1134 imo
383 1098 504 1134 Gracci
532 1102 694 1133 asserunt
720 1097 911 1143 septimum
938 1107 1076 1142 quoque
1101 1097 1248 1141 gradum
1275 1097 1367 1143 apud
1399 1097 1503 1143 ipsos,
1531 1098 1618 1133 idest
1636 1103 1799 1144 quartum

167 1158 398 1203 attingentem
434 1158 573 1193 tertium
612 1157 884 1203 computationis
911 1161 1061 1199 nostrae,
1091 1156 1233 1191 nonnisi
1274 1156 1565 1202 impedimentum
1601 1157 1798 1203 impediens

168 1228 254 1253 esse.
277 1216 478 1262 Excipiendi
506 1220 590 1251 sunt
616 1215 809 1250 Maronitae
834 1226 874 1249 ac
902 1213 1138 1258 italo-Graeci,
1168 1225 1227 1260 pro
1254 1215 1381 1260 quibus
1408 1214 1499 1260 viget
1524 1215 1712 1261 disciplina
1737 1215 1799 1250 Ec-

169 1275 294 1311 clesiae
309 1273 568 1315 Occidentalis;
591 1285 651 1320 pro
678 1274 748 1308 illis
774 1273 916 1319 quidem
943 1284 982 1309 ex
1010 1271 1151 1320 Synodo
1171 1272 1357 1309 Libanensi
1385 1284 1443 1308 an.
1465 1272 1553 1308 1736
1580 1284 1600 1309 a
1620 1273 1654 1309 S.
1678 1273 1799 1320 Aplca.

170 1335 204 1368 in
235 1334 345 1369 forma
371 1334 531 1380 specifica
557 1333 772 1374 confirmata,
803 1343 862 1379 pro
889 1332 943 1367 his
970 1343 1049 1368 vero
1074 1343 1114 1368 ex
1140 1331 1268 1368 Bened.
1295 1331 1370 1367 XlV
1399 1331 1520 1367 Const.
1554 1331 1659 1367 «Etsi
1688 1338 1800 1378 pasto-

172 1393 255 1428 ralis
276 1407 290 1425 ›>
314 1395 338 1427 ¹.

288 1475 405 1519 Nunc
440 1478 564 1532 igitur
593 1474 608 1497 2
646 1477 884 1532 «quamvis
917 1476 1287 1531 consanguinitatis
1335 1474 1546 1518 vinculum
1589 1477 1640 1518 sit
1683 1480 1800 1518 natu-

174 1546 272 1598 rale,
295 1551 433 1590 tamen
468 1559 548 1590 non
588 1551 648 1589 est
682 1545 867 1589 naturale
915 1545 1025 1602 quod
1059 1547 1395 1601 consanguinitas
1432 1545 1642 1589 carnalem
1676 1559 1801 1602 copu-

174 1616 253 1660 lam
291 1617 502 1673 impediat,
537 1618 613 1659 nisi
647 1615 878 1659 secundum
927 1615 1108 1673 aliquem
1143 1615 1337 1671 gradum,
1369 1620 1413 1658 ut
1455 1615 1612 1659 dictum
1647 1620 1720 1660 est.
1753 1615 1803 1659 Et

177 1688 267 1731 ideo
300 1687 485 1731 Ecclesia
518 1700 592 1730 suo
625 1691 777 1730 statuto
810 1699 890 1729 non
926 1687 1023 1730 facit
1065 1686 1175 1743 quod
1209 1685 1337 1743 aliqui
1379 1689 1474 1741 sint,
1511 1686 1574 1729 vei
1610 1699 1688 1729 non
1722 1688 1803 1730 sint

176 1760 485 1815 consanguinei,
521 1760 616 1815 quia
650 1757 880 1801 secundum
909 1770 1032 1800 omne
1064 1761 1228 1813 tempus
1250 1756 1480 1814 aequaliter
1503 1759 1800 1814 consanguinei

176 1833 405 1879 remanent,
437 1829 507 1872 sed
543 1829 638 1872 facit
671 1828 779 1885 quod
816 1827 994 1871 carnalis
1026 1827 1174 1883 copula
1206 1829 1258 1870 sit
1306 1827 1415 1871 licita
1452 1827 1516 1871 vel
1552 1827 1707 1883 illicita,
1740 1841 1801 1871 se-

174 1899 356 1943 cundum
406 1899 571 1942 diversa
616 1903 802 1955 tempora
854 1901 892 1941 in
927 1898 1105 1941 diversis
1137 1897 1336 1955 gradibus
1369 1901 1802 1955 consanguinitatis».

177 1970 230 2013 lta
266 1983 387 2026 porro
420 1972 457 2012 in
493 1969 645 2014 Codice
677 1969 960 2026 supradictam
995 1968 1315 2025 prohibitionem
1350 1970 1563 2012 restrinxit
1594 1968 1672 2013 sub
1703 1968 1732 2026 g
1757 1971 1802 2012 2.

179 2040 223 2083 1η
255 2040 369 2083 linea
402 2040 657 2097 collaterali,
681 2054 788 2098 quae
812 2045 873 2084 est
906 2056 926 2081 ((
949 2043 1078 2085 series
1112 2054 1396 2098 personarum,
1422 2053 1528 2098 quae
1556 2042 1804 2084 successivis

176 2112 515 2168 generationibus
547 2112 793 2156 ordinantur
827 2114 933 2155 inter
965 2125 1023 2168 se,
1056 2114 1393 2156 concurrentium
1429 2114 1468 2154 in
1495 2113 1674 2168 primum
1710 2124 1803 2167 pro-

176 2185 471 2239 genitorem»,
504 2183 675 2239 supple:
712 2185 1070 2226 «matrimonium
1094 2198 1114 2224 ›>
1153 2187 1196 2226 ut
1228 2185 1267 2226 in
1300 2183 1346 2241 §0
1373 2183 1417 2225 10
1451 2181 1625 2225 irritum
1659 2186 1721 2225 est
1752 2181 1804 2225 ob

177 2252 393 2296 relativam
431 2266 697 2309 personarum
735 2253 1037 2297 inhabilitatem
1071 2267 1200 2311 usque
1246 2252 1302 2296 ad
1334 2253 1506 2296 tertium
1536 2251 1719 2309 pradum
1752 2266 1803 2296 ex

179 2328 353 2380 utroque
386 2328 518 2367 tractu
553 2323 686 2367 lineae
729 2323 922 2381 obliquae
965 2323 1181 2379 inclusive,
1217 2324 1391 2381 proinde
1443 2335 1617 2380 persona
1649 2318 1809 2366 distans*

179 2395 217 2435 in
253 2393 296 2435 40
330 2394 460 2449 gradu
496 2399 630 2450 potest
675 2394 811 2437 valide
859 2396 898 2437 in
933 2396 1154 2450 coniugem
1197 2406 1409 2437 assumere
1448 2392 1677 2451 quemlibet
1709 2406 1805 2436 con-

178 2466 454 2519 sanguineum
489 2467 527 2507 in
563 2464 670 2508 linea
703 2464 946 2509 collaterali.

297 2533 416 2577 Nunc
450 2548 571 2590 porro
605 2537 943 2591 consanguinitas
977 2548 1122 2578 revera
1157 2534 1455 2591 multiplicatur
1487 2525 1638 2590 triplici
1682 2545 1806 2577 causa

180 2604 380 2661 simplici3
420 2604 634 2649 videlicet:
669 2619 716 2648 eo
751 2606 860 2663 quod
911 2605 1018 2649 duae
1054 2618 1252 2662 personae
1285 2607 1686 2662 consanguinitatem
1719 2617 1806 2648 sor-

182 2677 335 2718 tiantur
367 2675 522 2731 duplici
559 2676 693 2730 modo,
726 2678 816 2719 sive
850 2678 945 2733 quia
978 2676 1176 2719 alterutra
1213 2675 1275 2719 vel
1310 2680 1484 2733 utraque
1529 2688 1624 2731 pars
1657 2674 1708 2718 ab
1740 2688 1806 2718 eo-

182 2745 275 2788 dem
296 2748 433 2802 stipite
457 2749 666 2789 communi
693 2747 919 2799 descendit,
938 2746 1009 2790 sed
1035 2745 1222 2803 pluribus
1246 2746 1378 2801 lineis,
1400 2748 1491 2789 sive
1513 2748 1609 2803 quia
1633 2749 1807 2802 utraque

302 2901 310 2921 ¹
340 2899 384 2933 26
410 2899 506 2933 Maii
535 2899 638 2933 1742.
669 2920 711 2925 —
738 2900 752 2922 2
778 2900 825 2933 D.
855 2899 927 2934 Th.
958 2899 1091 2944 Suppl.
1119 2911 1154 2944 q.
1184 2899 1273 2934 LIV
1297 2911 1330 2934 a.
1355 2899 1377 2933 4
1402 2898 1450 2933 ad
1475 2900 1539 2935 3¹¹².

1923 2759 1925 2762 ,
1916 2743 1918 2746 ψ
1905 2537 1947 2727 ’.,,ᾏὶὲείζῄ-Ὴγῖ*
1919 2431 1942 2527 ,·Α,ῑ“’,,
1922 2406 1932 2420 *s
1928 2378 1937 2389 ‚„

1952 2714 1965 2798 ⁴29<

1940 1142 1969 1193 a·

1934 1194 1955 1211 ἑ

1939 1213 1956 1226 ,l

1939 1250 1971 1272 ,ΕΑ
