1971 3261
215 171 284 204 5613
610 168 695 203 Lm.
726 167 799 202 ΙΙΙ.
828 187 841 193 -
867 167 992 201 PARS.
1016 166 1046 201 1.
1074 187 1083 191 -
1110 166 1165 201 De
1190 166 1456 202 Sam-amentis

217 293 366 345 uryeat
383 301 528 341 causa,
547 299 751 330 excusans
773 286 944 343 quidem
969 287 1303 342 cooperationem
1336 287 1630 340 neeessariam,
1652 286 1726 329 etsi
1761 298 1841 328 non

216 359 430 402 formalem
465 358 600 415 quoad
648 357 873 401 voluntatis
915 357 1122 411 aflectum,
1157 355 1207 399 de
1237 370 1333 414 qua,
1367 356 1405 399 si
1436 356 1530 413 fieri
1564 355 1713 414 possit,
1746 369 1839 399 eon-

212 428 326 472 sulat
365 428 658 483 Ordinarium,
692 430 788 485 quia
823 427 873 471 de
907 441 950 470 re
984 426 1146 484 publiea
1181 438 1229 470 ae
1263 427 1314 470 de
1346 431 1606 470 sacramento
1641 429 1680 469 in
1712 428 1841 470 socie·
1903 439 1909 444 ·
1947 438 1950 444 ⁴

212 501 306 542 tatis
340 503 424 542 tum
460 498 596 542 civilis
632 503 717 541 tum
752 497 971 553 religiosae
1005 496 1158 540 bonum
1192 499 1377 541 instituto
1410 499 1560 553 agitur.

909 708 1055 745 CAPUT
1083 709 1138 744 lV.

687 818 739 852 De
766 817 1052 861 impedimentis
1079 817 1365 853 dirimentibus.

260 935 346 972 CAN.
376 934 479 971 1067.
500 957 523 962 -
543 940 561 978 ἓ
582 935 612 971 1.
637 935 696 971 Vir
716 940 797 972 ante
815 936 989 971 decimum

210 988 346 1019 sextum
364 984 488 1019 aetatis
505 994 640 1019 annum
659 983 885 1029 completum,
914 995 988 1019 mu-

213 1031 276 1067 lier
300 1036 381 1066 ante
406 1031 580 1067 decimum
600 1035 762 1077 quartum
792 1031 873 1067 item
904 1042 993 1066 com-

214 1079 353 1124 pletum,
368 1078 632 1114 matrimonium
648 1078 801 1114 validum
818 1079 907 1114 inire
923 1089 991 1114 non

214 1131 371 1171 possunt.

260 1176 278 1218 ς’
305 1172 337 1208 2.
367 1172 459 1208 Licet
489 1173 754 1208 matrimonium
788 1178 864 1219 post
895 1184 992 1219 prae-

210 1220 340 1255 dictam
358 1224 506 1255 aetatem
524 1224 742 1256 contractum
763 1220 917 1256 validum
932 1221 990 1262 sit,

211 1271 335 1302 curent
360 1272 478 1303 tamen
497 1269 699 1303 animarum
720 1272 874 1314 pastores
891 1268 935 1303 ab
952 1279 992 1304 eo

211 1320 366 1349 avertere
393 1315 535 1350 iuvenes
560 1319 642 1350 ante
659 1319 820 1357 aetatem,
839 1326 920 1361 qua,
941 1326 991 1351 se-

212 1361 369 1396 cundum
395 1361 547 1407 regionis
580 1366 735 1408 receptos
770 1373 891 1404 mores,
921 1374 991 1399 ma-

213 1409 418 1445 trimonium
446 1409 527 1444 iniri
554 1409 651 1445 solet.

261 1454 346 1491 CAN.
377 1454 478 1492 1068.
507 1477 525 1483 -
545 1461 565 1499 ὅ
594 1456 624 1491 l.
663 1456 872 1502 impotentia
896 1462 994 1493 ante-

210 1503 340 1539 cedens
366 1508 399 1539 et
425 1508 600 1550 perpetua,
639 1504 710 1539 sive
736 1514 775 1539 ex
804 1509 900 1550 parte
918 1505 989 1545 vviri

210 1551 284 1586 sive
309 1561 348 1586 ex
378 1555 473 1596 parte
508 1551 676 1593 mulieris5
712 1551 783 1587 sive
808 1552 907 1587 alteri
936 1563 989 1587 oo-

210 1597 310 1642 gnita
336 1598 409 1633 sive
435 1609 518 1641 non,
553 1600 624 1634 sive
657 1598 817 1634 absoluta
842 1599 913 1635 sive
938 1611 991 1635 re-

213 1645 329 1685 lativa,
358 1646 621 1682 matrimonium
653 1646 726 1692 ipso
753 1651 899 1683 naturae
918 1647 991 1682 iure

211 1692 360 1727 dirimit.

259 1743 278 1781 ἓ
304 1738 338 1773 2.
367 1738 402 1774 Si
439 1739 729 1786 impedimentum
766 1741 992 1788 impotentiae

208 1785 358 1821 dubium
385 1786 441 1827 sit,
471 1788 543 1823 sive
569 1788 774 1823 dubioiuris
793 1789 867 1824 sive
885 1789 991 1825 dubio

211 1833 303 1916 iacti,
332 1834 599 1870 matrimonium
627 1846 697 1870 non
722 1841 773 1871 est
801 1836 992 1883 impedien-

241 1892 312 1916 um.

257 1932 276 1970 ξ
303 1926 336 1962 3.
365 1927 538 1965 Steriiitas
566 1930 831 1966 matrimonium
859 1942 924 1967 nee
939 1931 990 1966 di-

209 1974 306 2010 rimit
334 1986 397 2011 nec
423 1975 581 2022 impedit.

257 2020 343 2057 CAN.
375 2021 478 2057 1069.
499 2044 522 2050 -
541 2028 560 2067 ς
584 2024 612 2059 1.
635 2024 790 2062 invalide
816 2026 993 2061 matrimo—

211 2069 311 2122 nium
337 2074 485 2122 attentat
510 2072 569 2117 qui
592 2072 730 2109 vineulo
745 2077 883 2108 tenetur
900 2073 990 2119 prio-

209 2128 259 2151 ris
288 2118 517 2162 matrimonii,
557 2131 771 2166 quamquam
811 2131 881 2155 non
909 2131 990 2156 con-

208 2165 389 2205 summati,
414 2165 509 2201 salvo
535 2167 714 2213 privilegio
742 2167 834 2203 fidei.

259 2215 278 2253 ξ
304 2210 337 2245 2.
367 2212 537 2256 Quamvis
553 2214 649 2260 prius
664 2214 930 2250 matrimonium
945 2214 989 2250 sit

212 2258 351 2293 irritum
377 2264 438 2294 aut
464 2261 616 2297 solutum
643 2262 797 2308 qualibet
814 2273 853 2298 ex
872 2273 990 2305 causa,

212 2317 282 2341 non
310 2305 387 2341 ideo
414 2307 491 2343 lieet
517 2308 612 2344 aliud
651 2309 867 2350 contrahere.
892 2314 989 2345 ante-

208 2363 315 2398 quam
343 2353 385 2389 de
413 2355 536 2399 prioris
562 2356 723 2393 nullitate
741 2361 800 2392 aut
818 2357 990 2393 solutione

212 2400 364 2444 legitime
389 2406 422 2436 et
448 2407 539 2439 certo
565 2404 768 2440 eonstiterit.

259 2446 350 2482 CAN.
381 2448 483 2485 1070.
515 2471 531 2476 -
563 2455 582 2493 ἓ
612 2451 642 2486 i.
671 2450 812 2486 Nullum
840 2455 891 2486 est
917 2461 988 2486 ma-

207 2496 415 2533 trimonium
454 2502 671 2534 contractum
698 2510 717 2534 a
745 2509 892 2544 persona
918 2509 988 2533 non

210 2545 385 2592 baptizata
411 2555 490 2579 cum
518 2556 665 2592 persona
683 2546 859 2592 baptizata
874 2545 910 2580 in
931 2545 989 2581 Ee-

207 2592 314 2628 clesia
341 2591 510 2628 catholica
537 2593 588 2628 vel
615 2593 656 2628 ad
685 2593 831 2629 eandem
851 2603 891 2628 ex
911 2593 989 2628 hae-

209 2639 275 2675 resi
302 2644 363 2674 aut
389 2639 577 2675 schismate
602 2651 782 2676 conversa.

257 2689 276 2733 ς’
301 2685 335 2720 2.
362 2685 397 2721 Si
427 2698 506 2732 pars
543 2692 698 2733 tempore
723 2687 891 2722 contracti
920 2698 991 2722 ma-

211 2733 367 2768 trimonii
394 2738 564 2780 tanquam
591 2735 764 2781 baptizata
793 2734 989 2769 communi-

209 2785 262 2815 ter
288 2780 482 2816 habebatur
506 2786 565 2817 aut
591 2782 665 2817 eius
696 2782 891 2827 baptismus
916 2786 989 2817 erat

207 2827 350 2869 dubius,
375 2829 541 2864 standum
567 2833 627 2869 est,
654 2829 697 2863 ad
724 2839 884 2864 normam
912 2839 990 2864 ean.

213 2873 315 2916 1014,
355 2886 415 2921 pro
453 2876 567 2912 valore
606 2875 835 2919 matrimonii,
880 2875 990 2911 donec

209 2926 304 2958 certo
331 2922 495 2968 probetur
531 2923 677 2958 alteram
717 2928 849 2968 partem
878 2922 989 2969 bapti-

1063 941 1176 972 zatam
1203 947 1292 978 esse,
1334 937 1480 973 alteram
1520 949 1599 974 vero
1635 949 1705 974 non
1731 937 1842 983 bapti·

1063 989 1189 1020 zatam.

1114 1031 1198 1067 CAN.
1222 1031 1325 1066 1071.
1357 1052 1372 1058 -
1402 1031 1499 1076 Quae
1517 1033 1559 1069 de
1578 1034 1695 1069 mixtis
1711 1035 1844 1082 nuptiis

1066 1078 1100 1113 in
1117 1079 1312 1114 canonibus
1325 1078 1521 1115 iimo-1064
1534 1082 1746 1128 praescripta
1761 1088 1843 1118 sunt

1064 1126 1231 1172 applicari
1271 1137 1408 1172 quoque
1445 1127 1574 1163 debent
1609 1130 1842 1167 matrimoniis

1064 1173 1192 1219 quibus
1229 1173 1341 1209 obstat
1378 1174 1669 1220 impedimentum
1696 1177 1842 1224 dispari-

1064 1222 1145 1255 tatis
1170 1221 1294 1255 cultus

1113 1267 1197 1303 CAN.
1228 1266 1328 1302 1072.
1358 1289 1374 1294 -
1402 1267 1558 1305 invalide
1576 1271 1842 1308 matrimonium

1064 1319 1237 1350 attentant
1275 1315 1389 1351 cleriei
1434 1316 1470 1350 in
1512 1318 1620 1352 sacris
1660 1319 1843 1356 ordinibus

1064 1362 1257 1397 constituti.

1113 1408 1197 1445 CAN.
1230 1408 1331 1445 1073.
1364 1431 1381 1436 -
1409 1409 1493 1446 item
1532 1410 1686 1448 invalide
1724 1414 1842 1450 matri-

1065 1457 1223 1492 monium
1241 1461 1416 1493 attentant
1431 1457 1581 1503 religiosi
1602 1460 1660 1505 qui
1682 1465 1758 1497 vota
1775 1462 1843 1497 sol-

1065 1504 1196 1539 lemnia
1223 1504 1364 1550 professi
1392 1505 1644 1547 sint,autvota
1657 1507 1842 1554 simplicia,

1064 1551 1193 1598 quibus
1229 1563 1268 1587 ex
1308 1552 1448 1597 speciali
1488 1552 1587 1589 Sedis
1626 1555 1844 1601 Apostolicae

1064 1599 1276 1681 pragseripto
1303 1600 1354 1633 vis
1380 1599 1500 1635 addita
1526 1601 1570 1635 sit
1596 1602 1740 1648 nuptias
1766 1603 1842 1638 irri—

1063 1652 1122 1682 tan
1153 1657 1175 1681 1.

1111 1693 1196 1730 CAN.
1229 1692 1331 1728 1074.
1363 1715 1380 1719 -
1408 1698 1427 1736 ἓ
1456 1694 1487 1729 1.
1516 1694 1609 1732 inter
1650 1696 1762 1732 virum
1788 1707 1843 1733 ra-
1905 1691 1907 1694 ’

1064 1745 1197 1788 ptorem
1223 1745 1256 1776 et
1283 1741 1479 1782 mulierem,
1509 1742 1638 1778 intuitu
1665 1743 1844 1780 matrimo-

1063 1788 1113 1823 nii
1141 1792 1290 1834 raptam,
1322 1788 1489 1834 quamdiu
1517 1789 1593 1836 ipsa
1619 1791 1654 1825 in
1677 1795 1843 1837 potestate

1062 1836 1213 1882 raptoris
1240 1836 1421 1877 manserit,
1444 1836 1581 1872 nullum
1603 1843 1712 1884 potest
1730 1838 1844 1874 consi-

1064 1887 1153 1919 stere
1183 1882 1462 1920 matrimonium.

1110 1934 1129 1971 ,S
1155 1930 1189 1965 2.
1220 1928 1318 1974 Quod
1347 1930 1373 1965 si
1401 1935 1514 1976 rapta,
1542 1942 1562 1966 a
1588 1936 1726 1978 raptore
1743 1943 1843 1979 sepa-

1063 1982 1138 2013 rata
1156 1982 1189 2013 et
1208 1977 1243 2012 in
1262 1977 1333 2012 loco
1352 1982 1426 2012 tuto
1442 1988 1484 2013 ao
1503 1978 1610 2014 libero
1639 1980 1840 2021 constituta,

1064 2024 1163 2060 illum
1191 2024 1227 2059 in
1255 2024 1368 2060 virum
1397 2025 1523 2061 habere
1540 2027 1767 2068 consenserit,
1782 2027 1842 2062 im-

1064 2072 1306 2118 pedimentum
1331 2077 1456 2107 cessat.

1110 2120 1128 2165 ἕ
1156 2118 1188 2153 3.
1219 2117 1319 2163 Quod
1337 2119 1380 2154 ad
1401 2118 1615 2155 matrimonii
1644 2120 1841 2156 nullitatem

1062 2167 1199 2207 attinet,
1228 2166 1342 2212 raptui
1371 2177 1433 2213 par
1460 2166 1606 2202 habetur
1625 2167 1776 2203 violenta
1793 2179 1842 2204 re-

1062 2213 1172 2249 tentio
1199 2213 1367 2254 mulieris,
1396 2225 1475 2249 cum
1504 2225 1629 2261 nempe
1655 2215 1708 2250 vir
1722 2215 1843 2252 mulie-

1063 2271 1135 2297 rem
1164 2261 1198 2295 in
1228 2261 1300 2296 ioco
1326 2260 1383 2296 ubi
1403 2271 1443 2296 ea
1461 2266 1695 2297 commoratur
1726 2262 1779 2298 vel
1798 2263 1841 2298 ad

1062 2319 1166 2354 quem
1194 2308 1300 2344 libere
1324 2309 1482 2349 accessit,
1517 2308 1684 2345 violenter
1710 2309 1841 2345 intuitu

1063 2355 1277 2391 matrimonii
1305 2355 1450 2390 detinet.

1110 2401 1192 2438 CAN.
1223 2401 1324 2437 1075.
1345 2422 1362 2428 -
1394 2401 1512 2438 Valide
1550 2403 1755 2439 contrahere
1781 2414 1841 2440 ne-

1062 2454 1195 2496 queunt
1222 2450 1508 2485 matrimonium:

1161 2497 1206 2533 i.0
1220 2495 1299 2540 Qui,
1320 2497 1531 2543 perdurante
1548 2496 1668 2532 eodem
1687 2497 1841 2542 legitimo

1063 2543 1302 2588 matrimonio,
1341 2543 1554 2579 adulterium
1583 2544 1674 2579 inter
1699 2555 1735 2580 se
1760 2555 1841 2580 con·

1062 2595 1285 2626 summarunt
1310 2595 1343 2626 et
1371 2591 1472 2626 fidem
1500 2590 1565 2626 sibi
1594 2595 1714 2627 mutuo
1739 2591 1841 2627 dede-

1062 2643 1145 2674 runt
1163 2638 1204 2674 de
1223 2638 1447 2673 matrimonio
1474 2638 1627 2674 ineundo
1653 2638 1705 2674 vel
1725 2638 1840 2685 ipsum

1063 2685 1340 2725 matrimonium,
1354 2685 1459 2720 etiam
1476 2696 1535 2731 per
1549 2685 1687 2720 civilem
1702 2690 1840 2721 tantum

1061 2737 1191 2773 actum,
1223 2736 1460 2774 attentarunt;
1609 2776 1616 2777 ἶ

1157 2778 1210 2814 20
1229 2777 1310 2823 Qui,
1333 2779 1542 2824 perdurante
1569 2779 1696 2825 pariter
1721 2779 1840 2815 eodem

1062 2826 1217 2872 legitimo
1244 2826 1480 2867 matrimonio,
1506 2826 1718 2862 adulterium
1750 2826 1840 2861 inter

1062 2885 1097 2910 se
1115 2877 1407 2909 consummarunt
1433 2883 1622 2919 eorumque
1646 2873 1734 2909 alter
1759 2883 1842 2909 con-

1062 2920 1267 2966 iugicidium
1295 2920 1464 2967 patravit:

1627 163 1721 201 Can.
1738 157 1842 200 *1066
1862 135 1864 137 Ι
