1971 3261
161 144 251 180 Can.
280 144 437 179 873-874
688 146 772 180 ΤιΤ.
799 147 863 181 IV.
892 167 902 172 -
930 147 985 182 De
1014 150 1256 184 I'oenz'tentz‘cz
1719 154 1788 185 219

161 264 272 321 (can.
307 263 404 311 873,
440 265 492 317 ἐξ
527 264 545 306 1
583 268 622 306 et
654 262 724 320 2):
777 261 1036 308 «Ordinaria
1090 267 1374 310 iurisdictione
1420 268 1469 310 ad
1510 269 1786 312 consessiones

161 334 472 390 excipiendas...
524 338 687 390 praeter
720 334 949 377 Romanum
1003 336 1257 389 l'ontiticem,
1306 340 1561 394 potiuntur...
1608 353 1679 395 pro
1712 353 1785 382 suo

162 407 368 448 territorio
401 404 651 449 Ordinarius
686 405 777 459 loci,
811 410 849 448 et
873 408 1117 462 Superiores
1152 408 1331 465 religiosi
1366 412 1549 465 exempti
1577 410 1786 466 religionis

160 475 366 520 clericalis
389 489 464 532 pro
488 488 631 519 eorum
666 475 841 519 subditis
864 477 914 519 ad
941 490 1126 521 normam
1161 481 1499 522 constitutionum
1522 496 1559 530 »ς
1598 484 1785 537 exceptio

160 553 297 591 autem
332 559 423 590 can.
461 546 557 597 199,
591 546 618 604 ξ
653 547 699 589 1;
755 562 774 586 ι(
795 549 868 590 nisi
904 547 1014 590 aliud
1050 562 1244 604 expresse
1288 552 1376 593 iure
1409 556 1666 606 caveatur»,
1715 564 1783 607 ap-

162 618 310 674 plicata
343 622 404 661 est
456 632 476 657 ((
495 618 533 661 S.
569 616 614 661 R.
649 616 694 660 E.
729 616 1018 661 Cardinalibus
1066 625 1103 662 et
1153 622 1361 663 canonicis
1402 624 1781 677 poenitentiariis»,

161 688 300 733 Restat
323 691 449 745 igitur
470 701 673 746 quaerere
713 704 731 729 «
756 688 806 731 de
831 689 1021 745 parochis
1043 690 1216 748 aliisque
1240 694 1307 749 qui
1329 692 1417 735 loco
1443 693 1607 748 parochi
1632 699 1725 737 sunt
1746 711 1782 743 υ,

159 772 208 804 an
242 759 651 817 comprehendantur
683 759 760 802 sub
795 772 937 803 norma
972 761 1153 817 generali
1188 774 1276 804 can.
1314 763 1409 813 199,
1434 766 1456 813 ἐ
1485 765 1528 815 l,
1564 764 1624 807 vel
1652 767 1784 821 potius

157 830 235 875 sub
267 833 534 887 exceptione:
569 843 617 873 ac
642 830 974 886 respondendum
1012 837 1107 888 puto
1141 834 1222 876 sic:
1258 839 1466 890 nequeunt
1503 834 1555 876 illi
1590 835 1784 891 delegare

160 903 487 946 iurisdictionem
521 901 866 944 sacramentalem
893 914 967 945 nec
991 903 1040 945 ad
1066 915 1223 955 casum,
1249 917 1295 946 eo
1320 905 1427 960 quod
1463 905 1514 947 de
1550 905 1782 949 huiusmodi

158 973 421 1030 delegatione
453 971 689 1029 specialiter
722 972 872 1015 dantur
905 986 1084 1016 canones
1117 975 1355 1017 immediate
1378 981 1612 1032 sequentes,
1638 979 1674 1019 in
1700 981 1785 1035 qui-

160 1044 235 1089 bus
267 1046 326 1088 eis
359 1057 437 1087 non
487 1043 766 1096 adiudicatur,
800 1056 847 1086 ac
881 1057 929 1086 ex
966 1043 1093 1087 altera
1146 1050 1259 1100 parte
1295 1048 1570 1089 necessarium
1613 1060 1690 1090 non
1726 1054 1783 1091 est

160 1130 231 1173 pro
267 1117 538 1172 paroecianis,
572 1119 659 1158 tum
694 1119 860 1171 propter
893 1115 1122 1158 clausulam
1162 1116 1352 1173 «aliique
1387 1120 1454 1174 qui
1491 1117 1577 1161 loco
1618 1119 1782 1174 parochi

157 1193 309 1241 sunt»,
343 1191 428 1230 tum
465 1188 560 1244 quia
597 1199 669 1243 pro
718 1186 1036 1230 necessitatibus
1069 1192 1137 1230 aut
1172 1191 1490 1243 opportunitate,
1538 1186 1785 1233 (J)r‹linarins

160 1263 287 1315 potest
323 1263 505 1301 statuere
539 1257 837 1301 iurisdictionis
870 1257 1175 1313 delegationem
1211 1264 1530 1316 consequentem
1567 1274 1786 1316 expressae

157 1330 431 1386 designationi
466 1328 694 1372 sacerdotis
728 1341 800 1385 per
834 1328 1074 1384 parochum.
1126 1328 1346 1373 Conclusio
1380 1335 1490 1373 certa
1525 1337 1583 1373 est
1620 1336 1785 1387 propter
1853 1332 1860 1337 ’

160 1407 292 1458 respm.
318 1399 630 1445 Commissionis
664 1399 778 1445 Pont.
812 1400 861 1443 ad
897 1399 1010 1443 Cod³.
1046 1413 1225 1443 canones
1258 1400 1370 1443 auth.
1407 1403 1738 1457 interpretandos
1759 1404 1782 1444 ¹.

159 1472 219 1516 Ad
257 1471 434 1516 Dubium
470 1474 578 1515 enim
634 1472 712 1514 «3.
748 1470 894 1515 Utrum
929 1472 979 1515 ad
1016 1485 1201 1514 normam
1246 1486 1449 1515 canonum
1490 1473 1583 1527 199,
1616 1475 1643 1530 εξ
1680 1474 1714 1528 l,
1748 1479 1784 1516 et

159 1544 255 1598 874,
280 1545 305 1598 ἓ
330 1543 366 1597 t,
404 1542 590 1596 Parochi,
618 1541 770 1586 Vicarii
799 1542 1092 1598 Parochorum,
1117 1543 1240 1585 aliive
1273 1544 1510 1586 sacerdotes
1543 1544 1592 1586 ad
1621 1547 1784 1587 nniver-

157 1617 317 1658 sitatem
367 1626 588 1658 causarum
625 1613 818 1670 delegati,
869 1617 1020 1670 possint
1056 1614 1342 1657 sacerdotibus
1383 1616 1471 1656 sive
1504 1615 1786 1658 saecularibus

157 1687 245 1728 sive
280 1685 483 1741 religiosis
516 1684 711 1741 delegare
756 1684 1085 1728 iurisdictionem
1121 1685 1169 1728 ad
1206 1686 1483 1727 consessiones
1517 1686 1785 1741 recipiendas.

157 1761 226 1800 aut
258 1755 404 1799 saltem
453 1756 600 1799 iisdem
636 1758 717 1799 iam
751 1755 992 1812 approbatis
1044 1755 1370 1798 iurisdictionem
1420 1756 1645 1799 extendere
1680 1756 1783 1799 ultra

159 1828 261 1870 lines
294 1826 371 1871 loci
423 1827 484 1870 vel
520 1839 806 1883 personarum,
859 1829 963 1870 intra
997 1840 1099 1883 qnos
1132 1826 1181 1869 ad
1219 1839 1403 1869 normam
1445 1839 1535 1869 ean.
1571 1827 1670 1880 878,
1701 1826 1728 1883 ξ
1766 1828 1777 1869 l

160 1899 280 1940 luerit
313 1899 652 1952 circumscripta;
703 1909 752 1940 an
788 1897 837 1940 ad
875 1897 912 1940 id
948 1902 1095 1953 egeant
1129 1896 1296 1952 speciali
1344 1896 1534 1940 t'acultate
1567 1910 1637 1939 seu
1674 1910 1784 1940 man-

157 1969 253 2012 ‹lato
286 1965 497 2013 Ordinarii
534 1968 625 2012 loci.
649 1995 706 1999 —
729 1968 984 2025 Responsum
1022 1970 1118 2010 t'uit:
1167 1967 1367 2023 Negative
1400 1968 1449 2010 ad
1487 1970 1659 2023 primam
1695 1982 1784 2024 par-

159 2045 253 2095 tem,
288 2040 538 2083 affirmative
571 2039 621 2083 ad
655 2040 944 2083 secundam».
996 2040 1130 2096 Atque
1164 2038 1214 2081 (le
1250 2038 1442 2081 facultate
1485 2052 1556 2081 seu
1595 2039 1786 2081 mandato

162 2111 405 2167 «speciali»
464 2116 522 2154 est
559 2110 873 2168 intelligendum
932 2114 1120 2166 respectu
1153 2109 1202 2152 ad
1238 2109 1489 2152 ordinariam
1527 2108 1688 2151 illorum
1724 2122 1785 2151 sa-

157 2181 456 2226 cramentalem
491 2182 820 2226 iurisdictionem
859 2181 921 2224 vel
956 2182 1005 2224 ad
1035 2182 1347 2223 universitatem
1373 2192 1591 2223 causarum
1627 2179 1787 2234 delega-

158 2254 326 2308 tionem,
352 2267 430 2296 non
456 2253 506 2296 de
529 2253 700 2309 speciali
736 2267 809 2310 pro
842 2252 1016 2309 singulis
1053 2250 1231 2304 casibus,
1254 2264 1373 2293 secus
1407 2250 1497 2292 talis
1522 2250 1692 2293 facultas
1714 2264 1783 2292 seu

160 2324 398 2367 mandalum
434 2329 542 2367 esset
576 2324 734 2379 inutile,
771 2324 858 2367 loco
893 2326 1000 2367 enim
1038 2325 1126 2365 eius
1159 2321 1294 2365 (landa
1329 2327 1432 2364 esset
1475 2321 1702 2364 iurisdictio
1735 2320 1785 2363 ab

158 2391 382 2439 Ordinario
417 2395 508 2440 loci.

280 2466 376 2509 197.
427 2468 466 2512 A
500 2481 598 2524 quo
642 2468 912 2512 iurisdictio
962 2466 1337 2511 sacramentalis
1385 2465 1642 2520 delegatur
1695 2477 1783 2519 pro

160 2539 463 2594 quibuslibet
510 2540 893 2595 poenitentibus.
928 2562 980 2567 -—
1019 2535 1118 2579 Γιιη.
1166 2537 1273 2577 874.
1297 2534 1325 2591 ξ
1363 2535 1395 2578 1.
1446 2532 1782 2576 [ηνιῖτιΙίιἸὶοηθυι

159 2607 408 2665 deleqalmn,
449 2621 595 2666 «quae
627 2610 845 2651 commissa
880 2612 939 2650 est
974 2618 1214 2662 personae»
1253 2605 1360 2661 (can.
1388 2605 1479 2648 197.
1514 2607 1538 2657 §j
1567 2604 1604 2659 1)
1640 2603 1694 2645 ml
1728 2618 1785 2645 re-

161 2677 377 2736 cipiendas
425 2678 706 2736 confessiones
742 2679 945 2734 perfectas
981 2690 1051 2733 per
1084 2676 1400 2727 absolutionem,
1440 2675 1630 2731 (ideoque
1671 2690 1688 2713 ((
1710 2676 1782 2716 t'ori

162 2750 325 2803 interni,
373 2763 450 2794 seu
497 2752 790 2805 conscientiae,
838 2747 1190 2792 sacramentalis»
1227 2760 1316 2790 can.
1355 2745 1471 2801 196),
1504 2744 1782 2802 quorumlibet

279 2904 290 2925 ¹
320 2903 363 2937 16
391 2902 477 2937 Oct.
509 2903 610 2936 1919.
641 2901 716 2936 CO.
743 2902 814 2941 XI,
842 2902 923 2936 477.
