1971 3261
177 132 247 167 360
579 130 664 163 Lus.
693 129 765 163 III.
794 149 807 153 —
835 128 945 162 PARS
970 128 1001 162 Ι.
1031 148 1044 154 -
1070 127 1127 162 De
1151 127 1418 162 &aeramentis
1540 122 1547 129 ³
1614 126 1707 162 Can.
1735 103 1805 162 951

178 264 200 294 a
236 252 433 294 memoria
469 252 506 291 in
543 252 625 291 toto
658 246 776 290 titulo
810 260 860 289 ne
893 246 1103 300 excidant,
1125 250 1164 289 et
1189 245 1283 289 liinc
1311 251 1368 289 est
1403 248 1461 289 sic
1495 246 1804 302 interpretanda

182 321 280 379 Cap.
316 319 341 363 I
369 321 603 375 inscriptio:
643 317 700 361 De
733 317 942 373 mimum,
966 319 1036 374 qui
1061 330 1210 373 nempe
1236 319 1346 359 iuxta
1381 330 1432 359 ss.
1458 329 1637 360 canones
1659 330 1708 360 ex
1735 317 1805 360 ha-

179 392 258 435 bita
292 391 434 433 divina
470 393 669 445 potestate
705 391 830 444 possit
863 393 947 431 tum
977 387 1113 430 valide
1146 400 1217 430 seu
1251 400 1344 430 cum
1379 386 1558 444 quodam
1584 387 1727 430 saltem
1753 389 1804 430 ef-

177 463 281 505 fectu
319 473 517 516 peragere
552 462 674 502 ritum
709 472 858 501 sacrae
890 457 1177 501 ordinationis
1212 459 1325 500 iuxta
1362 456 1476 500 verbi
1510 470 1676 500 sensum
1712 461 1806 502 iuri-

175 533 312 575 dicum
349 531 397 574 ad
432 544 621 574 normam
656 543 745 573 can.
772 529 869 583 950,
896 534 982 571 tum
1008 529 1132 583 licite,
1156 542 1227 571 seu
1252 532 1351 586 quin
1376 532 1591 584 peccatum
1626 531 1803 573 eveniat.

177 603 395 659 Propterea
430 604 656 658 positorum
693 603 730 643 in
765 614 813 643 eo
846 601 981 656 capite
1024 611 1228 642 canonum
1271 601 1428 655 primus
1460 612 1531 642 seu
1567 599 1645 642 951
1685 602 1804 642 mini-

176 678 281 717 stros
318 673 479 716 validae
512 672 784 715 ordinationis
817 671 1085 723 demonstrat,
1119 669 1306 713 subnexo
1339 671 1474 712 statim
1510 683 1601 713 can.
1636 671 1719 713 952
1755 672 1805 714 de

178 743 360 801 generali
397 742 672 799 prohibitione
716 744 874 785 ratione
917 741 1150 785 ordinandi.
1188 740 1327 783 Postea
1361 745 1592 797 sequuntur
1624 754 1805 785 canones

177 817 285 858 circa
322 814 560 866 liceitatein,
593 816 683 856 sive
714 813 1038 856 consecrationis
1076 810 1322 867 ep1scopalis
1365 813 1403 853 in
1449 823 1539 854 can.
1573 812 1671 865 953,
1706 813 1805 867 954,

177 889 267 929 sive
300 889 534 928 ceterorum
560 885 752 927 ordinum
778 896 825 927 ac
851 885 1007 939 primae
1030 887 1224 925 tonsurae
1249 895 1378 939 usque
1411 882 1460 925 ad
1495 885 1641 938 capitis
1666 884 1805 939 tinem,

177 957 247 1000 sed
284 958 415 1012 primo
448 955 584 1008 quoad
609 954 864 998 ordinandos
885 953 1121 997 saeculares
1145 952 1352 1007 955-963,
1377 957 1417 995 et
1438 953 1607 1010 quidem
1634 967 1705 1009 pro
1728 956 1806 997 sin·
1856 959 1860 961 ’

177 1028 284 1084 gulis
318 1027 558 1070 ordinandis
592 1028 802 1083 proprium
837 1025 1098 1068 ordinantem
1123 1024 1344 1080 designant
1367 1026 1404 1066 in
1430 1037 1582 1080 genere
1605 1038 1693 1068 can.
1721 1026 1804 1068 955

178 1104 215 1142 et
250 1101 287 1141 in
321 1100 459 1155 specie
492 1110 582 1141 can.
617 1098 700 1140 956
735 1101 775 1140 et
806 1097 905 1150 957,
941 1108 1033 1139 nam
1068 1097 1194 1138 ceteri
1230 1095 1421 1137 958-963
1457 1098 1712 1139 necessarias
1745 1097 1806 1139 di-

180 1172 388 1213 missorias
423 1169 691 1211 moderantur
739 1172 778 1210 et
826 1166 971 1210 harum
1019 1168 1177 1209 ratione
1221 1165 1331 1222 licite
1369 1167 1608 1209 ordinantes
1642 1167 1804 1210 docent.

177 1240 295 1285 Circa
330 1240 544 1296 religiosos
578 1252 691 1292 vero,
715 1240 885 1296 quinam
919 1251 988 1281 eos
1021 1236 1215 1280 ordinare
1237 1241 1391 1293 queant
1414 1238 1527 1279 eisve
1551 1237 1806 1281 dimissorias

178 1311 334 1355 litteras
367 1311 598 1354 concedere
631 1310 965 1353 determinantur
998 1310 1036 1350 iu
1071 1320 1161 1352 can.
1197 1307 1296 1362 964,
1329 1307 1427 1350 dum
1466 1313 1687 1365 sequentes
1724 1308 1806 1351 dno

179 1383 277 1437 965,
310 1382 392 1425 966
427 1383 591 1425 cuinam
629 1380 853 1423 mittendae
885 1382 968 1423 sint
1000 1378 1077 1422 hae
1111 1377 1284 1433 litterae,
1314 1383 1399 1421 tum
1436 1378 1697 1434 regulariter,
1719 1384 1803 1422 tum

179 1467 251 1509 per
284 1454 570 1508 exceptionem
607 1450 909 1508 praescribunt,
943 1455 982 1493 et
1015 1462 1103 1493 can.
1140 1450 1222 1492 977
1257 1451 1363 1492 serio
1404 1449 1613 1504 admonet,
1652 1450 1748 1506 quid
1783 1462 1806 1493 a

177 1523 470 1580 Superioribus
502 1522 706 1579 religiosis
739 1524 790 1565 sit
823 1521 899 1564 hac
932 1523 970 1563 in
1007 1534 1050 1563 re
1083 1520 1331 1563 cavendum.

298 1595 393 1637 298.
429 1596 655 1640 Minister
687 1595 885 1638 validae
918 1593 1260 1638 ordinationis.
1292 1617 1343 1622 —
1374 1590 1473 1634 Fan.
1506 1592 1613 1634 951.
1651 1591 1808 1635 Sacrae

177 1665 464 1709 ordinationis
497 1679 590 1709 cum
631 1664 807 1708 iuridica
849 1663 1152 1719 significatione
1195 1663 1244 1706 ad
1290 1674 1476 1705 normam
1517 1675 1607 1706 can.
1642 1663 1725 1705 950
1760 1675 1807 1706 ac

178 1739 342 1793 proprie
376 1736 511 1779 (lictae
547 1749 619 1779 seu
657 1734 833 1788 validae,
866 1733 1073 1785 fnzsim'scen
1098 1735 1257 1776 ratione
1291 1732 1456 1776 habitae
1492 1735 1703 1788 potestatis
1738 1746 1810 1789 per

177 1807 476 1860 characterem,
496 1820 576 1863 quo
597 1821 616 1846 ι(
635 1805 847 1849 Sacerdoti
869 1807 906 1847 in
926 1808 1141 1847 aeternum
1161 1818 1181 1844 >³
1206 1802 1367 1847 Christo
1387 1802 1807 1857 conformatur,ordi-

177 1878 341 1933 veriritas,
376 1878 503 1920 idest:
539 1879 628 1920 iure
661 1877 804 1919 divino
828 1889 878 1918 ex
903 1874 971 1917 tali
998 1878 1199 1930 potestate
1232 1874 1465 1930 deputatus,
1491 1879 1552 1916 est
1574 1872 1810 1931 Episcopus

177 1954 459 1995 consecratus,
493 1960 572 2005 qua
608 1949 920 1990 consecratione
953 1947 1218 1989 constituitur
1243 1947 1281 1987 in
1307 1945 1454 2001 gradu,
1477 1958 1558 2002 quo
1587 1960 1609 1985 c(
1632 1949 1692 1988 est
1716 1958 1806 2001 pre-

176 2019 354 2076 sbyteris
387 2021 588 2075 superior,
614 2018 770 2061 habens
795 2021 1035 2074 potestatem
1061 2016 1334 2059 confirmandi
1360 2020 1399 2058 et
1422 2015 1656 2069 ordinandi,
1679 2028 1803 2073 quam

178 2090 233 2132 illi
278 2103 356 2132 non
407 2103 495 2132 esse
541 2103 635 2133 eum
687 2089 940 2145 presbyteris
979 2100 1242 2130 communem
1270 2102 1289 2127 »
1327 2087 1498 2129 Sacrum
1533 2086 1655 2129 Cone.
1691 2085 1801 2130 Trid.

177 2160 412 2216 dogmatice
446 2160 636 2202 delinivit
659 2160 685 2202 ¹.
724 2185 775 2189 -—
812 2158 895 2201 lmo
928 2171 1022 2200 cum
1072 2170 1119 2200 ea
1170 2161 1347 2213 potestas
1380 2159 1541 2199 nonnisi
1576 2170 1624 2199 ex
1660 2157 1802 2201 divina

177 2231 435 2273 ordinatione
471 2244 541 2286 per
575 2232 928 2273 consecrationem
964 2228 1192 2278 derivetur,
1226 2230 1414 2285 sequitur
1456 2227 1563 2270 hanc
1600 2229 1802 2270 contineri

176 2301 252 2344 sub
286 2302 442 2344 ordinis
474 2306 734 2344 sacramento
768 2300 1052 2343 characterem
1088 2298 1351 2342 indelebilem
1393 2300 1669 2354 imprimente,
1703 2311 1803 2356 qua-

179 2377 344 2428 propter
376 2385 454 2415 non
490 2372 677 2415 obstante
711 2372 1156 2422 excommunicatione,
1191 2371 1472 2426 suspensione,
1497 2369 1729 2424 interdicto,
1755 2371 1806 2412 ir-

177 2442 455 2498 regularitate,
491 2448 614 2500 atque
649 2445 735 2498 ipsa
768 2442 1080 2498 degradatione,
1105 2442 1276 2484 canonis
1300 2442 1471 2483 assertio
1494 2453 1658 2496 semper
1695 2442 1801 2483 veri-

176 2517 298 2556 tatem
336 2526 432 2569 prae
465 2526 506 2555 se
542 2515 632 2557 fert.
678 2539 729 2543 —
777 2512 816 2555 ln
852 2525 1010 2556 canone
1043 2511 1230 2555 additur:
1271 2512 1547 2553 «minister»
1588 2515 1630 2553 ut
1661 2523 1802 2566 supra,

174 2585 243 2627 sed
279 2583 665 2629 81111ναονᾶιήανίαε,
701 2597 871 2639 nempe:
907 2588 1117 2639 tamquam
1145 2595 1215 2638 per
1248 2584 1535 2638 exceptionem
1570 2594 1664 2624 cum
1698 2581 1798 2624 ‹leti-

173 2657 253 2698 ciat
286 2655 420 2698 eidem
458 2654 523 2697 illa
550 2659 739 2709 potestas,
765 2654 850 2712 qui,
873 2653 969 2696 lieet
992 2652 1236 2701 charactere
1259 2651 1491 2710 episcopali
1513 2656 1668 2702 eareat,
1699 2652 1799 2695 dum

173 2731 232 2769 est
265 2725 401 2769 adbuc
437 2725 665 2782 presbyter,
699 2726 971 2768 disiunctive:
1007 2738 1033 2766 α
1065 2723 1159 2766 iure
1194 2723 1405 2767 videlicet:
1456 2725 1494 2765 in
1542 2721 1693 2766 Codice
1732 2721 1795 2765 vel

163 2008 174 2026 Ι

294 2879 303 2900 ¹
333 2877 434 2912 Sese.
464 2877 615 2917 XXIII,
645 2888 727 2911 can.
756 2878 788 2912 7.
