1971 3261
203 171 270 204 142
603 170 686 203 Lm.
714 169 783 203 ΙΙΙ.
811 189 823 194 -
850 169 961 203 PARS
986 169 1016 204 Ι.
1046 189 1058 195 -
1084 169 1141 204 De
1166 169 1431 205 Sator-mittentis
1637 169 1728 206 Can.
1757 169 1826 204 821

203 289 263 332 Ad
300 289 313 332 Ι
347 289 619 332 Affirmative.
646 288 707 331 Ad
734 287 765 330 ll
788 286 990 344 Negative
1014 303 1052 332 )).
1080 287 1189 332 Haec
1212 288 1348 332 adhuc
1370 291 1523 345 vigent,
1544 292 1640 346 quia
1660 291 1827 333 omnino

202 372 380 403 consona
414 364 507 402 suut
541 360 806 414 praescriptis
839 370 929 401 can.
966 358 1091 407 1198,
1133 359 1254 403 1199.

328 463 403 498 133.
436 467 504 498 lus
530 466 797 506 praecedens
826 463 992 498 fundatur
1018 463 1054 498 in
1081 463 1201 499 Cone.i
1228 463 1334 499 Trid.i
1362 463 1457 500 Dec.⁰
1488 478 1503 497 α
1523 465 1564 500 de
1602 465 1829 500 observandis

202 528 234 558 et
261 523 413 558 vitandis
441 523 475 557 in
503 522 734 558 celebratione
761 521 918 557 missae»
949 522 1047 566 (sess,
1065 521 1173 569 xxti)
1191 523 1239 558 sic
1258 524 1486 559 decernente:
1512 538 1526 556 «
1547 528 1583 559 ut
1602 524 1828 560 irreverentia

203 582 328 617 vitetur
353 586 385 616 et
412 586 509 616 tanto
535 580 705 616 sacrificio
731 580 869 616 debitus
895 581 1006 616 honor
1031 586 1064 616 et
1082 581 1195 617 cultus
1212 582 1255 617 ad
1277 582 1334 617 Dei
1353 582 1511 627 gloriam,
1531 587 1563 618 et
1583 582 1692 618 tidelis
1712 583 1828 629 populi

203 640 480 676 aedificationem
509 639 724 679 restituatur,
763 649 806 674 ne
844 639 1025 685 patiantur
1063 639 1219 687 Episcopi
1262 641 1404 687 privatis
1443 641 1478 675 in
1518 642 1688 681 domibus,
1726 647 1830 688 atque

201 699 345 735 omnino
371 703 467 733 extra
492 698 689 741 ecclesiam,
718 702 750 733 et
775 698 818 732 ad
845 698 1005 733 divinum
1045 703 1182 734 tantum
1221 699 1353 735 cultum
1392 699 1549 735 dedicata
1587 700 1745 743 oratoria,
1784 700 1829 736 ab

201 758 331 793 eisdem
373 755 572 793 Ordinariis
610 757 831 802 designanda
872 761 905 792 et
946 757 1133 804 visitanda,
1178 762 1339 794 sanctum
1381 759 1445 794 hoc
1475 759 1684 794 sacrificium
1711 771 1730 795 a
1755 770 1827 795 sae-

202 817 390 860 cularibus,
435 820 495 851 aut
539 815 770 860 regularibus,
811 816 1092 862 quibuscumque
1126 817 1262 863 peragi:
1300 828 1340 852 ac
1376 818 1444 852 nisi
1485 818 1580 864 prius
1620 819 1678 864 qui
1722 819 1829 855 inter-

202 877 285 917 sint,
314 876 475 912 decenter
501 875 692 921 composito
734 875 887 921 corporis
925 875 1061 918 habitu,
1106 876 1360 912 declaraverint
1401 888 1437 913 se
1479 881 1594 913 mente
1636 878 1753 919 etiam,
1788 889 1829 914 ac

201 935 324 970 devoto
351 934 463 969 cordis
501 933 638 974 affectu,
672 945 743 969 non
785 934 897 969 solum
937 945 1079 980 corpore
1115 934 1288 970 adesse».
1319 956 1362 960 —
1388 934 1565 981 Imprimis
1599 937 1830 982 supponimus

204 994 288 1029 iilud
319 993 441 1029 «Neve
470 993 678 1039 patiantur»
719 992 909 1039 (Episcopi)
944 993 1123 1029 continere
1161 993 1432 1039 prohibitionem
1472 994 1557 1040 ipsis
1595 995 1720 1030 factam
1760 1006 1830 1041 per-

204 1053 376 1094 mittendi,
402 1052 547 1098 ideoque
575 1063 734 1088 revocare
762 1052 960 1087 huiusmodi
990 1056 1209 1098 potestatem,
1249 1052 1276 1087 si
1316 1064 1393 1088 eam
1435 1054 1530 1099 prius
1569 1053 1757 1089 habebant.
1795 1054 1829 1089 ld

201 1112 285 1148 satis
313 1117 404 1158 patet
430 1123 469 1147 ex
496 1112 572 1158 ipsa
599 1111 782 1147 verborum
809 1111 1077 1157 significatione,
1107 1116 1140 1147 et
1166 1112 1202 1146 in
1230 1112 1293 1147 hoc
1319 1123 1424 1147 sensu
1450 1112 1653 1158 prodierunt
1679 1112 1710 1149 S.
1732 1112 1831 1149 Sedis

201 1171 466 1207 declarationes,
495 1170 650 1206 lamvero
675 1171 790 1206 citatis
818 1171 931 1206 verbis
958 1176 1050 1206 vetat
1077 1169 1199 1212 Conc.‚
1229 1171 1417 1217 quominus
1456 1171 1613 1218 Episcopi
1655 1173 1833 1218 patiantur

202 1230 343 1266 Missam
371 1230 536 1266 celebrari
567 1229 615 1264 l.0
647 1230 827 1276 «privatis
855 1230 890 1264 in
918 1230 1134 1271 domibus»,
1163 1230 1349 1265 seiunctim
1375 1241 1396 1265 a
1433 1230 1591 1266 clausula
1629 1242 1716 1277 quae
1750 1231 1831 1267 sub-

202 1289 366 1334 sequitur,
399 1293 466 1324 «et
493 1288 546 1323 ⁰2.⁰
572 1288 717 1324 omnino
743 1293 836 1324 extra
866 1288 1053 1324 Ecclesiam
1080 1293 1113 1324 et
1138 1288 1180 1324 ad
1207 1288 1367 1323 divinum
1395 1293 1534 1324 tantum
1569 1289 1701 1324 cultum
1740 1289 1832 1325 dedi-

202 1352 277 1383 cata
303 1348 503 1383 oratoria».
534 1347 698 1382 Nonnulli
728 1352 913 1393 utramque
939 1347 1133 1382 clausulam
1158 1347 1209 1383 sic
1234 1348 1493 1383 coniunxerunt
1520 1353 1556 1383 ut
1582 1359 1705 1384 sensus
1731 1353 1831 1392 esset,

203 1407 387 1453 Episcopos
413 1417 483 1442 non
513 1418 611 1453 posse
639 1406 838 1453 permittere
864 1406 994 1441 dictam
1021 1406 1288 1442 celebrationem
1318 1406 1461 1452 privatis
1488 1407 1522 1441 in
1551 1407 1712 1443 domibus
1736 1412 1832 1443 extra

201 1466 382 1502 ecclesiam
409 1471 442 1502 et
467 1466 628 1507 oratoria,
656 1466 738 1501 hinc
764 1466 974 1501 deducentes
1002 1476 1101 1511 posse
1126 1465 1222 1501 illam
1251 1466 1450 1512 permittere
1476 1466 1512 1501 in
1532 1466 1666 1513 privato
1684 1467 1833 1503 oratorio

203 1526 356 1572 privatae
381 1526 517 1561 domus.
548 1524 613 1560 Sed
641 1523 676 1560 S.
704 1524 743 1560 C.
774 1523 876 1560 Conc.
907 1524 942 1559 in
970 1524 1115 1570 epistola
1154 1524 1249 1559 iussu
1286 1523 1383 1560 Pauli
1424 1524 1449 1560 V
1489 1525 1595 1561 missa
1628 1525 1672 1561 ad
1710 1536 1831 1562 omnes

203 1584 417 1631 Episcopos1
443 1584 516 1625 ait;
550 1598 564 1617 «
584 1583 660 1618 llmi
690 1584 766 1624 PP.,
794 1583 885 1619 Ssmi
917 1583 955 1618 D.
984 1582 1022 1618 N.
1051 1583 1158 1626 iussu,
1184 1583 1457 1628 significandum
1485 1584 1681 1620 duxerunt:
1724 1584 1831 1621 facul-

202 1648 306 1679 tatem
334 1643 439 1679 dandi
468 1643 626 1679 licentias
652 1642 851 1678 celebrandi
869 1643 905 1677 in
926 1642 1071 1688 privatis
1084 1642 1253 1683 oratoriis,
1273 1642 1383 1689 ipsius
1402 1641 1508 1678 Cone.
1531 1642 1626 1679 Dec.0
1642 1644 1831 1690 unicuique

201 1702 400 1748 ademptam
427 1713 513 1745 esse,
543 1701 676 1747 solique
703 1701 910 1737 Beatissimo
938 1700 975 1736 R.
1004 1701 1039 1735 P.
1069 1711 1143 1736 esse
1177 1706 1440 1736 reservatam».
1479 1702 1513 1737 ld
1552 1707 1670 1738 tamen
1704 1702 1831 1738 intelli-

199 1761 352 1806 gendum
379 1771 459 1796 cum
485 1760 716 1796 restrictione.
749 1759 837 1795 Cum
870 1758 1065 1795 Concilium
1094 1759 1256 1805 loquatur
1281 1760 1393 1795 solum
1420 1760 1463 1796 de
1490 1760 1633 1806 privatis
1659 1760 1830 1803 domibus,

201 1821 345 1865 eiusque
371 1820 487 1860 verba,
517 1823 634 1865 utpote
657 1818 855 1854 restrictiva
884 1818 1064 1865 potestatis
1102 1817 1363 1864 Episcoporum,
1404 1819 1475 1853 sint
1507 1819 1624 1855 stricte
1664 1819 1832 1866 interpre-

203 1878 320 1919 tanda,
351 1879 523 1924 sequitur:
552 1900 595 1903 —
626 1877 677 1912 I.⁰
707 1878 754 1913 uti
783 1876 819 1913 S.
849 1876 888 1913 C.
918 1877 953 1913 C.
981 1888 1040 1913 an.
1074 1876 1161 1912 1623
1200 1877 1443 1913 declaravit2:
1489 1892 1504 1911 (ι
1526 1878 1742 1924 Proindeque
1780 1890 1832 1914 ea-

204 1937 311 1983 pellas
336 1942 369 1973 et
396 1936 555 1973 Oratoria
583 1937 625 1972 ad
654 1936 901 1983 Episcoporum
931 1948 1032 1971 usum
1059 1936 1190 1982 ubique
1216 1936 1368 1972 locorum
1395 1941 1549 1972 extructa
1577 1937 1723 1973 minime
1741 1948 1831 1973 com-

204 1996 370 2041 prehendi
398 1996 434 2030 in
463 1995 696 2042 prohibitione
724 1994 843 2031 Const.
874 1995 971 2030 iussu
999 2007 1026 2029 s.
1057 2006 1103 2030 m.
1135 1995 1230 2030 Pauli
1258 1994 1287 2028 V
1314 1995 1521 2042 iampridem
1549 1996 1641 2031 edita
1680 1996 1721 2032 de
1758 2007 1830 2032 non

202 2055 410 2090 celebrando
437 2055 473 2089 in
502 2054 646 2100 privatis
673 2052 894 2096 Oratoriis»,
924 2058 962 2089 ut
988 2064 1103 2100 supra.

321 2113 375 2148 ⁶29
405 2113 589 2159 Episcopos
616 2124 840 2149 conservasse
867 2117 1071 2159 potestatem
1099 2113 1321 2159 permittendi
1350 2113 1474 2149 Missae
1500 2113 1768 2149 celebrationem
1795 2114 1830 2148 in

203 2172 361 2207 oratoriis
389 2172 557 2207 domuum
587 2183 655 2207 non
686 2172 915 2218 privatarum,
944 2182 1004 2207 seu
1030 2171 1292 2217 semipublicis3
1321 2172 1411 2217 quod
1439 2172 1584 2208 indubie
1609 2172 1776 2208 asseritur
1794 2174 1831 2207 in

205 2229 305 2266 Dec.⁰
333 2229 368 2266 S.
399 2230 527 2275 Congr.
560 2230 701 2265 Rituum
723 2231 765 2265 de
790 2230 949 2266 oratoriis
977 2230 1188 2265 huiusmodi.

297 2288 368 2324 Hoc
393 2293 466 2324 erat
492 2289 546 2324 ius
574 2289 784 2335 praecedens
810 2287 984 2330 Codicem,
1013 2288 1166 2324 Decretis
1193 2289 1439 2335 posterioribus
1467 2289 1518 2325 vel
1552 2289 1742 2335 privilegiis
1779 2301 1834 2325 ex-

206 2348 370 2394 plicatum
398 2358 437 2382 ac
464 2347 666 2389 limitatum,
695 2348 794 2383 cuius
822 2348 1063 2383 fulcimentum
1093 2351 1242 2393 praestat
1268 2348 1426 2383 doctrina
1455 2347 1493 2382 D.
1522 2348 1675 2384 Thomae
1694 2349 1725 2382 3:
1758 2349 1830 2383 «in

203 2406 258 2441 bis
284 2417 372 2451 quae
398 2406 627 2441 circumstant
653 2407 717 2442 hoc
743 2411 1002 2442 sacramentum
1028 2406 1096 2441 duo
1121 2406 1407 2441 considerantur:
1434 2418 1583 2452 quorum
1610 2418 1722 2442 unum
1754 2418 1830 2453 per—

203 2464 291 2499 tinet
317 2464 359 2499 ad
386 2465 744 2510 repraesentationem
770 2475 888 2500 eorum
918 2475 1006 2511 quae
1031 2464 1123 2499 cirea
1147 2464 1360 2500 dominicam
1388 2465 1584 2511 passionem
1611 2470 1693 2501 sunt
1730 2470 1827 2502 acta:

203 2521 297 2557 aliud
323 2527 441 2558 autem
469 2522 617 2568 pertinet
642 2523 685 2558 ad
712 2523 941 2559 reverentiam
961 2523 1066 2558 huius
1084 2523 1305 2566 sacramenti,
1320 2524 1357 2558 in
1376 2535 1443 2570 quo
1463 2522 1621 2560 Christus
1634 2524 1828 2560 secundum

205 2581 383 2616 veritatem
411 2581 620 2623 continetur,
649 2586 682 2617 et
708 2593 778 2617 non
805 2583 918 2617 solum
945 2581 982 2616 in
1011 2581 1131 2626 figura.
1155 2581 1250 2617 Unde
1269 2586 1301 2617 et
1318 2583 1596 2618 consecrationes
1614 2582 1827 2618 adhibentur

204 2639 258 2674 his
284 2639 387 2675 rebus
414 2651 501 2685 quae
529 2640 674 2675 veniunt
701 2641 737 2674 in
765 2652 867 2676 usum
894 2641 998 2676 huius
1023 2641 1245 2682 sacramenti,
1271 2646 1345 2676 tum
1375 2645 1510 2688 propter
1536 2641 1744 2677 sacramenti
1777 2652 1828 2677 re-

204 2697 409 2743 verentiam,
438 2702 511 2733 tum
537 2698 580 2733 ad
607 2700 943 2744 repraesentandum
969 2698 1127 2734 effectum
1147 2699 1342 2735 sanctitatis
1361 2711 1449 2746 quae
1463 2711 1501 2736 ex
1522 2700 1682 2746 passione
1699 2698 1827 2736 Christi

203 2757 374 2802 provenit,
402 2757 595 2792 secundum
623 2757 709 2792 illud
727 2759 761 2792 4:
791 2757 883 2793 lesus
909 2762 947 2793 ut
965 2757 1198 2794 sanctificaret
1217 2768 1276 2804 per
1294 2770 1397 2794 suum
1417 2759 1627 2804 sanguinem
1644 2758 1822 2805 populum,

323 2863 405 2897 125
444 2862 528 2898 Oct.
571 2863 674 2897 1615.
718 2884 758 2888 —
799 2864 813 2885 2
850 2863 996 2898 Bened.
1036 2862 1127 2897 XIV
1166 2863 1222 2897 De
1260 2863 1388 2898 sacrif.
1430 2864 1584 2906 Missae,
1623 2864 1709 2898 Lib.
1749 2864 1821 2898 III.

204 2909 294 2954 Cap.
325 2909 390 2943 VI.
418 2910 451 2943 2.
483 2929 526 2935 —
551 2910 566 2932 3
591 2910 633 2944 3a
659 2910 702 2944 P.
732 2922 766 2955 q.
798 2910 1024 2951 LXXXIII,
1052 2917 1124 2944 art.
1154 2910 1176 2944 3
1202 2922 1303 2956 corp.
1334 2932 1377 2936 —
1402 2913 1416 2934 4
1442 2911 1562 2946 Hebr.
1592 2912 1666 2946 ul‘c.
1698 2912 1753 2945 12.
