1971 3261
121 139 191 173 300
523 136 606 170 Liss.
637 135 704 169 ΙΙΙ.
730 155 742 161 -
769 134 878 168 PARS
905 133 933 168 I.
959 153 972 158 —
998 133 1055 167 De
1080 132 1345 168 Sam-amentis
1560 130 1654 166 Fan.
1680 130 1754 165 915

122 257 173 300 de
208 260 439 313 praecepto,
477 254 539 297 vel
573 254 711 310 aliquo
755 252 835 296 alio
879 253 1195 308 praecipuorum
1242 262 1462 306 suppresso
1508 250 1748 306 praesertim

123 327 288 386 qnando
322 329 360 369 in
395 326 646 369 dominicam
681 324 789 366 diem
825 321 1070 366 111611161114.

240 398 335 440 218.
372 397 659 442 Benedictio
692 395 891 451 papalis
924 408 955 438 a
987 394 1299 449 regularibus
1332 393 1675 448 impertienda.
1698 416 1758 420 —

124 469 222 513 Van.
247 471 347 511 915.
376 466 613 523 3691116113,
652 478 825 520 nempe:
866 480 887 504 ((
910 466 979 521 qui
1019 468 1111 506 vota
1145 466 1440 518 nuncuparunt
1473 464 1511 503 111
1546 458 1751 505 Ordine»

121 542 228 597 (6311.
263 540 360 589 488,
395 537 473 595 70),
506 537 578 595 qui
612 539 781 592 insuper
813 536 852 591 a)
881 534 1153 592 privileyimn
1186 534 1343 577 directe
1388 535 1569 589 ipsorum
1605 529 1755 576 Ordini

121 623 362 655 concessum
413 608 462 651 ad
500 620 685 651 normam
721 619 812 652 can.
849 605 946 661 613,
981 608 1005 658 ξ
1041 605 1058 647 1
1098 603 1247 647 haben!
1287 602 1557 661 impertiendi
1590 601 1752 646 benedi-

122 682 296 724 ctionem
329 678 539 737 papalem,
574 690 680 735 qnae
729 676 927 729 clausula,
963 689 1013 718 ne
1059 674 1213 717 inutilis
1255 677 1320 730 sit,
1353 676 1546 730 supponit
1590 673 1626 716 id
1673 686 1750 716 non

123 751 315 795 omnibus
349 749 610 806 regularibus
642 753 892 804 competere,
914 746 956 801 b)
991 759 1069 789 non
1104 744 1238 788 soleam
1271 744 1527 802 obliyalione
1560 749 1758 786 tenentur

122 820 319 865 servandi
350 819 581 878 formulam
610 818 922 877 praescriptam
956 819 1014 860 eis
1049 815 1299 873 peculiarem
1327 828 1398 871 per
1421 814 1571 857 Bened.
1596 813 1687 857 xlv
1713 816 1750 856 111

124 893 196 936 litt.
216 892 376 948 encycl.
405 907 423 931 1<
450 890 661 946 Exemplis
697 889 1062 946 praedecessorum
1090 903 1109 928 ›)
1133 885 1148 908 ²
1184 889 1221 929 in
1256 885 1406 943 quibus
1441 885 1535 928 licet
1567 885 1752 928 intendat

125 963 407 1020 praescribere
453 964 572 1004 ritum
609 965 647 1004 et
682 959 898 1003 t'ornuilam
946 972 965 1001 a
1010 956 1271 1014 regularibus
1315 956 1580 1006 servandam,
1616 961 1753 999 tamen

123 1035 304 1092 loquitur
347 1034 574 1089 generatim
611 1032 660 1074 de
696 1030 902 1084 laenitate,
935 1043 1057 1087 quam
1099 1027 1278 1072 habeant
1310 1026 1519 1083 simplices
1551 1027 1752 1070 Sacerdo-

122 1111 192 1158 tes,
219 1104 327 1148 nulla
364 1105 467 1147 sacta
503 1103 767 1146 distinctione
801 1103 906 1144 inter
939 1099 1173 1143 saeculares
1206 1103 1244 1141 et
1280 1097 1505 1154 regulares
1529 1097 1652 1140 dandi
1690 1097 1757 1141 be-

123 1177 413 1225 nedictionem,
439 1178 477 1217 et
502 1178 716 1230 postquam
752 1172 1041 1215 observaverit.
1074 1169 1180 1213 113116
1215 1168 1542 1212 benedictionem
1578 1182 1656 1211 non
1684 1171 1752 1211 im—

124 1249 263 1304 pertiri
298 1248 373 1288 nisi
401 1248 488 1288 iure
512 1244 717 1300 delegato,
741 1248 781 1286 et
803 1242 853 1285 ad
879 1254 969 1285 eam
995 1240 1287 1297 peragendam,
1315 1244 1358 1282 ut
1380 1242 1436 1282 ait
1460 1241 1574 1281 initio
1599 1238 1756 1295 Bullac,¹

124 1318 280 1361 nullum
315 1330 497 1374 unquam
535 1318 657 1359 ritum
695 1311 995 1371 praescriptum
1034 1314 1173 1364 fnisse,
1200 1313 1486 1368 prosequitur:
1514 1310 1750 1354 «Nostrum

123 1394 183 1432 est
216 1391 382 1431 omnino
418 1390 541 1430 ritum
578 1385 878 1443 praescribere,
903 1397 1025 1442 quem
1063 1385 1233 1426 interius
1268 1395 1339 1437 pro
1374 1394 1515 1424 norma
1552 1384 1589 1424 in
1626 1385 1757 1438 poste-

126 1473 214 1503 rum
249 1459 454 1503 servanda
503 1457 786 1507 subiiciemus,
822 1469 903 1513 quo
945 1468 1043 1497 sanc
1089 1456 1143 1496 1111
1187 1453 1377 1496 volumus
1410 1465 1457 1495 ac
1490 1452 1756 1495 decernimus

124 1544 193 1574 eos
225 1528 405 1574 Ordines
438 1528 682 1584 Regulares,
716 1532 792 1570 616.
814 1544 834 1566 n
878 1552 933 1556 —-
968 1525 1078 1568 Haec
1113 1524 1286 1567 formula
1326 1525 1400 1566 «si
1445 1522 1628 1566 adhibita
1672 1536 1752 1566 non

125 1602 247 1645 fuerit
270 1617 308 1648 )),
336 1600 570 1644 benedictio
607 1598 763 1655 papalis
795 1610 816 1640 a
852 1596 1113 1653 regularibus
1147 1598 1353 1651 impertita
1384 1593 1610 1637 «invalida
1644 1598 1704 1637 est
1726 1609 1753 1634 »v

124 1673 232 1730 (can.
270 1672 395 1724 1148,
430 1674 454 1725 ξ
487 1670 545 1727 2),
580 1669 653 1713 secl
687 1669 761 1712 hoe
790 1667 1016 1726 privileyio
1052 1667 1114 1709 uli
1148 1671 1367 1724 nequeunt,
1403 1665 1527 1709 idest:
1567 1680 1589 1706 «
1611 1667 1751 1722 aequi-

127 1744 311 1787 valenter
344 1745 537 1788 statuitur
559 1757 580 1782 »
611 1741 717 1783 illius
752 1739 957 1796 privilegii
995 1739 1166 1781 limitata
1201 1736 1387 1789 facultas,
1406 1735 1446 1792 c)
1472 1735 1556 1778 nisi
1589 1735 1631 1778 111
1665 1735 1758 1778 sm's

124 1813 325 1866 eeclesiis,
357 1812 536 1856 scilicet:
573 1825 678 1868 qnae
711 1813 790 1854 sint
824 1823 967 1853 eorum
1014 1810 1204 1864 propriae
1237 1820 1285 1851 ac
1318 1810 1620 1863 consequenter
1658 1821 1677 1846 (1
1701 1805 1755 1849 ab

123 1882 333 1929 Ordinarii
373 1883 448 1927 loci
498 1883 782 1926 iurisdictione
829 1884 1091 1936 exemptae»
1140 1879 1247 1934 (can.
1284 1876 1400 1934 615),
1435 1879 1524 1920 sive
1566 1876 1757 1919 adnexae

124 1956 263 1998 domni
315 1954 493 2010 regulari
528 1956 617 1996 sive
650 1952 701 1996 ab
735 1952 812 1995 1136
845 1951 1089 2005 disiunctae,
1124 1955 1162 1992 et
1197 1949 1237 1991 111
1272 1947 1457 1991 ecelesiis
1489 1946 1756 2001 monialium,

129 2032 254 2069 «tam
290 2023 452 2079 Ordini,
487 2038 611 2082 quam
646 2021 872 2067 Ordinario
908 2021 1090 2065 locorum
1126 2020 1408 2063 subiectarum
1434 2034 1472 2073 11,
1493 2031 1586 2061 611111
1621 2030 1753 2061 canon

244 2179 255 2200 1
283 2177 475 2212 Omnibus
509 2176 676 2210 Vicariis
710 2179 749 2209 et
785 2173 997 2208 Praefectis
1027 2172 1267 2217 Apostolicis
1304 2182 1372 2216 per
1408 2181 1543 2204 omnes
1581 2171 1753 2215 quinque

127 2225 163 2259 S.
195 2225 351 2270 Congr.S
379 2225 425 2258 de
453 2225 565 2268 Prop.
596 2223 690 2256 Fide
715 2221 905 2256 formulas
930 2221 1145 2265 ampliatur
1171 2218 1297 2264 quoad
1335 2218 1417 2252 dies
1455 2217 1554 2251 haec
1587 2217 1754 2252 facultas

125 2280 217 2317 seq.S
246 2272 393 2306 verbis:
422 2288 434 2301 «
455 2269 727 2316 Impertiendi‚
747 2273 903 2314 praeter
928 2268 1218 2302 concessionem
1246 2269 1328 2310 (pro
1354 2276 1434 2299 uno
1462 2265 1523 2298 die
1549 2275 1667 2309 supra
1692 2265 1753 2299 de-

126 2320 323 2364 claratam)
355 2320 399 2353 de
426 2330 503 2364 qua
537 2318 577 2351 in
612 2318 705 2352 Can.
735 2317 818 2360 914,
843 2320 903 2349 ter
929 2314 1084 2359 (adhuc)
1114 2315 1154 2347 in
1181 2325 1283 2347 anno
1310 2314 1348 2355 a)
1376 2313 1417 2345 in
1452 2312 1754 2346 solemnioribus

126 2366 238 2401 festis
268 2367 393 2411 (iuxta
423 2365 727 2400 declarationem
753 2363 799 2397 de
832 2378 845 2390 e
866 2361 1183 2397 sollemnioribus
1222 2359 1413 2402 diebus»)
1440 2359 1753 2394 Benedz‘ctz‘onem

126 2415 313 2459 Papalem
339 2415 375 2457 b)
402 2414 514 2447 iuxta
547 2413 828 2457 praescriptam
865 2409 1073 2444 formulam
1099 2420 1186 2443 cum
1215 2407 1467 2452 indulgentia
1502 2406 1680 2450 plenaria
1705 2409 1753 2440 ab

125 2461 173 2495 iis
199 2461 398 2500 lucranda,
426 2461 494 2505 qui
523 2459 786 2504 (conditiones
813 2469 880 2502 pro
907 2456 1153 2502 quibuslibet
1192 2453 1455 2498 indulgentiis
1482 2453 1671 2497 plenariis
1701 2466 1751 2488 re-

124 2508 293 2553 quisitas
322 2507 586 2550 impleverint,
616 2506 837 2548 Videlicet):
867 2516 957 2539 vere
984 2504 1234 2548 poenitentes
1261 2500 1427 2535 confessi
1455 2504 1495 2534 et
1521 2512 1550 2534 s.
1578 2499 1753 2534 Commu-

125 2556 242 2589 nione
267 2555 357 2595 (iam
386 2555 508 2599 prius,
538 2566 581 2588 eo
608 2553 709 2598 quod
737 2553 897 2595 dicitur)
924 2550 1059 2585 refecti
1097 2550 1223 2584 eidem
1249 2548 1527 2582 Benedictioni
1567 2547 1753 2582 interfue-

124 2603 207 2636 rint
233 2602 370 2644 (idestz
400 2601 601 2635 moraliter
627 2600 759 2634 adsint
778 2600 815 2633 in
838 2599 921 2633 loco
947 2597 1264 2640 benedictionis),
1283 2596 1487 2639 Deumque
1507 2605 1575 2639 pro
1597 2606 1625 2628 s.
1643 2595 1754 2629 F³dei

122 2650 403 2694 propagatione
434 2648 680 2694 (specialiter)
711 2655 750 2681 et
778 2648 891 2680 iuxta
916 2652 1088 2679 mentem
1116 2644 1266 2678 Summi
1295 2641 1502 2676 Pontificis
1524 2642 1638 2686 *quod
1666 2642 1754 2676 sub-

125 2697 370 2741 intelligitur
388 2707 435 2730 ex
455 2695 679 2729 intentione
699 2693 877 2728 lucrandi
904 2693 1142 2737 praedictam
1168 2690 1474 2735 indulgentiam)
1495 2689 1700 2723 oraverint
1720 2703 1752 2726 »‚

124 2744 234 2778 Circa
272 2743 373 2788 quod
411 2743 622 2776 adnotetur
662 2741 947 2786 praescriptum
986 2751 1070 2773 can.
1100 2739 1182 2779 934,
1212 2742 1230 2779 ξ
1259 2739 1297 2771 1;
1331 2736 1553 2770 «mentalis
1591 2739 1751 2770 tantum

123 2791 249 2824 oratio
276 2801 354 2824 non
379 2788 545 2830 sufficit3
574 2790 700 2823 oratio
719 2794 850 2822 autem
869 2787 1016 2821 vocalis
1036 2786 1184 2831 poterit
1203 2784 1365 2818 arbitrio
1384 2783 1562 2817 fidelium
1589 2782 1711 2828 deligi
1734 2800 1747 2815 ‚2

123 2850 166 2872 ac
193 2848 296 2872 certe
323 2836 470 2871 sufficit
496 2836 706 2881 quinquies
733 2836 897 2869 recitare
923 2835 1053 2877 Pater,
1082 2834 1158 2867 Ave
1184 2837 1223 2866 et
1253 2831 1403 2866 Gloria.

243 2885 257 2906 ²
285 2887 327 2918 111
354 2885 469 2918 Mart.
502 2884 607 2917 1748.
