1971 3261
119 153 216 190 can.
243 152 402 187 Sea-863
506 152 590 186 Ti‘r.
619 152 690 186 III.
722 172 733 178 -
760 153 816 187 De
842 156 1091 188 sanctissima
1120 155 1371 189 Ezcclzctrislia
1685 156 1750 190 199

120 270 320 306 Mutinen.¹
348 269 494 305 babetur
522 269 605 304 Dub.
635 269 658 304 Ι.
692 284 706 301 α
733 270 850 313 Quum
877 281 915 305 ex
945 270 1093 306 ltuhrica
1122 271 1192 307 Fer.
1219 270 1243 305 V
1264 272 1298 306 in
1327 271 1441 307 (Jocna
1473 271 1608 307 Domini
1639 277 1751 319 pateat

118 339 244 365 omnes
269 328 309 364 de
336 327 436 364 Clero
462 328 556 363 dicta
583 328 639 364 die
665 328 960 364 Communioncm
1001 341 1136 365 sumere
1162 331 1287 365 debere
1313 331 1353 366 de
1381 342 1486 366 manu
1519 331 1752 373 Celebrantis,

125 387 356 424 nihilominus
384 387 546 422 nonnulli
577 386 780 423 Sacerdotes
809 399 878 423 non
907 388 1067 422 dubitant
1103 400 1255 425 asserere
1282 390 1365 424 haec.
1393 401 1470 425 rei-0
1496 390 1587 425 dicta
1613 401 1686 426 esse
1711 391 1754 425 ob

124 458 260 484 merum
287 446 487 489 consilium,
517 457 588 481 non
618 457 697 482 vero
725 447 765 481 de
796 452 995 492 praecepto:
1024 448 1104 482 hinc
1123 448 1321 493 quaeritur:
1352 451 1403 483 An
1433 460 1549 484 revera
1575 460 1696 484 omnes
1714 449 1755 484 dc

123 506 226 543 Clero
252 506 481 541 inservientes
509 505 636 540 Missae
665 505 872 547 Pontificali,
898 511 929 541 et
961 508 1160 552 praesertim
1189 508 1402 544 sacerdotes.
1442 508 1581 543 lliaconi
1610 513 1641 543 et
1668 508 1755 543 Sub-

125 565 263 602 diaconi
291 575 468 600 sacrorum
497 562 664 600 Oleorum
692 565 946 600 consecrationi
966 566 1182 607 assistentes,
1205 571 1390 602 teneantur
1409 567 1442 601 S.
1463 567 1755 602 (jommuniouem

124 634 265 660 sumere
289 624 331 660 de
358 634 466 658 manu
493 621 712 658 Celebrantis
727 622 788 657 2...
835 624 886 658 Ad
920 624 948 657 1.
980 625 1217 669 Atlirmative;
1246 630 1277 660 et
1306 625 1372 660 iam
1404 626 1576 671 provisum
1606 637 1664 672 per
1690 627 1756 662 (je-

128 683 245 719 nerale
288 682 470 718 Decretum
510 681 577 717 diei
622 681 663 716 1³2
703 682 799 728 Sept.
844 681 934 716 1714}
973 688 1003 717 et
1046 695 1104 729 per
1144 683 1219 719 Dec.
1260 684 1293 718 in
1335 685 1561 729 Seguntina»
1611 685 1754 721 citatum

126 746 245 777 antea.

249 801 430 836 Decretum
458 800 623 846 generale
663 800 878 846 praedictum
919 802 970 844 (n.
1000 799 1105 843 224⁰)
1141 802 1320 846 sequentis
1361 802 1490 837 tenoris
1516 807 1580 842 est,
1616 803 1657 837 ad
1686 813 1755 838 rem

125 861 222 908 quod
248 860 394 896 attinet:
428 864 579 895 «tamen
605 859 775 904 antiquus
804 871 876 895 mos
903 860 1170 895 Communionis
1197 861 1286 896 Cleri
1320 861 1354 895 in
1384 861 1485 895 Missa
1513 862 1656 896 solemni
1685 862 1759 896 eius

124 920 206 957 diei.
235 930 303 966 quo
331 919 485 954 Ecclesia
526 918 647 954 Ssmae
686 917 924 954 Eucharistiae
951 918 1166 954 Sacramenti
1211 920 1466 955 institutionem
1497 925 1527 955 et
1557 920 1758 955 memoriam

130 979 265 1020 recolit,
294 989 433 1014 summa
461 977 631 1023 religione
657 977 826 1012 hactenus
853 977 1068 1019 observatus,
1092 978 1186 1013 nullo
1205 979 1306 1013 modo
1332 979 1559 1014 omittatur».
1591 979 1635 1014 Ex
1661 979 1762 1014 dictis

126 1038 264 1075 eruitur
289 1042 382 1074 certo
412 1037 443 1072 id
473 1036 687 1072 servandum
727 1047 768 1071 ex
798 1041 978 1082 praecepto
1016 1037 1058 1071 ab
1087 1037 1140 1071 his
1167 1037 1224 1083 qui
1253 1042 1335 1072 sunt
1361 1038 1401 1072 de
1436 1039 1566 1082 gremio
1595 1038 1761 1074 Ecclesiae

124 1096 359 1133 cathedralis:
398 1097 468 1132 imo
495 1095 528 1130 id
555 1100 715 1131 asserunt
755 1100 847 1131 certo
872 1096 913 1130 de
952 1095 1150 1140 (lollegiatis
1187 1096 1273 1132 inter
1306 1096 1392 1131 alios
1434 1097 1558 1132 Bened.
1591 1097 1692 1132 xiv?
1730 1102 1761 1133 et

132 1155 262 1192 Wernz
276 1156 303 1200 3,
331 1156 374 1191 de
399 1155 559 1191 ecclesiis
586 1165 724 1200 quoqne
751 1154 786 1188 in
814 1154 942 1200 quibus
968 1155 1079 1189 officia
1106 1155 1344 1190 hebdomadae
1378 1161 1518 1191 sanctae
1544 1156 1763 1191 celebrantur

125 1215 280 1251 affirmat
306 1225 442 1261 quoque
468 1218 552 1249 ante
579 1212 716 1249 Codicis
744 1213 1015 1259 publicationem
1043 1213 1143 1248 elarS.
1173 1213 1276 1257 Card.
1308 1214 1471 1260 (jasparri
1492 1216 1517 1248 ³.

253 1304 350 1348 18⁶2.
377 1305 450 1350 De
481 1305 823 1350 communione
855 1304 1100 1360 frequenti
1133 1307 1182 1349 et
1205 1306 1510 1360 quotidiana.
1541 1330 1591 1335 —
1618 1320 1639 1344 «
1662 1304 1761 1347 Cum

132 1377 400 1433 perspicuum
422 1378 473 1418 sit
493 1375 569 1432 (ait
586 1374 624 1419 S.
640 1373 758 1429 GC.)
777 1387 826 1417 ex
850 1376 1053 1431 frequenti
1073 1387 1145 1417 seu
1165 1375 1404 1431 quotidiana
1424 1376 1462 1419 S.
1483 1374 1765 1418 Eucharistiae

130 1449 369 1504 sumptione
404 1449 602 1490 unionem
635 1459 730 1489 cum
765 1444 928 1489 Christo
961 1446 1119 1501 augeri,
1154 1444 1410 1501 spiritualem
1450 1448 1574 1488 vitam
1601 1445 1768 1488 uberius

130 1517 204 1574 ali,
239 1520 421 1562 animam
452 1517 676 1561 virtutibus
709 1517 881 1561 eflusius
923 1518 1083 1572 instrui,
1117 1520 1155 1559 et
1178 1521 1371 1560 aeternae
1394 1516 1598 1560 felicitatis
1622 1519 1768 1573 pignus

138 1588 202 1633 vel
241 1589 403 1632 firmius
449 1591 629 1632 sumenti
679 1587 840 1642 donari,
892 1587 1107 1641 idcirco»,
1142 1592 1184 1630 ut
1227 1589 1283 1630 ait
1330 1587 1463 1630 eidein
1514 1588 1769 1630 concordans

132 1674 228 1706 can.
260 1661 368 1704 863.
405 1659 660 1703 Eoeciteiz.tzct·
682 1658 825 1716 fideles
849 1657 1027 1717 (populi)
1058 1657 1256 1701 «crebris
1280 1658 1630 1701 admonitionibus
1666 1657 1766 1701 mul-

136 1735 261 1790 toque
293 1731 488 1785 Studio»,
522 1731 593 1774 sed
630 1730 696 1774 hic
733 1730 879 1773 modus
913 1742 991 1771 non
1027 1734 1087 1772 est
1120 1742 1229 1772 nunc
1264 1731 1558 1785 praescriptus,
1606 1742 1666 1772 «a
1701 1741 1768 1785 pa-

136 1801 288 1853 rochis,
321 1803 584 1846 confessariis
616 1806 655 1845 et
689 1800 1115 1849 concionatoribus»,
1152 1805 1195 1842 ecl
1227 1799 1486 1857 frequenter,
1510 1799 1635 1842 eliam
1669 1813 1767 1856 quo-

137 1871 257 1928 tidie,
287 1886 399 1931 pane
430 1871 728 1916 Eucharistieo
761 1871 1023 1928 reficiantur,
1059 1871 1183 1928 idque
1222 1875 1558 1926 «promoveatur
1581 1873 1704 1913 etiam
1730 1872 1768 1912 in

140 1943 343 2001 religiosis
378 1946 573 1987 institutis
605 1945 792 1988 cuiusvis
824 1945 1001 1999 generis,
1038 1947 1075 1985 et
1111 1944 1148 1984 in
1183 1941 1431 1985 clericorum
1468 1942 1772 1995 Seminariis»,

135 2017 333 2074 quamvis
380 2015 431 2059 de
464 2015 528 2058 his
564 2014 794 2071 peculiares
842 2027 1021 2057 canones
1054 2012 1290 2069 loquantur,
1334 2012 1390 2054 ad
1427 2025 1598 2054 normas
1632 2011 1673 2054 in
1708 2010 1773 2054 de-

138 2085 268 2128 cretis
300 2085 569 2144 Apostolicae
603 2084 724 2129 Sedis
760 2083 969 2132 traditas;
1005 2082 1216 2126 videlicet:
1250 2095 1434 2125 errorem
1461 2081 1526 2125 hic
1551 2084 1683 2138 primo
1706 2093 1771 2125 ca-

144 2155 323 2200 vendum
362 2158 584 2199 memorari
626 2159 787 2213 oportet
824 2169 872 2198 ex
910 2153 1024 2197 Dec0.
1062 2153 1286 2195 lnnocentii
1322 2150 1432 2194 xt⁵:
1473 2152 1637 2194 «Porro
1672 2151 1768 2207 Epi-

137 2229 255 2284 scopi
288 2232 328 2271 et
361 2227 531 2284 parochi
564 2241 635 2271 seu
671 2227 913 2270 confessarii
960 2224 1213 2280 redarguant
1245 2227 1488 2276 asserentes,
1523 2225 1775 2266 communio-

142 2311 236 2342 nem
270 2298 555 2356 quotidianam
589 2311 678 2341 esse
712 2297 762 2340 de
798 2299 886 2340 iure
919 2296 1120 2339 divino».

260 2398 424 2433 Attamen
451 2398 494 2434 ad
520 2398 618 2433 illam
646 2398 699 2432 ius
728 2397 857 2432 habent
880 2395 1009 2435 fideles
1032 2395 1127 2429 iuxta
1148 2398 1361 2440 postremum
1381 2405 1421 2429 ac
1440 2394 1560 2438 vigens
1581 2404 1620 2429 ex
1642 2404 1775 2428 canone

145 2456 224 2492 Dec.
252 2455 289 2492 S.
311 2455 350 2492 C.
375 2456 414 2492 C.
449 2471 463 2489 «
481 2456 587 2492 Sacra
613 2456 823 2492 Tridentina
851 2453 1044 2501 Synodus»
1064 2453 1091 2494 ⁶,
1125 2453 1204 2487 «ita
1233 2457 1270 2487 ut
1298 2463 1413 2494 meno,
1443 2452 1501 2498 qui
1530 2452 1564 2486 in
1591 2456 1681 2487 statu
1699 2462 1775 2496 gra-

142 2515 213 2551 tiae
237 2515 282 2550 sit
307 2520 342 2551 et
370 2526 450 2551 cum
488 2520 581 2552 recta
610 2515 736 2562 piaque
773 2518 888 2549 mente
913 2513 955 2548 ad
996 2512 1031 2545 S.
1063 2511 1218 2546 Mensam
1256 2511 1411 2551 accedat,
1454 2510 1624 2556 prohiberi
1666 2510 1710 2545 ab
1737 2521 1775 2545 ca

147 2574 266 2620 possit.
294 2574 332 2609 '2⁰
361 2573 463 2610 Recta
490 2579 607 2610 autem
636 2584 736 2609 mens
755 2573 790 2607 in
811 2583 849 2608 eo
868 2577 930 2613 est,
949 2576 1026 2606 ut...
1058 2581 1127 2605 non
1148 2570 1238 2610 usui,
1256 2574 1315 2605 aut
1337 2569 1497 2611 vanitati,
1526 2574 1583 2604 aut
1614 2569 1776 2604 humanis

144 2633 342 2670 rationibus
383 2633 576 2679 indulgeat,
605 2634 663 2668 sed
692 2632 749 2668 Dei
779 2632 905 2678 placito
932 2630 1131 2665 satisfacere
1168 2629 1263 2670 velit,
1291 2628 1320 2664 ei
1347 2629 1478 2664 arctius
1504 2628 1671 2663 charitate
1697 2639 1775 2663 con-

146 2692 260 2738 iungi,
299 2704 339 2729 ac
365 2693 488 2729 divino
526 2693 585 2728 illo
625 2693 812 2739 pharmaco
849 2691 922 2725 suis
962 2688 1226 2724 infirmitatibus
1259 2699 1298 2724 ac
1349 2688 1541 2723 defectibus
1585 2697 1774 2722 occurrere.

265 2813 276 2835 1
303 2812 349 2846 ‘23
378 2813 484 2857 Sept.
510 2813 612 2852 1537,
635 2822 673 2844 n.
694 2811 801 2846 2769.
833 2830 870 2835 —
901 2810 914 2831 '2
933 2809 1031 2843 Inst.
1053 2808 1189 2842 eccles.
1220 2806 1337 2842 XLV.
1369 2818 1406 2839 n.
1440 2806 1493 2839 10.
1527 2826 1565 2830 —
1594 2806 1607 2826 ³
1626 2805 1691 2838 Ius
1710 2804 1776 2838 De-

144 2861 367 2895 cretalium.
399 2861 506 2895 Tom.
535 2860 609 2902 ΠΙ,
638 2869 676 2892 n.
707 2859 775 2893 740
802 2862 896 2891 nota
923 2858 1010 2898 (54).
1041 2855 1110 2889 Ed.
1151 2858 1181 2889 1.
1224 2874 1265 2879 —
1305 2856 1318 2875 ⁴
1357 2853 1484 2887 Traet.
1515 2852 1559 2886 de
1588 2852 1675 2885 Sn‘ia
1702 2852 1778 2885 Eu-

144 2907 346 2948 charistia,
373 2920 411 2942 n.
443 2907 546 2942 1159.
577 2927 619 2932 ——
649 2906 662 2927 5
690 2906 733 2939 12
761 2905 872 2939 Febr.
906 2904 1004 2937 liiii).
1033 2923 1075 2928 —
1102 2903 1116 2923 ’ἶ
1142 2904 1188 2935 20
1214 2901 1306 2935 Dec.
1344 2901 1445 2934 1905.
