1971 3261
571 179 697 204 INDEX
724 178 917 205 CANONUM
944 179 994 204 ΕΤ
1022 179 1305 205 COMMENTARH

118 344 346 379 Facultates
372 345 617 380 Vicariorum
643 357 688 380 ac
714 345 1006 380 Praefectorum
1034 346 1349 392 Apostolicorum
1383 347 1497 382 adne-

216 404 350 438 ctendi
377 405 653 450 indulgentias
711 433 718 440 .

117 462 181 497 An
208 463 552 509 indulgentiarum
579 464 850 499 concessiones
876 476 920 499 ac
945 464 1102 499 decreta
1141 466 1262 500 etiam
1296 466 1498 512 generalia

215 522 261 556 de
289 523 385 567 ipsis
412 527 505 557 ante
532 523 712 558 Codicem
738 523 868 558 adhuc
894 525 1060 570 vigeant

119 581 370 616 Numismata
397 582 670 627 scapularibus
696 583 979 617 substituenda
1045 612 1050 618 .

514 699 615 733 AR'r.
645 699 698 734 ΙΙ.
726 699 783 734 De
811 701 1070 745 z‘nditlyentiz's
1096 702 1362 746 acquirendis.

117 780 295 816 Canones
322 781 492 815 925-936.

116 839 332 885 Inscriptio
359 840 520 874 articuli

116 898 321 933 canonum
350 899 607 934 coordinatio.

115 957 373 993 Conditiones
401 958 571 993 subiecti
597 959 645 993 ad
671 928 881 994 lucrandas
908 960 1107 1005 quaslibet
1135 960 1409 1005 indulgentias

116 1017 303 1052 Mensura
328 1029 396 1062 pro
422 1017 602 1052 subiecto
629 1018 922 1064 indulgentiam
948 1019 1166 1065 plenariam
1193 1019 1374 1053 lucrante

117 1075 310 1110 Subditus
336 1076 520 1121 Episcopi
549 1077 824 1122 indulgentias
851 1077 1106 1112 concedentis
1151 1104 1158 1112 .

113 1124 397 1180 Indulgentiae
423 1135 545 1170 semel
571 1140 643 1170 aut
668 1137 823 1181 saepius
850 1137 891 1171 in
919 1136 980 1171 die
1007 1136 1218 1171 lucrandae
1265 1164 1271 1170 .

114 1192 269 1227 Fideles
298 1194 340 1227 in
367 1195 568 1228 communi
596 1195 780 1229 viventes
807 1195 933 1240 quoad
960 1195 1161 1229 Ecclesiae
1187 1194 1462 1229 visitationem
1485 1222 1491 1228 .

112 1253 170 1286 De
195 1251 542 1298 indulgentiarum
568 1253 839 1298 applicatione

113 1311 171 1346 De
198 1310 446 1347 confessione
485 1324 529 1346 ac
568 1314 843 1347 communione
882 1313 929 1347 ad
968 1313 1244 1358 indulgentias
1281 1313 1494 1348 nonnullas

207 1370 418 1416 requisitis
711 1402 716 1406 .
975 1380 977 1382 ’

113 1429 172 1463 De
199 1430 543 1475 supererogatoria
568 1430 764 1475 qualitate
790 1431 919 1476 operis
946 1399 1215 1476 indulgentiis
1241 1431 1381 1465 ditati.

112 1488 169 1523 De
184 1488 386 1523 lucrandis
403 1489 586 1534 pluribus
605 1489 875 1535 indulgentiis
894 1490 1086 1524 localibus
1101 1490 1163 1524 vel
1178 1490 1352 1525 realibus
1366 1490 1493 1525 coexi-

207 1548 413 1582 stentibus

112 1606 170 1641 De
195 1607 376 1642 oratione
408 1618 476 1652 pro
504 1607 771 1653 indulgentiis
798 1609 980 1643 iniuncta
1041 1636 1047 1642 .

115 1666 173 1700 De
199 1666 355 1711 piorum
380 1678 541 1712 operum
568 1668 881 1703 commutatione
911 1668 959 1703 ab
985 1668 1155 1703 homine.

113 1725 170 1759 De
196 1725 455 1760 surdo-mutis
482 1725 610 1771 quoad
636 1726 795 1761 modum
821 1728 1022 1763 orationes
1048 1728 1240 1762 fundendi
1259 1755 1266 1762 .

804 1842 991 1879 TlTULUS
1019 1843 1058 1878 V.

692 1926 749 1960 De
776 1927 952 1961 extrema
981 1937 1003 1962 u
1012 1927 1187 1962 nctione.

112 2020 246 2055 Canon
273 2021 340 2055 937
363 2049 369 2055 .

108 2079 322 2125 Inscriptio
349 2080 462 2115 tituli
480 2108 487 2115 .

111 2139 231 2174 Notio
258 2141 498 2174 sacramenti
523 2144 722 2174 extremae
749 2141 953 2174 unctionis

109 2198 354 2233 Distributio
381 2199 496 2234 tituli
524 2199 564 2233 in
593 2199 725 2244 capita
750 2211 794 2233 ac
819 2210 956 2233 eorum
981 2199 1074 2234 ordo

417 2316 556 2352 CAPUT
583 2317 613 2351 I.
643 2338 689 2342 —
717 2317 769 2352 De
796 2316 978 2352 ministro
1004 2318 1204 2353 extremae
1230 2318 1438 2353 unctionis.

109 2397 286 2432 Canones
313 2398 483 2433 938-939.

110 2456 323 2502 Inscriptio
350 2457 494 2503 capitis
521 2462 561 2492 et
588 2470 759 2493 canones
785 2459 857 2494 sub
888 2471 934 2494 eo
960 2459 1154 2493 contenti.

109 2515 296 2550 Minister
322 2516 477 2551 validae
504 2528 548 2551 ac
574 2517 708 2552 licitae
735 2523 933 2553 extremae
959 2516 1164 2551 unctionis

110 2574 379 2620 Obligationis
412 2575 486 2610 hoc
512 2582 801 2611 sacramentum
828 2575 1083 2611 ministrandi
1109 2576 1412 2612 fundamentum
1473 2605 1480 2611 .

414 2692 553 2727 CAPUT
580 2692 631 2726 ΙῘ.
662 2712 705 2718 -
733 2693 787 2728 De
813 2693 988 2730 subiecto
1014 2695 1214 2748 extremae
1240 2696 1452 2731 unctionis.

111 2784 290 2819 Canones
316 2785 399 2819 940-
404 2786 486 2821 944.

62 2884 73 2891 ³
113 2843 326 2888 Inscriptio
353 2844 495 2889 capitis
521 2849 561 2879 et
587 2844 681 2879 ordo
706 2856 1258 2881 canonum..
1364 2877 1369 2882 .

107 2902 338 2937 Subiectum
364 2906 564 2938 extremae
590 2903 796 2938 unctionis
823 2904 978 2939 validae
997 2916 1040 2939 ac
1059 2904 1105 2940 de
1125 2874 1246 2940 liuius
1273 2907 1485 2942 iteratione

1688 172 1757 206 749

1557 297 1634 320 CAN.
1674 297 1754 320 PAO.

1687 408 1757 443 319

1687 526 1758 560 320

1687 586 1755 620 321

1685 785 1755 819 322

1685 844 1754 877 324

1567 962 1636 995 925
1685 961 1755 996 325

1569 1020 1637 1053 323
1686 1020 1754 1054 327

1568 1078 1636 1112 327
1686 1079 1755 1113 323

1568 1138 1637 1171 323
1710 1154 1723 1166 „

1568 1195 1637 1229 929
1687 1196 1755 1230 329

1569 1255 1638 1288 930
1686 1255 1756 1289 330

1567 1373 1633 1407 931
1685 1373 1751 1408 331

1568 1431 1636 1465 932
1685 1432 1754 1466 333

1564 1550 1632 1584 333
1681 1550 1750 1584 334

1566 1609 1636 1643 934
1711 1626 1723 1640 ‚

1566 1668 1635 1703 935
1683 1670 1752 1705 337

1564 1727 1633 1762 336
1712 1745 1714 1747 »

1682 2023 1752 2058 333

1565 2143 1633 2177 337
1707 2159 1720 2172 „

1681 2201 1752 2235 339

1677 2401 1748 2436 340

1563 2519 1632 2554 933
1708 2536 1720 2549 »

1557 2578 1626 2612 333
1679 2579 1746 2612 341

1678 2790 1749 2824 342

1560 2908 1630 2941 340
