1971 3261
207 193 272 226 136
605 192 689 226 [ΑΒ.
718 192 789 225 111.
819 212 831 216 -
860 192 968 225 PARS
993 192 1012 227 J
1058 212 1066 217 -
1095 193 1150 227 De
1176 192 1440 228 Sacramentis
1619 182 1730 230 Can.
1757 194 1831 229 820

205 313 390 367 scripsit:
430 309 775 354 «Consulendum
800 310 916 353 Ssmo
952 323 1023 366 pro
1057 314 1323 355 revocatione
1356 313 1656 370 cuiuscumque
1681 312 1827 356 indulti

205 380 440 425 celebrandi
477 383 670 437 privatim
705 382 743 422 in
778 379 956 424 Sabbato
989 381 1153 436 Sancto,
1186 382 1305 425 firmo
1339 387 1476 425 tamen
1510 382 1709 439 singulari
1746 385 1830 439 pri—

208 451 356 508 vilegio
403 450 610 507 aliquibus
657 450 883 494 ecclesiis...
933 464 1143 503 concesso,
1193 465 1314 495 unam
1353 452 1415 495 vel
1451 453 1623 496 alteram
1662 452 1829 496 Missam-

207 523 351 566 lectam
386 521 623 565 celebrandi
659 526 747 577 post
780 523 944 564 unicam
980 521 1206 565 solemnem
1242 523 1292 566 de
1326 523 1497 570 die...»,

321 592 428 648 Ergo
463 594 499 634 in
536 591 718 634 Ecclesia
754 591 877 634 latina
913 592 1048 635 triduo
1082 598 1176 636 ante
1212 592 1379 640 Pascha,
1423 596 1675 649 permittitur
1708 595 1828 637 unica

205 663 322 706 Missa
341 662 551 705 sollemnis
586 663 658 707 fer.
697 661 739 704 V.
775 664 811 705 in
848 662 982 706 Coena
1014 662 1193 719 Domini,
1228 668 1266 706 et.
1298 663 1477 708 Sabbato
1519 664 1667 708 Sancto
1700 664 1830 708 altera-

202 733 396 777 solemuis
430 737 519 789 post
551 732 723 785 Nonam,
757 732 1018 776 solummodo
1052 733 1121 777 ubi
1146 731 1292 778 Officia
1318 734 1425 778 illius
1448 734 1590 778 Tridui
1624 747 1826 792 peragun-

204 809 280 847 tur.
316 804 356 846 ln
392 803 453 846 his
487 803 674 846 ecclesiis
708 804 779 846 ser.
817 802 864 845 Vl
899 806 937 846 in
975 804 1201 847 Parasceve
1225 803 1345 847 Missa
1374 806 1827 861 praesanctificatorum

202 879 262 917 est
292 873 554 918 celebranda.

322 943 593 987 Prohibentur
625 944 729 987 aliae
763 943 909 987 Missae
941 944 1164 988 sollemnes
1187 950 1226 988 et
1251 958 1541 1003 quaecumque
1575 948 1723 989 missae
1747 949 1829 1002 pri-

206 1020 336 1069 vatae,
388 1016 460 1058 fer.
497 1013 547 1057 VI
579 1017 667 1058 sine
715 1017 974 1071 exceptione,
1024 1017 1062 1058 in
1112 1015 1291 1059 Sabbato
1339 1016 1488 1059 Sancto
1522 1017 1641 1059 iirmo
1691 1021 1829 1060 tamen

203 1085 420 1141 privilegio
454 1085 660 1142 aliquibus
692 1085 879 1129 ecclesiis
912 1099 1120 1140 concesso,
1158 1091 1198 1129 ut
1232 1098 1370 1142 supra,
1396 1091 1435 1129 et
1467 1087 1525 1129 l'er
1563 1085 1604 1131 V.
1630 1089 1668 1129 in
1693 1086 1827 1131 Coena

204 1155 362 1198 Domini
396 1155 523 1199 salvis
557 1156 788 1213 privilegiis
814 1156 868 1198 l.0
892 1157 932 1200 S.
956 1156 1001 1200 R.
1026 1156 1069 1200 E.
1094 1155 1375 1200 Cardinalium
1410 1161 1519 1210 (can.
1544 1157 1641 1210 339,
1665 1171 1703 1200 n.
1724 1157 1827 1214 4.⁰);

203 1227 260 1270 2⁰
293 1227 590 1283 Episcoporum
638 1227 747 1284 (can.
783 1227 865 1270 349
899 1230 924 1280 ξ
961 1228 995 1272 1.
1032 1242 1069 1270 n.
1106 1226 1182 1284 1.0)
1226 1233 1266 1271 et
1300 1227 1343 1270 3⁰
1379 1227 1660 1270 Praelatorum
1699 1241 1828 1284 regu-

202 1299 363 1351 larium,
407 1300 520 1341 iuxta
565 1311 669 1354 resp.
706 1299 745 1342 S'.
779 1298 819 1342 C.
856 1299 933 1343 Rit..
956 1299 967 1321 ²
1012 1303 1279 1356 sequentem:
1329 1299 1410 1341 «⁶2.
1445 1304 1506 1341 An
1542 1301 1574 1342 si
1619 1298 1829 1342 Ecclesiae

201 1368 287 1426 (ubi
314 1370 544 1412 functiones
568 1371 736 1412 maioris
761 1369 1045 1413 hebdomadae
1070 1371 1156 1412 lieri
1184 1368 1412 1427 nequeunt)
1439 1371 1520 1412 sint
1543 1369 1828 1426 Regularium,

200 1439 307 1495 (Fer.
345 1438 375 1481 V
399 1442 437 1482 iu
462 1438 596 1484 Coena
630 1439 792 1482 Domini
826 1440 1027 1484 celebrari
1055 1442 1178 1497 possit
1202 1439 1321 1483 Missa
1357 1440 1476 1494 lecta,
1502 1440 1669 1496 nempe)
1694 1439 1825 1494 liceat,

201 1515 243 1553 ut
275 1511 471 1567 Superior
502 1513 813 1554 communicare
850 1510 983 1554 valeat
1023 1525 1118 1554 suos
1151 1512 1353 1565 alumnos,
1396 1524 1469 1567 pro
1502 1510 1831 1566 adimplemento-

201 1579 403 1636 paschalis
437 1581 718 1636 praeceptffl...
761 1580 883 1637 Rosp.
917 1581 1114 1637 Superior
1157 1580 1338 1624 celebret
1374 1583 1411 1623 in
1449 1582 1610 1637 privato
1649 1582 1832 1623 oratorio-

200 1651 248 1694 ad
286 1651 599 1694 ministrandam
634 1651 837 1708 religiosis
880 1654 1238 1705 communionem;
1286 1657 1324 1694 et
1357 1654 1389 1694 si
1423 1652 1527 1694 desit
1570 1648 1824 1699 Oratoriurn,

200 1722 269 1764 liat
303 1724 340 1764 in
375 1721 561 1765 Ecclesia
595 1724 727 1765 ianuis
761 1722 973 1766 clausis».
1009 1722 1057 1765 Et
1091 1723 1141 1766 de
1175 1725 1317 1766 stricto
1351 1735 1473 1765 sensu
1508 1721 1629 1765 liuius
1664 1721 1824 1765 Decreti

200 1792 322 1836 tidem
374 1794 469 1836 facit
502 1793 646 1836 eadem
683 1794 720 1837 S.
754 1792 833 1837 C.2
882 1794 1046 1848 quando
1100 1793 1244 1836 «Dub.
1281 1793 1323 1836 ll.
1360 1793 1422 1836 An
1456 1793 1667 1836 Praedicta
1707 1791 1825 1835 Missa

198 1863 408 1906 decantari
446 1863 507 1906 vel
542 1863 621 1920 legi
659 1866 784 1920 possit
819 1866 856 1906 in
891 1863 1087 1908 Ecclesiis
1125 1863 1186 1907 vel
1223 1861 1429 1908 Oratoriis
1462 1862 1744 1919 spectantibus
1775 1863 1825 1906 ad

200 1933 439 1990 Regulares‚
472 1934 522 1977 ad
567 1934 796 1978 Seminaria
846 1940 886 1978 et
934 1935 983 1978 ad
1018 1937 1106 1992 pias
1139 1933 1498 1978 Communitales‘?
1541 1933 1662 1990 Resp.
1697 1933 1758 1976 Ad
1795 1933 1826 1975 ll

199 1993 472 2059 Attirmative,
504 2005 639 2062 quoad
677 2004 902 2061 Regulares
936 2008 1100 2062 proprie
1134 2005 1333 2059 dictos3...
1367 2004 1569 2061 Negative
1598 2004 1731 2062 quoad
1757 2005 1826 2047 Se-

201 2077 371 2118 minaria
406 2080 444 2118 et
490 2077 575 2131 pias
612 2073 952 2130 Communitates‚
987 2078 1063 2118 nisi
1098 2075 1301 2119 habeatur
1333 2075 1524 2131 Aplcum.
1561 2074 1764 2118 indultum
1785 2089 1827 2115 ».

317 2145 403 2189 Hoc
437 2148 475 2188 iu
511 2146 596 2189 loco
631 2149 852 2189 memorari
888 2151 1062 2202 oportet,
1091 2146 1200 2203 quod
1239 2146 1391 2190 dicitur
1425 2148 1463 2188 in
1498 2146 1537 2190 S.
1559 2145 1635 2189 Rit.
1661 2143 1826 2201 Cougr⁵.

203 2232 223 2257 «
241 2216 512 2259 lustructione
546 2230 617 2272 pro
640 2217 856 2260 sacerdote
879 2219 1135 2260 caecutiente
1158 2219 1269 2260 circa
1293 2216 1456 2259 Missam
1491 2216 1626 2259 eidem
1661 2229 1709 2258 ex
1738 2215 1825 2259 lud.

199 2286 341 2343 Aplc0.
376 2299 652 2330 concessam»
704 2287 782 2331 sub
816 2301 853 2330 n.
889 2288 926 2343 Ξ,
962 2286 1010 2342 11,
1048 2287 1089 2330 2:
1111 2286 1125 2308 ³
1179 2303 1200 2328 α
1222 2286 1264 2329 ln
1302 2287 1436 2330 triduo
1485 2298 1603 2330 sac-ro
1646 2285 1824 2337 Maioris,

198 2356 494 2400 Hebdomadae
527 2357 729 2401 Sacerdos
753 2361 989 2401 caecutiens
1012 2360 1179 2400 omnino
1204 2370 1226 2400 a
1259 2356 1509 2401 celebrando
1542 2356 1827 2400 abstinebit».

320 2428 412 2471 130.
448 2430 725 2474 Facultates
749 2431 1052 2475 vicariorum
1076 2432 1125 2474 et
1151 2429 1519 2474 Praefectorum
1545 2429 1830 2484 Aplcorum..

198 2501 290 2545 hac
308 2501 354 2543 in
373 2513 438 2544 re.
454 2524 505 2528 —
523 2498 562 2540 lu
588 2498 779 2542 otnnibus
798 2501 980 2557 quinque
1001 2498 1189 2542 formulis
1209 2498 1381 2542 facultas
1394 2498 1549 2541 eisdem
1569 2498 1823 2541 conceditur:

203 2585 221 2610 ((
244 2569 509 2612 Permittendi
543 2574 583 2611 ut
618 2572 655 2611 iu
691 2570 877 2613 ecclesiis
910 2572 972 2613 sui
1017 2571 1212 2612 territorii
1246 2569 1420 2626 (absque
1460 2559 1722 2612 distinctione
1755 2572 1825 2610 aut

198 2639 440 2683 limitatione
473 2639 672 2695 ipsarum)
708 2640 946 2694 static-tiones
981 2639 1160 2683 Maioris
1195 2638 1487 2682 Hebdomadae
1512 2638 1709 2696 (scilicett
1741 2637 1827 2681 Tri·

198 2710 267 2754 dui
301 2715 394 2754 aute
429 2709 600 2766 Pascha)
623 2710 825 2754 celebrari
863 2710 1025 2754 valeant
1059 2712 1169 2753 iuxta
1197 2709 1449 2766 peculiarem
1483 2709 1622 2753 Ritum
1656 2721 1677 2751 a
1711 2722 1742 2752 s.
1770 2721 1826 2752 m.

200 2781 419 2849 Benedicto
456 2781 522 2837 Pp.
549 2779 638 2822 Xlll
663 2784 918 2837 propositum
945 2795 1017 2838 pro
1040 2780 1227 2825 ecclesiis
1254 2780 1482 2824 minoribus
1508 2778 1826 2837 paroecialibus,

317 2888 327 2909 1
355 2888 397 2920 31
425 2887 523 2931 Aug.
560 2887 658 2927 1839,
680 2898 717 2920 n.
747 2887 852 2921 2799.
882 2906 926 2912 —
952 2887 965 2909 2
990 2887 1012 2920 9
1037 2886 1129 2920 Dec.
1153 2886 1255 2922 1899.
1274 2897 1312 2919 n.
1333 2886 1441 2921 4049.
1471 2906 1512 2910 —
1539 2885 1553 2907 3
1574 2886 1616 2918 12
1635 2885 1711 2919 Jan
1732 2885 1823 2918 1921

198 2935 239 2969 C.
270 2933 311 2969 O.
340 2933 454 2977 XIII,
484 2935 564 2968 154.
