1971 3261
143 149 212 183 570
547 144 629 178 Lm.
656 144 727 179 III.
755 163 766 169 -
792 144 903 179 PARS
931 144 959 179 1.
986 164 997 170 -
1025 145 1082 180 De
1107 144 1370 180 Sacramentis
1489 158 1494 162 ·
1554 144 1645 180 Can.
1676 145 1764 180 1067

140 272 255 310 aetas
287 267 421 308 fuerat
452 265 726 308 determinata
761 263 988 320 pubertatis
1020 276 1068 307 ac
1103 265 1288 320 praecise
1322 263 1373 308 ob
1407 266 1691 321 impotentiam
1717 265 1768 309 de

142 339 249 381 sacto
281 336 331 379 ad
368 335 714 379 matrimonialem
749 339 903 378 actum.

258 405 426 450 Mutatio
461 407 534 449 l'uit
568 405 733 449 inducta
768 419 840 462 per
872 406 1082 458 Codicem,
1116 409 1170 451 ita
1205 411 1247 450 ut
1279 410 1392 450 aetas
1424 407 1509 450 sola
1544 409 1583 450 in
1617 410 1770 451 cousti-

139 483 227 521 tulo
261 477 572 533 impedimento,
606 489 652 520 ac
687 477 859 533 proinde
892 476 1048 534 absque
1082 479 1183 520 iuris
1215 479 1473 533 exceptione,
1509 479 1767 534 respiciatur.

141 549 198 592 En
234 562 323 592 caiz.
359 550 491 590 1067.
536 547 637 592 Cum
683 553 871 603 respectu
905 548 955 591 ad
990 548 1201 591 diversam
1241 547 1470 604 pubertatis
1503 553 1679 592 aetatem
1715 549 1765 592 ad

141 631 329 662 normam
364 630 454 661 can.
490 618 557 670 88,
589 618 618 675 ξ
650 618 673 660 Ξ).
711 618 1006 674 praescribitur
1039 617 1115 662 sub
1148 621 1172 672 ἓ
1208 618 1245 662 1.
1291 617 1361 662 Vir
1385 621 1550 675 proprie
1576 618 1627 663 oh
1651 623 1768 663 actus

138 689 366 745 generandi
402 688 636 733 facultatem
671 688 886 746 physicam
920 694 1019 732 ante
1051 688 1255 732 decimam
1297 695 1461 732 samiam
1505 689 1660 732 aetatis
1694 703 1766 732 an-

140 774 239 802 imm
272 759 598 817 computandum
632 760 683 803 ad
718 773 907 803 normam
940 772 1030 804 can.
1068 760 1136 815 34,
1169 760 1198 817 ξ
1231 760 1269 816 3,
1304 761 1348 804 1⁰
1383 760 1442 815 30,
1476 773 1524 804 eo
1557 760 1665 818 quod
1701 760 1769 804 ad-

139 830 252 873 ditur
285 820 459 874 verbum
495 829 741 888 completum
784 829 885 874 alias
926 830 1083 885 inutile,
1128 829 1281 873 mulier
1330 833 1496 887 proprie
1528 831 1580 874 ob
1613 830 1767 874 dictam

141 903 358 953 rationem,
393 906 492 943 ante
523 899 726 943 decimum
760 905 971 958 quartam,
1006 901 1132 944 idest:
1166 903 1273 944 sicut
1307 914 1379 957 pro
1414 903 1504 944 viro
1537 906 1631 945 ante
1665 901 1768 945 duos

138 983 268 1014 annos
303 975 518 1029 postquam
557 976 790 1015 «censetur
823 970 991 1028 pubes»
1032 972 1140 1028 (can,
1166 972 1235 1027 88,
1257 971 1285 1029 ξ
1309 972 1361 1029 2),
1386 971 1485 1014 item
1508 971 1770 1030 completam,

138 1044 246 1086 sicut
278 1041 535 1086 declaratum
570 1046 630 1085 est
662 1054 785 1099 supra
834 1042 969 1097 quoad
1021 1044 1172 1098 virum,
1214 1042 1532 1086 matrimonium
1582 1041 1769 1086 validum

139 1113 252 1155 inire
283 1126 362 1156 non
395 1117 586 1170 possunt,
620 1114 701 1156 imo
735 1112 876 1157 illicite
909 1118 1094 1170 agerent,
1128 1115 1225 1170 quia
1259 1126 1389 1157 canon
1415 1113 1614 1170 implicite
1644 1125 1772 1171 «gra-

144 1187 248 1228 viter
283 1183 472 1241 prohibet
506 1186 817 1227 matrimonium
849 1184 1178 1228 contrahendum
1203 1200 1224 1226 ))
1274 1184 1383 1242 (can.
1419 1185 1546 1240 1036,
1581 1183 1609 1242 ἓ
1642 1184 1685 1241 2)
1718 1184 1767 1228 ad

140 1268 327 1299 normam
363 1257 643 1312 inscriptionis
675 1254 841 1312 Capitis.
876 1255 967 1299 Huc
1002 1257 1179 1312 pertinet
1211 1256 1248 1300 S.
1284 1255 1451 1313 Congrf·
1488 1256 1592 1313 lnq.⁵
1624 1255 1769 1300 Decla-

139 1327 279 1370 ratio1
316 1326 424 1384 quod
465 1341 486 1367 «
509 1328 604 1370 anui
639 1328 826 1384 requisiti
860 1338 882 1369 a
915 1340 967 1370 ss.
1001 1326 1231 1370 canonibus
1265 1340 1338 1383 pro
1372 1327 1586 1371 validitate
1627 1329 1768 1370 matri-

140 1399 266 1440 monii
300 1402 397 1441 sunt
429 1397 584 1441 solares
632 1402 755 1455 atque
803 1397 1072 1454 computandi
1106 1410 1126 1441 a
1162 1398 1229 1441 die
1267 1398 1317 1441 ad
1361 1398 1486 1452 diem,
1523 1400 1546 1440 i.
1579 1411 1613 1441 e.
1648 1410 1668 1442 a
1704 1397 1770 1441 die

139 1470 368 1511 nativitatis
400 1468 449 1511 ad
485 1468 594 1512 diem
640 1470 678 1511 in
723 1481 803 1525 qua
846 1468 1083 1512 celebratur
1126 1471 1451 1512 matrimonium.
1485 1469 1643 1523 Quodsi
1679 1469 1768 1512 fleri

140 1552 219 1581 non
255 1543 400 1595 potest,
434 1542 699 1595 computetur
745 1543 857 1582 aetas
903 1539 1133 1582 secundum
1182 1551 1338 1582 annum
1384 1538 1571 1582 lunarem
1605 1538 1769 1582 adiecto

140 1622 339 1652 mense».
1317 1616 1319 1618 '
1601 1611 1604 1612 ’

257 1679 343 1723 Nec
375 1680 460 1723 sola
496 1680 717 1737 prohibitio
748 1680 958 1725 Ecclesiae
991 1681 1098 1725 ultra
1141 1681 1394 1733 extenditur,
1437 1683 1542 1725 sicut
1577 1685 1688 1737 patet
1719 1694 1768 1724 ex

136 1752 274 1794 aiente
306 1750 333 1808 ξ
364 1753 408 1794 2.
442 1749 557 1794 Lice!
591 1751 905 1794 matrimonium
936 1756 1031 1809 post
1061 1751 1327 1810 praedictam
1372 1756 1552 1794 aetatem
1587 1753 1625 1794 in
1661 1756 1772 1795 utro-

139 1834 220 1878 que
254 1821 303 1864 ad
339 1833 527 1865 normam
561 1834 651 1865 can.
687 1824 754 1865 cit.
789 1825 813 1876 g
847 1821 906 1868 3.⁰
939 1822 1011 1866 sed
1046 1822 1272 1878 diversam,
1296 1827 1556 1866 contractam
1581 1820 1772 1865 validum

134 1891 208 1943 sit,
242 1904 372 1936 canon
409 1891 509 1936 illud
544 1905 621 1935 nou
659 1892 863 1949 prohibet,
906 1895 1025 1936 sicuti
1072 1895 1259 1937 fecerunt
1302 1892 1488 1936 nonnulli
1522 1894 1690 1937 codices
1722 1895 1775 1936 ci-

144 1963 247 2006 viles
280 1963 432 2007 bonum
466 1965 619 2020 speciei
655 1963 861 2007 humanae
885 1964 1051 2020 quidem
1073 1964 1345 2008 intendentes.
1365 1964 1560 2007 Attamen
1586 1963 1773 2008 Ecclesia

141 2033 355 2089 spirituale
406 2033 557 2078 bonum
607 2036 729 2078 etiam
765 2037 804 2077 in
839 2034 916 2078 hac
949 2048 993 2078 re
1028 2048 1296 2092 prosequens,
1344 2037 1412 2079 cui
1460 2034 1672 2078 multoties
1704 2034 1772 2078 illa

136 2104 320 2148 obstaret
356 2104 591 2161 prohibitio,
625 2105 904 2149 conditionem
951 2105 1064 2162 legis,
1111 2110 1152 2149 ut
1185 2108 1236 2149 sit
1288 2105 1562 2149 «secundum
1614 2106 1771 2162 patriae

136 2176 542 2230 cousuetudinem»,
586 2189 692 2234 quae
740 2177 1058 2221 commendatur
1092 2179 1129 2220 in
1166 2190 1209 2220 re
1242 2181 1324 2221 tam
1367 2179 1562 2234 practica,
1612 2177 1771 2219 remisit

136 2246 189 2289 ¹ad
224 2245 409 2302 singulos
441 2251 676 2304 sequenteS,
708 2247 913 2291 subdens:
949 2253 1095 2290 carent
1125 2253 1263 2290 tamen
1301 2247 1544 2290 animarum
1574 2252 1770 2304 pastores

136 2318 262 2359 etiam
297 2317 513 2361 inferiores
544 2331 616 2361 seu
651 2317 834 2374 parochi,
869 2318 918 2361 ab
951 2332 997 2362 eo
1029 2318 1211 2362 scilicet:
1245 2320 1508 2362 matrimonio
1533 2317 1672 2361 valido
1695 2329 1771 2360 nec

132 2400 188 2429 ss.
221 2386 450 2431 canonibus
487 2389 613 2431 vetito
646 2388 929 2433 contrahendo
962 2394 1152 2432 avertere
1178 2389 1360 2444 iuvenes,
1404 2388 1576 2432 consilio
1610 2392 1770 2432 tantum

129 2469 181 2500 ac
216 2457 405 2514 prudenti
440 2457 742 2513 exhortatione,
766 2461 842 2502 nisi
867 2459 946 2503 alia
983 2461 1084 2503 ratio
1104 2462 1347 2516 praesertim
1373 2458 1589 2516 spirituale
1614 2458 1767 2502 bonum

130 2530 389 2571 contrarium
409 2528 599 2582 suadeat,
616 2534 715 2572 ante
736 2534 917 2573 aetatem
940 2543 1086 2573 eorum
1111 2532 1404 2587 respectivam,
1425 2543 1523 2587 qua,
1542 2527 1769 2572 secandam

135 2597 323 2655 reqionis
356 2611 435 2641 non
473 2601 657 2655 praecise
691 2601 867 2643 nationis
899 2605 1089 2656 receptos
1119 2614 1269 2656 mores,
1302 2602 1371 2658 qui
1405 2599 1538 2643 solent
1561 2599 1613 2643 oh
1647 2612 1770 2655 expe-

139 2670 330 2711 rientiam
363 2669 581 2713 ostendere
616 2670 715 2726 quid
751 2672 789 2712 in
824 2669 900 2714 hac
944 2684 987 2714 re
1031 2669 1268 2714 hominihus
1301 2671 1560 2714 conveniens
1591 2671 1655 2718 sit,
1689 2682 1774 2712 ma-

137 2738 386 2782 trimonium
416 2739 523 2782 iniri
560 2739 678 2795 solet,
713 2742 873 2784 etiamsi
908 2740 1048 2785 exulet
1080 2745 1346 2798 praeceptum
1370 2740 1487 2797 legis
1519 2739 1667 2784 civilis.

259 2891 270 2912 1
298 2890 318 2925 7
345 2890 440 2924 Maii
468 2891 569 2925 1890.

1924 1419 1966 1983 was-„012
1935 1348 1946 1352 ι
1936 1313 1941 1325 .„
1934 1216 1957 1297 ι,-

1950 2162 1971 2182 ‚2
1968 2133 1971 2135 .
1952 1989 1971 2117 -.a-unz!

1920 2948 1957 3261 mamae-2241.
