1971 3261
140 116 234 152 Gan.
259 115 414 151 945-947
614 116 697 150 ΤιΤ.
726 116 768 151 V.
793 136 805 141 ·
831 117 887 151 De
912 119 1085 151 mtrema
1111 120 1293 153 unctione
1696 118 1767 152 349

140 240 228 278 tuni>
250 235 295 278 in
328 235 465 293 capite
486 234 666 278 scilicet:
703 237 741 277 in
775 234 950 279 Christo.
985 236 1094 293 quod
1128 239 1241 293 prius
1273 236 1487 280 descendi!
1520 237 1562 279 in
1596 236 1762 280 barbani

139 306 297 360 Aaron,
330 305 482 349 deinde
516 319 645 363 ‘usque
676 304 731 348 ad
761 318 877 347 oram
914 307 1149 349 vestimenti
1167 324 1186 347 »
1218 308 1244 352 ¹.
1282 334 1333 339 —
1369 307 1480 351 Haec
1514 313 1651 351 autem
1698 307 1764 351 be-

140 377 319 420 nedictio
351 381 412 419 est
445 376 655 431 quoddam
690 377 1006 429 sacramentale,
1040 382 1077 420 et
1111 380 1217 421 sicut
1250 378 1327 421 alia
1363 392 1469 436 quae
1503 381 1539 421 in
1590 379 1764 422 admini-

137 449 335 491 stratione
367 452 723 491 sacramentorum
758 446 1022 497 adhibentur,
1059 450 1096 490 in
1132 448 1208 492 lioc
1243 449 1438 492 differens
1470 449 1522 493 ab
1555 452 1624 501 eis,
1655 450 1764 506 quod

143 517 485 562 «sacramentale
519 518 672 561 dicitur
705 517 771 560 illa
806 520 913 561 actio
947 530 1053 574 quae
1087 522 1282 575 ‹piamxis
1318 534 1395 562 non
1423 523 1616 576 pertingit
1641 521 1690 563 ad
1716 522 1766 563 el'-

139 590 289 632 tectum
325 587 610 645 principaliter
645 590 844 631 intentum
881 590 918 630 in
953 588 1309 632 administratione
1356 591 1437 639 illa,
1482 595 1615 634 tamen
1656 592 1763 633 ordi-

139 665 260 703 natur
292 659 430 716 aliquo
465 659 586 702 modo
620 659 669 702 ad
706 658 814 701 illam
849 660 1053 702 actionem
1092 661 1400 716 principalem»
1426 660 1452 700 ².
1484 678 1504 702 <‹
1528 664 1764 705 Sacramen-

138 730 234 774 talia
271 743 368 773 vero
401 735 493 773 sunt
529 743 594 772 res
627 734 695 772 aut
728 732 912 773 actiones
945 729 1095 786 quibus
1129 730 1328 782 Ecclesia,
1354 735 1390 774 in
1416 733 1595 789 aliquam
1622 739 1764 776 §acra-

139 805 372 843 mentorum
408 802 694 853 imitationem,
720 802 775 843 uli
799 800 902 843 solet
919 815 941 840 ))
970 799 1078 857 (can.
1110 801 1252 857 1144),
1277 816 1323 845 ac
1351 804 1522 858 proinde
1545 803 1596 847 ab
1619 804 1763 847 eadem

137 876 230 914 sunt
281 872 369 913 iure
418 872 614 914 instituta.
650 870 758 927 Ergo
806 873 1000 928 quamvis
1048 870 1100 914 ab
1140 871 1342 927 Episcopo
1377 874 1463 915 dari
1501 874 1647 917 debeat
1699 874 1762 917 illa

139 941 385 985 benedictio.
417 944 604 998 sequitur
638 944 674 984 in
710 954 892 985 canone:
930 941 970 998 b)
1003 941 1066 984 vel
1100 956 1123 984 a
1146 942 1389 1000 presbytero
1423 944 1494 1001 qni
1516 944 1762 1001 facetllalem

137 1011 247 1055 illud
269 1010 538 1054 benedicendi
575 1027 595 1052 ((
615 1015 702 1055 iure
740 1012 802 1055 vel
839 1012 996 1055 indulto
1019 1028 1040 1053 »
1079 1026 1103 1054 u
1131 1012 1236 1055 Sede
1258 1013 1498 1070 Apostoli'ra
1523 1015 1763 1061 obtinuerit.

138 1085 414 1126 necessariam
449 1082 616 1140 quidem
654 1088 695 1126 ut
734 1082 913 1126 «valide
948 1096 1147 1140 peragere
1184 1087 1347 1139 possit»
1386 1098 1490 1134 eam,
1526 1099 1644 1142 quae,
1670 1100 1762 1129 eum

138 1156 395 1197 consecratio
431 1167 530 1197 vere
563 1154 644 1197 dici
679 1153 827 1198 debeat
861 1155 1005 1197 eadem
1054 1157 1212 1198 ratione
1250 1168 1297 1199 ac
1340 1161 1526 1199 sanctum
1571 1157 1766 1207 chrisma,

137 1225 246 1282 quod
270 1239 341 1281 pro
360 1224 744 1268 consecrationibus
762 1226 959 1279 deservit,
981 1228 1138 1282 regitur
1156 1227 1205 1269 ad
1227 1240 1413 1270 normam
1434 1241 1523 1271 can.
1545 1228 1708 1285 11475Ι
1732 1229 1765 1271 l.

256 1295 352 1340 ⁶291.
370 1297 442 1341 De
455 1298 549 1341 olei
569 1298 871 1343 infirmorum
890 1300 1183 1343 asservandi
1202 1300 1362 1344 modo.
1376 1324 1434 1329 —
1451 1300 1550 1341 (nn.
1565 1302 1658 1341 ,046
1682 1314 1768 1343 ver-

137 1365 198 1410 bis
240 1370 432 1423 congruit
474 1366 552 1410 Rit.
598 1366 784 1411 Romano
818 1367 913 1424 (loc.
949 1370 1015 1411 cit.
1052 1382 1090 1411 n.
1125 1368 1180 1417 3).
1221 1368 1365 1411 Oleum
1414 1369 1675 1425 infirmorum
1708 1373 1765 1413 sic

136 1437 308 1491 dictum,
343 1440 439 1495 quia
474 1438 723 1481 destinatum
768 1444 828 1482 est
878 1441 914 1481 in
952 1438 1074 1482 buius
1106 1442 1354 1483 sacramenti
1391 1453 1523 1489 usum,
1556 1441 1767 1497 parrochus

139 1508 264 1552 veluti
300 1511 486 1552 minister
518 1509 767 1563 ordinarius,
805 1512 882 1552 «in
918 1510 1092 1553 ecclesia
1118 1510 1194 1554 sub
1217 1511 1325 1554 clavi
1346 1527 1367 1551 ))
1393 1511 1503 1567 (can.
1522 1512 1628 1567 735)
1655 1515 1764 1555 iuxta

136 1578 190 1623 ibi
225 1580 361 1623 datam
398 1582 796 1636 interpretationem,
823 1580 911 1624 loco
945 1580 1082 1624 m'tz'do
1116 1582 1250 1638 quoad
1288 1583 1534 1626 munditiam
1560 1589 1599 1625 el
1622 1583 1764 1626 decen-

137 1654 200 1692 ter
230 1655 394 1706 ornato,
431 1653 485 1694 uti
522 1651 697 1707 postulat
733 1665 797 1695 res
832 1657 911 1694 tam
946 1665 1062 1695 sacra
1087 1653 1356 1707 assei-vanua,
1382 1653 1423 1695 in
1449 1668 1545 1696 ease
1568 1660 1765 1711 ‹tiyenleo

134 1720 198 1763 vel
243 1727 430 1765 stanmeo
478 1722 528 1765 ad
570 1722 807 1779 rubiginem
846 1723 1055 1767 vitandam
1091 1723 1332 1781 diliyenler,
1369 1729 1410 1767 ut
1443 1727 1675 1768 ministrum
1708 1739 1767 1769 sa-

135 1806 301 1836 crorum
336 1793 469 1847 decet,
504 1793 727 1836 custodiat.
765 1794 994 1838 Parochum
1031 1799 1140 1837 tenet
1174 1794 1385 1851 obligatio,
1414 1796 1538 1839 veluti
1569 1797 1617 1839 ad
1643 1810 1764 1853 quem

136 1865 262 1906 ceteri
296 1864 534 1907 sacerdotes
568 1878 780 1908 recursum
818 1864 970 1909 habere
1014 1865 1191 1909 debeant
1233 1866 1354 1909 simul
1396 1879 1442 1909 ac
1488 1880 1559 1923 pro
1604 1867 1766 1911 licentia

137 1932 376 1988 obtinenda,
409 1939 449 1977 et
481 1948 554 1991 pro
588 1947 685 1978 casu
722 1938 980 1979 necessitatis
1014 1938 1051 1978 in
1087 1937 1273 1979 eiusdem
1309 1936 1492 1980 absentia
1528 1942 1647 1981 caute
1670 1938 1765 1982 sub-

137 2006 343 2060 iungitur:
369 2018 442 2047 nee
467 2004 581 2048 domi
603 2005 786 2048 retineat
808 2008 930 2049 etiam
957 2008 1147 2063 propriae
1170 2006 1256 2048 nisi
1278 2006 1334 2049 ad
1356 2021 1545 2050 nornmm
1564 2022 1654 2050 ran.
1674 2009 1765 2051 735

135 2073 189 2118 ibi
223 2075 492 2120 declaratam.

254 2146 352 2191 29⁶2.
388 2148 461 2193 De
502 2150 814 2195 unctionibus
858 2152 1158 2207 peragendis
1200 2152 1316 2207 quid
1361 2153 1464 2196 iure
1507 2153 1766 2197 observari

135 2219 332 2264 debeat.
364 2245 421 2249 —
458 2218 558 2262 Can.
590 2222 697 2264 947.
731 2219 759 2278 ξ
794 2220 830 2265 1.
873 2218 1110 2275 Unctiones,
1135 2234 1241 2278 qnae
1269 2237 1290 2261 (t
1310 2224 1503 2279 quamvis
1525 2225 1605 2265 sint
1629 2223 1767 2279 plures

135 2287 393 2345 simpliciter,
428 2294 564 2333 tamen
602 2292 803 2334 uniuntur
836 2293 873 2333 in
904 2304 983 2334 una
1010 2293 1189 2347 perfecta
1215 2294 1389 2348 actione,
1414 2305 1520 2349 quae
1543 2297 1604 2335 est
1628 2296 1766 2336 unctio

133 2361 320 2403 omnium
353 2362 611 2404 exteriorum
645 2361 1033 2419 sensu11n1‚q11ib11s
1067 2362 1257 2405 hauritur
1291 2362 1460 2406 morbus
1495 2366 1707 2407 interior»
1736 2364 1764 2412 ³,

133 2435 173 2473 et
206 2429 298 2474 illae
332 2433 548 2474 unctiones
580 2437 676 2475 sunt
723 2433 819 2475 «de
866 2434 1119 2489 perfectione
1162 2436 1426 2486 sacramenti,
1471 2437 1565 2491 quia
1606 2439 1764 2478 curatio

134 2502 377 2544 interiorum
416 2502 633 2546 vulnerum
671 2516 749 2546 non
787 2508 915 2560 potest
953 2506 1132 2559 perfecte
1161 2506 1388 2560 significari
1426 2507 1499 2547 nisi
1538 2519 1609 2561 per
1641 2518 1764 2562 appo-

132 2573 321 2615 sitionem
360 2572 590 2617 medicinae
622 2574 670 2617 ad
708 2574 897 2617 diversas
934 2574 1150 2618 vulnerum
1190 2575 1389 2618 radices»
1419 2576 1447 2597 4·

251 2642 347 2686 Illae
365 2656 464 2700 ergo
482 2643 523 2701 a)
544 2643 690 2697 verbis,
712 2659 789 2688 non
812 2648 890 2688 iam
915 2645 1260 2701 praecedentibus
1281 2646 1343 2689 vel
1359 2647 1764 2704 sequentibusipsas‚

133 2725 227 2756 nam
252 2713 303 2757 de
326 2713 390 2757 bis
414 2714 554 2758 verbis
576 2715 832 2759 sufficienter
856 2716 1037 2772 providit
1061 2729 1149 2759 can.
1176 2716 1274 2766 733,
1307 2716 1335 2775 ἓ
1372 2718 1406 2770 l,
1441 2718 1511 2761 sed
1550 2721 1767 2762 unctiones

250 2820 262 2841 ¹
289 2820 336 2854 D.
354 2820 441 2865 Th„
464 2821 664 2867 Supplem.
688 2834 723 2867 q.
745 2822 897 2865 XXIX,
918 2833 952 2856 a.
976 2822 1008 2863 ⁴3,
1027 2834 1058 2856 cy
1082 2842 1124 2847 -——
1142 2822 1157 2844 2
1183 2822 1230 2856 D.
1255 2823 1497 2868 Th.,Supp1.
1521 2836 1557 2868 q.
1574 2824 1761 2865 XXXIX,

129 2877 164 2901 a.
193 2868 212 2900 1
238 2878 340 2912 corp.
383 2889 425 2893 —
465 2870 479 2891 3
517 2869 648 2914 Suppl.
676 2881 709 2914 q.
738 2869 883 2911 XXIX,
912 2881 945 2903 a.
973 2872 994 2902 2
1020 2869 1067 2903 ad
1093 2871 1156 2903 2⁰².
1197 2891 1236 2897 —-
1279 2871 1293 2892 4
1327 2871 1416 2905 Loc.
1459 2872 1527 2905 cit.
1573 2882 1674 2916 corp.
