1971 3261
82 133 176 170 Can.
202 132 272 167 985
662 130 746 164 TIT.
778 130 840 164 VI.
868 151 878 155 -
907 131 963 165 Dc
994 132 1137 166 Ordine
1641 132 1711 165 433

80 254 216 296 steriis
250 264 321 307 per
356 252 532 307 primam
564 249 708 293 saltem
759 253 969 292 tonsuram
1022 253 1241 306 mancipati
1286 256 1380 294 sunt
1404 267 1424 291 »
1464 251 1573 308 (can.
1610 251 1706 303 108,

80 324 105 375 ξ
141 321 196 378 l),
232 334 310 364 non
346 321 414 363 alii
447 323 515 377 qui
552 320 648 363 licet
683 319 862 376 religiosi
900 319 1020 363 hodie
1063 324 1187 364 xetito
1227 329 1330 364 can‘·.
1363 322 1454 369 139,
1488 321 1515 378 ξ
1550 321 1572 364 2
1606 335 1704 378 quo-

82 406 162 448 que
195 392 378 447 obligati,
414 396 554 447 utpote
587 391 694 448 quod
732 393 769 432 in
806 392 894 433 iure
932 394 1060 434 veteri
1114 405 1190 434 non
1232 391 1707 448 compreliendebanttu·¹

80 467 122 520 a)
156 462 357 506 medicum
392 461 548 518 absque
583 463 781 504 incisione
817 460 879 504 vel
917 463 1074 503 ustione
1111 462 1151 517 b)
1190 462 1249 504 rel
1282 462 1563 518 eln'rnrqieam
1611 465 1709 506 inci-

79 534 216 578 dendo
254 533 316 576 vet
354 532 528 586 urendo,
561 532 804 575 alterutram
839 536 971 574 artem
1006 535 1278 575 scientilicam
1315 539 1441 587 certe,
1475 546 1578 590 quac
1612 534 1707 576 deti-

83 607 160 648 niri
197 609 327 661 potest
367 608 522 646 «recta
558 605 661 646 ratio
695 601 939 646 tactibitium
972 603 1021 645 ad
1057 606 1275 646 sanitatem
1319 608 1504 660 corporis
1544 618 1710 661 recupe-

80 675 252 719 randam
278 690 316 721 )),
351 678 411 717 ast
446 677 487 726 a)
511 673 591 716 sibi·
624 673 810 726 vetitam,
833 686 911 715 non
939 675 976 715 in
1001 673 1199 716 discendo
1234 688 1339 729 eam,
1374 675 1443 717 scd
1481 678 1517 717 in
1555 675 1706 718 utendo

77 746 128 790 ad
163 757 351 789 normam
386 757 475 788 can.
514 744 608 788 139.
648 759 669 785 c<
691 746 779 787 sine
803 743 1030 800 apostolico
1057 744 1258 787 indulto»
1298 751 1548 797 (².1'('1'(‘(’11(P.§',
1591 751 1707 802 prout

79 815 240 872 plenius
273 815 322 858 ad
358 817 425 858 cit.
461 826 550 857 can.
585 814 842 858 declaratum
877 818 959 866 est,
993 818 1173 856 attamen
1210 828 1283 858 nec
1309 815 1400 857 talis
1434 818 1706 872 transgressio

76 886 230 930 sufficit
263 886 313 929 ad
350 885 699 941 irregularitatem
734 884 1002 937 causandam,
1047 887 1142 942 quia
1180 885 1321 941 legalis
1354 888 1441 928 eius
1475 889 1590 942 origo
1625 891 1706 930 est:

80 956 122 1014 b)
156 957 194 1000 si
226 955 378 999 eoeinde
412 956 510 1014 (non
530 956 609 999 alia
629 956 679 999 de
703 955 846 1013 causa)
869 955 1050 999 scilicet:
1086 955 1137 998 ob
1174 956 1354 999 remedia
1382 959 1706 1013 praescriptione

81 1030 208 1085 ipsius
240 1027 396 1071 clerici.
433 1027 496 1070 vet
531 1027 583 1070 ab
616 1040 664 1070 eo
697 1026 896 1077 adhibita,
930 1040 1042 1069 mors
1079 1032 1293 1083 sequatur.

198 1098 297 1142 351.
334 1101 405 1144 Ex
424 1100 604 1144 delicto
622 1112 710 1155 per
733 1100 861 1144 sacri
885 1099 1072 1143 ordinis
1095 1100 1394 1143 exercitium.
1420 1123 1475 1129 —
1495 1097 1641 1142 Ultima
1669 1101 1706 1141 in

77 1182 236 1214 canone
271 1169 555 1226 irregularitas
590 1171 792 1212 recensita
841 1173 902 1212 est
950 1171 1201 1225 proveniens
1248 1182 1294 1211 ex
1352 1171 1475 1212 vetito
1514 1170 1705 1212 ordinum

75 1243 289 1295 exercitio,
323 1252 447 1298 quam
484 1239 749 1283 incurrebant
798 1253 847 1283 ex
898 1242 986 1283 iure
1035 1239 1338 1284 Decretalium:
1394 1240 1430 1295 1>
1463 1246 1706 1283 exercentes

74 1312 265 1355 ordinem
296 1324 374 1354 non
409 1315 650 1367 susceptum
685 1324 733 1354 ex
770 1313 829 1354 tit.
866 1311 933 1365 28,
968 1310 1054 1354 Lib.
1091 1314 1120 1353 V
1161 1326 1180 1351 c<
1202 1310 1258 1354 De
1292 1310 1443 1355 clerico
1483 1324 1561 1353 non
1596 1311 1705 1354 ordi-

76 1387 170 1426 nato
205 1384 526 1436 ministrante»,
574 1381 616 1438 2)
650 1386 895 1425 exercentes
943 1381 1131 1425 ordinem
1185 1395 1282 1425 vere
1329 1387 1583 1438 susceptum,
1632 1382 1701 1425 sed

77 1458 244 1510 propter
276 1465 493 1496 censuram
530 1454 608 1495 iam
645 1454 852 1496 incursam
888 1452 1134 1509 impeditum
1167 1465 1217 1495 ex
1253 1451 1328 1495 Tit.
1355 1452 1406 1495 ⁶27
1434 1451 1518 1495 Lib.
1548 1451 1575 1493 Υ
1607 1452 1705 1495 «De

74 1524 228 1568 clerico
262 1525 637 1577 excommunicato,
672 1523 859 1580 deposito
883 1527 923 1567 et
947 1523 1167 1567 interdicto
1193 1526 1489 1566 ministrante»
1513 1528 1551 1566 et
1577 1523 1619 1580 3)
1645 1536 1707 1566 ce-

76 1594 283 1639 lebrantes
317 1597 354 1637 in
391 1594 479 1637 loco
514 1596 758 1638 nominatim
801 1595 1034 1649 interdicto,
1081 1596 1193 1637 iuxta
1239 1607 1328 1650 cap,
1365 1595 1431 1647 18,
1464 1594 1491 1652 g
1528 1594 1563 1638 l.
1602 1610 1622 1634 «
1646 1593 1704 1636 De

73 1667 277 1709 sententia
311 1667 799 1710 excommunicationis..
833 1664 909 1709 Tit.
948 1666 1012 1719 ll,
1050 1665 1135 1709 Lib.
1175 1664 1202 1707 V
1239 1667 1276 1708 in
1314 1666 1370 1708 60.

192 1733 398 1793 Oporte1·e
431 1735 550 1780 nobis
587 1736 763 1791 videtur,
800 1739 900 1780 iuris
937 1739 1088 1780 veteris
1123 1736 1308 1780 relationi
1346 1739 1609 1793 praemittere
1644 1738 1701 1778 in-

75 1808 411 1863 terpretationem
446 1809 616 1849 canonis
648 1805 724 1850 sub
758 1806 818 1851 n.⁰
852 1807 914 1850 7⁰.
953 1807 1099 1851 «Sunt
1142 1807 1393 1864 irregulares
1436 1821 1485 1850 ex
1521 1807 1597 1850 hoc
1629 1806 1699 1849 de-

75 1877 210 1921 licto»
252 1875 346 1930 Qui,
385 1879 474 1920 sive
510 1877 614 1924 laici.
649 1879 738 1921 sive
771 1877 927 1933 clerici,
949 1883 991 1921 ut
1024 1878 1235 1922 asserebat
1259 1878 1530 1935 praeferenda
1555 1879 1706 1934 opinio,

74 1953 213 1990 aetum
245 1947 285 2004 a)
310 1947 475 1991 ordinis
508 1948 652 1991 saltem
689 1948 902 2005 partialem
932 1963 968 1993 v.
989 1963 1050 2006 gr.
1074 1949 1387 1993 sacramentalis
1420 1948 1704 1997 absolutionis,

74 2032 152 2062 non
187 2018 314 2062 solius
347 2019 661 2074 iurisdictionis,
682 2019 744 2062 vel
771 2019 1077 2064 ecclesiasticae
1100 2021 1470 2063 administrationis
1497 2033 1533 2063 v.
1553 2033 1613 2075 gr.
1635 2032 1707 2075 per

74 2092 384 2134 concessionem
432 2090 802 2146 indulgentiarum,
848 2091 890 2149 b)
934 2091 1100 2135 clericis
1133 2092 1174 2135 in
1210 2091 1359 2135 ordine
1400 2105 1520 2134 sacro
1558 2090 1703 2134 saltem

70 2160 395 2205 subdiaconatus
438 2161 679 2204 constitutis
722 2163 762 2219 c)
794 2168 1055 2206 reservatam
1094 2163 1141 2206 ad
1192 2166 1326 2206 minus
1373 2162 1424 2206 ob
1459 2164 1632 2218 insignia
1667 2165 1705 2204 et

76 2231 244 2274 modum
279 2245 361 2288 quo
395 2231 462 2275 ille
495 2237 755 2287 exerceatur,
790 2246 827 2275 V.
862 2247 925 2290 gr.
960 2233 1175 2290 epistolam
1221 2246 1370 2277 canere
1416 2236 1452 2276 in
1490 2235 1610 2275 missa
1646 2234 1705 2274 in-

73 2302 218 2345 dutum
253 2304 398 2346 sericis
431 2316 525 2346 cum
561 2303 785 2360 manipulo,
821 2303 865 2361 (l)
896 2310 1074 2362 ponunt,
1117 2310 1154 2348 et
1191 2307 1228 2347 in
1265 2304 1340 2347 boc
1386 2309 1444 2347 est
1477 2306 1599 2346 situm
1634 2302 1702 2345 de-

75 2372 218 2416 lictum
251 2372 327 2416 sub
360 2373 559 2416 alterutra
593 2377 782 2431 sequenti
821 2377 1056 2432 «ponentis
1093 2380 1277 2419 actum»
1315 2375 1551 2419 conditione
1587 2373 1617 2416 10
1644 2373 1703 2415 rel

73 2456 120 2486 eo
153 2442 315 2495 ordine,
348 2446 466 2487 cuius
500 2448 559 2487 est
595 2447 785 2501 proprius
823 2451 953 2501 actus,
978 2451 1169 2489 carentes
1193 2451 1360 2502 propter
1385 2445 1608 2488 invalidam
1638 2444 1700 2487 vel

75 2527 154 2557 non
189 2520 397 2571 receptam
433 2515 735 2559 ordinationem
770 2519 915 2573 ipsam,
951 2516 1001 2559 ll⁰
1036 2516 1098 2559 rel
1131 2516 1180 2560 ab
1203 2517 1293 2559 eius
1331 2532 1350 2557 <‹
1375 2516 1531 2559 ordinis
1553 2531 1575 2555 n
1597 2516 1702 2557 sicut

72 2584 149 2629 sub
172 2584 220 2640 1⁰,
253 2585 324 2628 sed
353 2598 448 2629 vere
473 2588 627 2642 recepti
651 2587 853 2631 exercitio
874 2601 1010 2645 poena
1035 2587 1252 2640 canom‘ca,
1277 2600 1382 2645 quae
1408 2589 1445 2629 in
1470 2599 1560 2629 can.
1586 2586 1661 2628 22¹
1679 2586 1701 2627 ὃ

77 2659 249 2699 vocatur
287 2654 606 2700 «ecclesiastica
639 2662 679 2700 et
711 2662 771 2701 est
805 2660 983 2715 privatio
1017 2658 1192 2701 alicuius
1231 2657 1323 2701 boni
1349 2658 1397 2700 ad
1423 2657 1701 2714 delinquentis

72 2728 373 2784 correctionem
407 2730 446 2769 et
479 2726 618 2771 delicti
652 2731 910 2784 punitionem
945 2742 965 2772 a
1003 2729 1185 2785 legitima
1220 2731 1464 2772 auctoritate
1490 2728 1700 2770 intlicta».

72 2797 142 2840 sed
177 2808 467 2854 quaecumque
500 2797 568 2841 illa
601 2801 664 2854 sit,
699 2802 795 2857 quia
829 2799 1021 2843 subditur
1054 2800 1095 2856 a)
1118 2799 1204 2842 sice
1223 2798 1454 2857 personali,
1479 2810 1584 2855 quae
1611 2810 1699 2853 per-

71 2880 214 2911 sonam
250 2868 406 2912 directe
441 2871 618 2925 respicit,
654 2874 691 2913 et
726 2872 840 2913 iuxta
872 2883 961 2915 can.
988 2870 1099 2913 ω2216
1124 2869 1318 2923 (exclusis
1356 2885 1377 2909 «
1397 2868 1589 2912 remediis
1610 2880 1702 2923 poe.-

157 2957 254 2986 BLAT
277 2973 295 2979 -
322 2957 442 2986 Comm.
471 2957 556 2987 Text.
582 2958 657 2988 Ood.
682 2959 755 2988 Iur.
782 2959 863 2988 Can.
1582 2955 1619 2982 2²⁴
