1971 3261
113 143 210 179 Can.
236 142 305 178 871
645 142 728 177 Trr.
755 143 821 178 IV.
847 162 858 169 -
888 144 943 178 De
970 145 1214 179 Poenitentz'a
1674 148 1743 181 215

116 261 202 304 392
238 266 323 304 tum
375 259 693 317 prohibitionem
731 265 814 304 tum
862 261 1154 318 obligationem
1190 263 1240 306 de
1273 264 1547 321 quorumdam
1593 267 1746 309 contes-

114 330 304 374 sionibus
337 330 556 374 audiendis
588 333 812 374 continent.

241 401 335 444 194.
351 403 550 448 Ordinis
564 406 789 458 potestas
801 405 848 447 in
862 405 1096 449 ministro.
1111 430 1162 434 —
1182 403 1281 448 Can.
1296 407 1397 448 871.
1414 404 1610 448 *llini'sler
1624 405 1746 448 huius

119 472 376 517 sacramenti
425 474 582 515 ratione
616 472 773 515 ordinis
821 476 998 529 suscepti
1034 480 1094 516 est
1126 475 1241 517 solus
1273 476 1484 528 sacerdos,
1531 477 1745 533 presbyter

126 543 187 588 vel
207 543 450 600 Episcopus,
470 542 650 585 exclusis
668 542 759 585 aliis
777 543 953 597 clericis,
971 544 1083 587 laicis
1117 548 1190 588 etsi
1222 545 1408 589 alterutri
1443 549 1523 590 sint
1553 547 1748 604 religiosi.

122 616 318 672 Legimus
368 616 479 658 enim
515 616 552 656 in
587 613 709 658 Cone.
744 614 855 657 Trid.
883 615 918 656 ¹:
972 618 1121 659 «circa
1157 619 1390 661 ministrum
1441 623 1578 662 autem
1630 618 1750 662 liuius

118 687 382 731 sacramenti
417 684 603 728 declarat
635 686 674 728 S.
698 685 900 741 Synodus,
927 686 1047 729 falsas
1079 701 1167 730 csse
1201 693 1239 731 et
1273 701 1294 731 a
1332 691 1503 732 veritate
1537 689 1749 746 Evangelii

122 759 286 814 penitus
333 756 489 800 alienas
522 756 733 799 doctrinas
782 770 938 809 omnes,
973 770 1078 815 quae
1112 759 1160 801 ad
1198 758 1299 802 alios
1348 762 1517 816 quosvis
1567 760 1752 803 homines

124 833 290 885 praeter
323 826 551 884 Episcopos
574 832 612 870 et
636 827 874 871 sacerdotes
903 828 1083 871 clavium
1121 832 1393 873 ministerium
1430 833 1649 887 pernitiose
1683 846 1749 874 cx-

124 899 357 949 tendunt»,
391 903 430 942 et
465 900 503 940 in
537 896 635 942 Can.
672 897 724 941 10
760 898 977 942 delinivit:
1018 900 1097 943 «Si
1131 902 1223 957 (lul-5
1258 901 1422 953 dixerit,
1449 915 1525 943 non
1560 902 1668 945 solos
1690 915 1751 945 sa-

124 969 317 1013 cerdotes
339 982 429 1013 esse
453 971 663 1012 ministros
696 968 980 1019 absolutionis,
1014 970 1083 1013 sed
1120 970 1312 1014 omnibus
1340 978 1376 1014 et
1401 972 1574 1027 singulis
1606 972 1753 1015 Christi

127 1040 321 1084 tidelibus
354 1053 443 1084 csse
481 1040 639 1084 dictum
672 1043 698 1060 ⁴⁸
723 1040 1022 1097 Quaecumque
1049 1041 1276 1098 ligaveritis
1299 1056 1423 1098 super
1448 1049 1612 1095 terram,
1637 1049 1754 1086 erunt

131 1112 253 1168 ligata
287 1115 327 1154 et
359 1113 398 1154 in
433 1111 563 1163 coelo,
597 1116 636 1154 et
669 1123 959 1168 quaecumque
1008 1112 1216 1155 solveritis
1249 1126 1374 1169 super
1423 1117 1589 1166 terram,
1638 1120 1754 1156 erunt

126 1182 260 1226 soluta
285 1187 325 1226 et
351 1185 389 1225 in
415 1182 531 1226 coelo
551 1218 574 1236 „
596 1180 634 1225 2;
668 1187 707 1225 et
741 1182 971 1236 “Quorum
999 1185 1241 1226 remiseritis
1277 1189 1458 1239 peccata,
1497 1179 1759 1227 remittuntur

128 1255 201 1306 eis,
225 1258 264 1297 et
286 1266 464 1311 quorum
491 1255 760 1308 retinueritis,
788 1258 943 1297 retenta
969 1259 1061 1296 sunt
1083 1287 1105 1307 ,,
1127 1255 1166 1305 3;
1191 1254 1236 1297 A.
1258 1256 1297 1298 S.
1319 1270 1356 1297 )).
1392 1254 1449 1297 Ex
1477 1268 1651 1311 quorum
1678 1260 1759 1298 tex-

130 1331 247 1367 tuum
271 1324 490 1368 collatione
515 1328 625 1380 patet
650 1324 857 1381 praeditos
890 1324 1070 1368 clavium
1109 1327 1336 1368 ministerio
1370 1338 1458 1368 esse
1492 1325 1760 1368 absolutionis

134 1396 357 1438 ministros.

253 1501 304 1536 Ad
331 1501 429 1536 cuius
469 1501 737 1546 intelligentiam
777 1501 958 1537 sciendum
986 1506 1036 1537 est
1062 1512 1101 1536 ex
1131 1500 1168 1536 D.
1199 1501 1262 1536 Tb.
1284 1503 1316 1535 ⁴:
1361 1516 1375 1533 «
1393 1502 1482 1547 quod
1510 1501 1635 1536 ostium
1664 1502 1762 1540 coeli,

131 1565 307 1607 quantum
334 1565 385 1596 est
410 1560 452 1595 de
478 1571 528 1603 se,
556 1571 694 1606 semper
719 1565 770 1596 est
796 1566 956 1607 apertum
986 1562 1103 1607 (Apoc.
1136 1560 1187 1602 Vl,
1224 1561 1258 1595 l:
1296 1575 1310 1592 «
1330 1560 1419 1598 vidi,
1449 1571 1479 1596 et
1507 1572 1584 1596 ecce
1612 1561 1646 1595 in
1673 1561 1765 1596 coelo

135 1619 263 1655 ostium
289 1625 451 1666 apertum
468 1632 498 1662 »3
525 1619 617 1666 quod
645 1619 805 1655 Christus
831 1625 894 1661 est,
921 1621 978 1666 qui
1006 1620 1047 1655 de
1074 1631 1109 1655 se
1136 1620 1209 1666 ipso
1236 1619 1319 1655 (licit
1346 1619 1391 1654 lo.
1422 1619 1459 1660 X,
1488 1619 1528 1654 7:
1565 1634 1578 1651 «
1598 1619 1663 1664 Ego
1689 1631 1763 1654 sum

134 1679 264 1715 ostium
285 1693 299 1711 »
325 1678 370 1714 Ex
390 1679 515 1715 obiect.
540 1679 594 1722 1);
617 1679 675 1715 sed
695 1679 798 1715 alicui
821 1679 978 1715 clausum
999 1680 1127 1715 dicitur
1147 1684 1284 1725 propter
1303 1679 1592 1725 impedimentum
1614 1679 1765 1713 intrandi

140 1738 173 1772 in
202 1737 350 1782 coelum,
381 1738 471 1784 quod
500 1738 536 1772 in
565 1738 639 1784 ipso
664 1743 728 1774 est.
760 1738 1052 1784 impedimentum
1079 1743 1197 1774 autem
1225 1739 1329 1773 totius
1356 1738 1530 1773 humanae
1561 1742 1704 1773 naturae
1730 1749 1766 1772 ex

141 1801 278 1843 peccato
305 1797 408 1843 primi
436 1797 590 1832 bominis
616 1803 857 1839 consecutum,
885 1809 945 1844 per
974 1798 1169 1844 passionem
1198 1796 1326 1832 Christi
1355 1802 1508 1832 amotum
1537 1802 1605 1837 est:
1635 1801 1667 1832 et
1694 1797 1769 1832 ideo

140 1855 286 1891 loannes
314 1860 388 1901 post
416 1856 613 1902 passionem
641 1856 726 1890 vidit
753 1856 789 1890 in
808 1856 902 1891 coelo
922 1856 1048 1891 ostium
1066 1861 1239 1902 apertum.
1271 1854 1336 1891 Sed
1355 1856 1468 1890 adhuc
1484 1855 1637 1901 quotidie
1652 1861 1766 1890 manet

138 1914 244 1949 alicui
272 1914 430 1950 clausum
459 1919 598 1961 propter
625 1920 803 1961 peccatum
832 1915 1001 1960 originale
1028 1916 1117 1960 quod
1145 1915 1328 1956 contraxit,
1348 1915 1397 1950 vel
1417 1914 1552 1949 actuale
1570 1914 1660 1959 quod
1679 1924 1769 1949 com-

143 1972 258 2016 misit;
291 1977 324 2008 et
360 1978 499 2019 propter
525 1974 587 2009 boc
627 1974 826 2019 indigemus
864 1974 1094 2009 sacramentis
1120 1978 1152 2009 et
1178 1973 1334 2008 clavibus
1374 1972 1543 2008 Ecclesiae
1562 1974 1596 2006 5:
1624 1972 1707 2017 quia
1732 1983 1769 2007 cx

144 2032 249 2068 latere
276 2031 405 2067 Christi
445 2033 652 2068 dormientis
678 2033 715 2068 in
741 2044 843 2069 cruce
869 2038 1088 2069 sacramenta
1126 2032 1300 2068 fluxerunt
1327 2032 1376 2073 (in
1405 2032 1516 2076 signo,
1544 2036 1580 2066 ut
1607 2031 1768 2074 videtur).

142 2101 184 2126 ex
210 2091 339 2137 quibus
366 2091 518 2127 Ecclesia
547 2091 736 2128 fabricatur
763 2096 867 2136 (vere,
885 2097 989 2138 atque
1010 2092 1155 2137 figurata
1183 2092 1217 2126 in
1239 2091 1326 2127 Evae
1346 2091 1551 2126 formatione
1568 2101 1607 2126 ex
1627 2090 1774 2134 Adamo)

146 2150 221 2186 ideo
248 2151 284 2185 in
312 2151 551 2187 Sacramentis
590 2151 762 2188 Ecclesiae
788 2152 939 2187 efficacia
980 2151 1149 2197 passionis
1190 2155 1317 2186 manet.
1346 2149 1384 2185 Et
1412 2155 1550 2196 propter
1581 2150 1643 2185 hoc
1669 2149 1771 2184 etiam

146 2210 319 2245 ministris
345 2210 528 2253 Ecclesiae,
554 2211 612 2257 qui
641 2217 723 2246 sunt
761 2211 1019 2257 dispensatores
1057 2210 1376 2250 Sacramentorum,
1413 2215 1564 2256 potestas
1589 2209 1706 2254 aliqua
1731 2208 1772 2243 ad

148 2269 364 2315 praedictum
390 2270 609 2306 obstaculum
636 2272 885 2306 removendum
914 2276 963 2305 est
990 2270 1125 2311 collata,
1154 2281 1223 2304 non
1252 2270 1401 2315 propria,
1428 2270 1484 2304 sed
1515 2269 1638 2303 virtute
1656 2267 1775 2302 divina

146 2333 180 2363 ct
208 2330 379 2375 passionis
406 2330 548 2372 Christi,
574 2335 607 2366 et
634 2330 717 2366 haec
746 2335 895 2376 potestas
924 2329 1156 2376 metaphorice
1183 2329 1290 2364 clavis
1318 2328 1487 2364 Ecclesiae
1519 2328 1659 2368 dicitur,
1688 2337 1776 2372 quae

146 2393 200 2425 cst
225 2388 332 2424 clavis
359 2389 590 2425 ministerii».
631 2389 743 2425 Huius
769 2390 929 2425 definitio
955 2394 1028 2426 est:
1073 2393 1255 2434 «potestas
1286 2388 1417 2432 ligandi
1445 2393 1475 2422 et
1515 2386 1683 2426 solvendi,
1709 2397 1775 2432 qua

150 2448 251 2484 iudex
277 2448 532 2484 ecclesiasticus
558 2449 682 2493 dignos
710 2449 875 2495 recipere⁷
898 2448 1061 2493 indignos
1080 2447 1261 2483 excludere
1288 2447 1389 2482 debet
1414 2457 1433 2481 a
1461 2456 1566 2491 regno
1584 2460 1614 2485 υ,
1643 2442 1732 2491 quae
1758 2457 1775 2479 a

151 2507 191 2542 Ο.
221 2507 285 2542 Th.
311 2507 390 2550 (loc.
420 2509 480 2543 cit.
508 2520 539 2544 a.
566 2507 586 2543 2
615 2508 728 2551 initio)
756 2509 886 2554 optime
911 2507 1110 2543 defenditur
1136 2518 1215 2542 cum
1243 2506 1483 2552 explicatione.
1509 2525 1554 2530 —
1582 2504 1651 2539 imo
1678 2504 1724 2538 ib.
1743 2515 1774 2538 a.

151 2565 171 2600 :3
199 2568 246 2610 c.)
265 2567 336 2603 ait:
381 2567 680 2613 «distinguuntur
717 2569 806 2603 duae
832 2568 963 2603 claves.-
1008 2577 1155 2612 quarum
1197 2577 1264 2601 una
1296 2564 1442 2611 pertinet
1469 2565 1510 2599 ad
1540 2563 1707 2598 iudicium
1734 2563 1774 2597 de

152 2626 342 2662 idoneitate
370 2627 445 2662 eius
471 2637 529 2673 qui
556 2627 792 2662 absolvendus
818 2632 880 2667 est,
910 2631 941 2661 et
967 2625 1036 2660 alia
1054 2625 1095 2660 ad
1114 2625 1224 2671 ipsam
1251 2624 1521 2659 absolutionem.
1553 2622 1590 2657 Et
1611 2622 1673 2657 liae
1692 2621 1779 2656 duae

151 2685 266 2721 claves
293 2696 363 2721 non
401 2686 668 2731 distinguuntur
696 2687 730 2720 in
758 2685 911 2721 essentia
949 2684 1177 2724 auctoritatis,
1207 2684 1290 2729 quia
1316 2687 1503 2728 utrumque
1530 2693 1569 2716 ex
1596 2681 1705 2715 otlicio
1731 2680 1780 2715 eis

152 2744 341 2790 competit;
370 2745 428 2780 sed
454 2756 495 2781 ex
521 2745 781 2791 comparatione
806 2745 849 2780 ad
875 2749 987 2788 actus,
1015 2754 1160 2789 quorum
1191 2754 1282 2778 unus
1307 2742 1414 2777 alium
1438 2740 1730 2787 praesupponit».

276 2853 286 2874 ¹
315 2852 418 2886 Sess.
447 2852 551 2895 XIV,
581 2864 660 2896 cap.
687 2852 721 2885 6.
756 2872 788 2877 —
820 2852 834 2874 2
859 2850 1003 2885 Matth.
1034 2849 1180 2888 XVIII,
1213 2849 1267 2883 18.
1310 2868 1352 2874 —
1390 2850 1403 2870 ³
1438 2849 1492 2881 Io.
1522 2847 1611 2889 XX,
1652 2847 1708 2880 23.
1742 2866 1779 2869 —-

155 2898 324 2944 *Suppt
354 2911 390 2944 q.
420 2900 532 2934 XVtt
561 2911 594 2933 a.
626 2903 642 2933 1
671 2899 719 2932 ad
750 2901 808 2932 lm.
842 2919 882 2923 —
910 2897 994 2931 5Ib.
1026 2909 1056 2931 c.
1087 2903 1125 2930 et
1153 2896 1199 2930 ad
1232 2901 1289 2930 11¹¹.
