1971 3261
204 190 271 224 502
607 187 690 221 [ΑΒ.
715 186 787 220 ΙΙΙ.
816 207 828 211 -
849 186 959 221 PARS
984 187 1016 220 I.
1044 205 1060 213 -
1084 187 1142 222 De
1167 187 1432 224 &loramentis

249 312 268 349 ἓ
295 307 324 341 2.
354 306 387 341 Si
417 307 509 341 intra
535 317 592 342 sex
627 316 765 341 menses
803 306 984 341 matrimo-

203 355 301 389 nium
327 358 544 389 contractum
572 364 641 388 non
681 353 794 395 fuerit,
833 353 985 399 publica-

202 402 312 437 tiones
339 406 552 447 repetantur,
582 400 648 434 nisi
683 400 778 435 aliud
814 400 877 435 loci
917 400 982 436 Or-

200 449 336 483 dinario
363 448 532 483 videatur.

249 496 333 531 Cis.
366 495 465 530 1031.
497 516 512 520 -
541 498 559 537 ξ
589 494 619 529 1.
651 494 773 530 Exorto
807 494 914 530 dubio
940 494 983 530 de

200 543 384 578 existentia
409 542 558 577 alicuius
584 541 847 588 impedimenti:

275 591 304 624 l.
360 589 532 624 Parochus
558 600 629 624 rem
656 589 852 624 accuratius
891 589 984 624 inve-

202 638 317 682 stiget,
340 636 586 681 interrogando
603 637 668 671 sub
687 637 884 671 iuramento
898 636 984 671 duos

201 684 322 720 saltem
350 689 452 719 testes
480 684 545 719 fide
576 684 713 729 dignos.
731 683 920 718 dummodo
938 694 983 719 ne

201 736 323 776 agatur
349 731 391 766 de
417 731 668 776 impedimento
686 741 726 766 ex
741 731 840 766 cuius
859 730 983 765 notitia

202 779 348 814 infamia
377 778 532 824 partibus
558 778 700 819 oriatur,
727 783 772 821 et,
794 778 821 812 si
842 788 982 813 necesse

203 826 316 866 fuerit,
346 826 438 870 ipsas
465 836 602 871 quoque
630 831 764 871 partes;

271 873 326 907 2.0
355 872 610 908 Publicationes
630 877 771 918 peragat
802 872 853 908 vel
882 871 982 918 perfi-

203 920 293 956 ficiat
312 920 338 954 si
358 920 503 955 dubium
524 924 637 955 ortum
664 919 708 954 sit
725 923 808 955 ante
826 919 982 965 inceptas

202 967 253 1003 vel
281 967 437 1013 expletas
464 967 741 1013 publicationes:

271 1013 326 1050 3.⁰
352 1014 574 1050 Matrimonio
611 1025 655 1050 ne
688 1014 838 1055 assistat,
865 1014 984 1049 incon-

201 1062 290 1097 sulto
316 1060 517 1103 Ordinario,
546 1062 572 1096 si
605 1061 751 1096 dubium
777 1061 892 1097 adhuc
930 1072 986 1096 su-

200 1120 335 1155 peresse
364 1109 551 1155 prudenter
578 1109 796 1144 iudicaverit.

246 1161 267 1199 ξ
291 1156 324 1190 2.
355 1155 492 1192 Detecto
519 1156 769 1202 impedimento
796 1160 911 1191 certo:

273 1203 325 1238 1.Ο
351 1203 386 1239 Si
415 1203 706 1249 impedimentum
725 1204 769 1237 sit
795 1203 981 1241 occultum¹

201 1251 368 1296 parochus
397 1250 649 1296 publicationes
676 1255 817 1297 peragat
845 1250 895 1286 vel
922 1250 979 1285 ab-

199 1298 321 1339 solvat,
350 1303 382 1334 et
397 1309 469 1333 rem
488 1298 633 1340 deferat,
654 1298 804 1334 reticens
822 1298 980 1340 nomina,

199 1345 242 1380 ad
270 1346 332 1381 loci
353 1343 582 1381 Ordinarium
604 1346 654 1380 vel
672 1345 715 1380 ad
734 1344 876 1380 Sacram
906 1345 983 1381 Poe·

201 1393 461 1433 nitentiariam;

272 1439 321 1475 20
341 1439 375 1476 Si
395 1440 439 1474 sit
460 1439 635 1485 publicum
654 1444 687 1475 et
705 1439 885 1484 detegatur
901 1444 983 1475 ante

201 1487 355 1534 inceptas
383 1487 648 1533 publicationes,
688 1487 858 1533 parochus
897 1486 981 1522 ulte-

200 1534 273 1569 rius
299 1545 342 1569 ne
362 1535 537 1581 procedat,
561 1534 669 1570 donec
690 1534 980 1580 impedimentum

200 1587 430 1626 removeatur,
475 1581 536 1617 etsi
581 1581 878 1627 dispensationem
923 1592 982 1627 pro

203 1630 274 1664 toro
300 1629 534 1665 conscientiae
552 1633 689 1664 tantum
715 1629 894 1664 obtentam
923 1639 982 1664 no-

200 1676 268 1712 rit:
297 1677 324 1711 si
352 1677 531 1721 detegatur
558 1681 633 1722 post
670 1677 819 1722 primam
845 1681 905 1711 aut
931 1687 982 1712 se-

1053 306 1205 342 cundam
1246 306 1530 352 publicationem,
1567 309 1736 354 parochus
1771 321 1832 356 pu-

1055 353 1259 389 blicationes
1285 354 1441 400 perficiat
1466 360 1499 390 et
1525 366 1596 390 rem
1616 356 1660 392 ad
1686 354 1834 392 Ordina-

1054 401 1145 435 rium
1172 400 1315 436 deferat.

1101 451 1132 490 ξ.
1147 446 1178 482 3.
1194 447 1337 483 Demum
1349 449 1375 483 si
1393 449 1531 484 nullum
1541 449 1713 485 detectum
1730 450 1831 485 fuerit

1054 494 1361 541 impedimentum,
1392 507 1453 531 nec
1487 496 1634 531 dubium
1662 507 1725 532 nec
1762 508 1833 533 cer-

1052 546 1142 583 tum,
1161 542 1342 587 parochus=
1357 542 1503 589 expletis
1524 543 1830 587 publicationibus,

1051 589 1094 624 ad
1116 590 1330 625 matrimonii
1347 590 1616 626 celebrationem
1636 596 1751 637 partes
1769 592 1830 627 ad-

1053 637 1180 671 mittat.

1101 682 1186 718 CAN.
1218 683 1320 718 1032.
1359 705 1371 709 -
1411 684 1634 720 Matrimonio
1665 696 1831 730 vagorum

1053 730 1095 766 de
1122 731 1249 776 quibus
1283 731 1319 765 in
1357 742 1435 766 can.
1477 732 1534 775 91,
1561 732 1746 778 parochus,
1775 743 1832 768 ex·

1053 782 1151 823 cepto
1177 788 1258 813 casu
1285 779 1514 821 necessitatis,
1545 790 1727 825 nunquam
1746 779 1831 815 assi·

1054 829 1133 866 stat,
1160 825 1240 865 nisi,
1272 836 1307 861 re
1340 826 1383 860 ad
1423 826 1485 862 loci
1515 825 1744 863 Ordinarium
1780 827 1832 862 vel

1052 872 1095 907 ad
1122 873 1335 908 sacerdotem
1354 873 1397 908 ab
1416 884 1455 909 eo
1482 874 1679 919 delegatum
1706 874 1832 916 delata,

1054 919 1231 954 licentiam
1258 920 1442 955 assistendi
1470 921 1671 960 obtinuerit.

1103 965 1185 1002 CAN.
1219 967 1321 1002 1033.
1350 988 1362 993 -
1390 967 1438 1003 Ne
1475 969 1612 1004 omittat
1647 968 1831 1014 parochus,

1054 1014 1246 1049 secundum
1268 1015 1441 1050 diversam
1461 1026 1689 1062 personarum
1716 1015 1833 1051 condi-

1053 1061 1197 1102 tionem,
1217 1072 1370 1113 'sponsos
1387 1062 1510 1098 docere
1535 1063 1756 1098 sanctitatem
1782 1074 1832 1098 sa-

1054 1113 1222 1144 cramenti
1240 1109 1470 1152 matrimonii,
1487 1115 1626 1145 mutuas
1643 1110 1832 1155 coniugum

1053 1155 1281 1201 obligationes
1315 1161 1348 1192 et
1381 1157 1610 1203 obligationes
1648 1162 1832 1198 parentum

1054 1214 1135 1247 erga
1174 1203 1322 1248 prolem,·
1363 1205 1572 1251 eosdemque
1610 1205 1832 1240 vehementer

1053 1250 1255 1285 adhortetur
1281 1256 1318 1285 ut
1334 1256 1416 1287 ante
1436 1251 1650 1287 matrimonii
1681 1251 1832 1287 celebra·

1054 1298 1186 1333 tionem
1216 1309 1279 1333 sua
1309 1304 1447 1344 peccata
1475 1299 1660 1344 diligenter
1690 1298 1829 1334 conlite-

1053 1350 1168 1385 antur,
1200 1349 1232 1380 et
1251 1346 1509 1381 sanctissimam
1531 1346 1758 1381 Eucaristiam
1779 1346 1833 1392 pie

1054 1392 1236 1438 recipiant.

1101 1439 1186 1475 cm.
1220 1438 1321 1474 1034.
1342 1461 1355 1465 -
1375 1440 1547 1476 Parochus
1561 1440 1712 1485 graviter
1727 1440 1830 1475 filios-

1057 1487 1207 1522 samilias
1241 1487 1393 1523 minores
1428 1487 1582 1523 hortetur
1616 1498 1660 1523 ne
1691 1487 1831 1533 nuptias

1055 1534 1186 1573 ineant,
1210 1534 1332 1569 insciis
1349 1539 1408 1570 aut
1427 1534 1682 1570 rationabiliter
1712 1534 1832 1569 invitis

1056 1581 1283 1627 parentibus3
1311 1582 1401 1628 quod
1429 1582 1456 1616 si
1487 1582 1688 1623 abnuerint,
1713 1593 1831 1617 eorum

1056 1629 1281 1664 matrimonio
1316 1640 1358 1664 ne
1392 1629 1544 1671 assistat,
1572 1629 1640 1664 nisi
1675 1629 1832 1665 consulto

1057 1676 1152 1722 prius
1183 1676 1245 1711 loci
1278 1674 1476 1712 Ordinario.

317 1808 415 1852 408.
452 1810 708 1866 Inscriptio
742 1810 918 1865 capitis
950 1822 1010 1854 ac
1033 1810 1138 1854 eius
1161 1822 1402 1854 canonum
1427 1811 1756 1855 coordinatio.
1779 1833 1829 1839 —-

203 1878 336 1936 Caput
370 1877 393 1922 I
421 1883 481 1922 est
515 1880 783 1935 inscriptum:
822 1877 880 1921 De
912 1878 981 1930 iis,
1015 1892 1122 1933 qaae
1154 1878 1420 1922 matrimonii
1455 1881 1589 1922 virum
1630 1881 1737 1922 inter
1778 1891 1826 1923 ac

199 1949 431 2003 mulierem,
465 1949 609 1993 saltem
645 1949 893 1992 alterutrum
929 1949 1194 2006 baptizatum,
1229 1948 1503 1993 celebrationi
1535 1949 1831 1993 scilicetzcon·

200 2022 347 2063 tractui
385 2019 447 2063 vel
482 2024 745 2063 sacramento
774 2019 999 2077 praemitti
1031 2021 1116 2063 fere
1150 2021 1287 2062 omnia
1321 2018 1467 2063 debent
1489 2032 1511 2063 a
1537 2018 1718 2076 parocho
1735 2032 1830 2062 cum

199 2088 411 2135 Ordinarii
446 2093 685 2134 interventu
718 2091 968 2148 quandoque
1001 2090 1317 2147 expostulando,
1352 2095 1394 2133 et
1426 2090 1697 2148 praesertim,
1735 2092 1830 2148 quia

200 2174 403 2205 canonum
441 2163 573 2205 maior
607 2173 700 2218 pars
733 2167 806 2215 est,
847 2160 897 2204 de
916 2160 1276 2219 publicationibus
1298 2160 1700 2216 matrimonialibu‘s‘,
1725 2173 1831 2216 quae

201 2235 332 2289 primo
368 2235 405 2275 in
441 2235 502 2276 ius
533 2246 755 2276 commune
791 2232 984 2276 inductae
1029 2234 1196 2276 inerunt
1229 2232 1280 2276 ab
1314 2232 1452 2276 lnnoc.
1485 2232 1538 2275 Ill
1572 2234 1611 2275 in
1646 2230 1831 2276 Concilio

199 2302 397 2359 generali,
435 2307 475 2346 ut
512 2303 653 2346 videre
687 2310 747 2346 est
781 2302 857 2347 sub
890 2302 966 2346 Tit.
1001 2302 1280 2346 Decretaliun]
1321 2301 1424 2346 «De
1457 2301 1714 2346 clandestina
1759 2302 1828 2345 de-

198 2376 460 2430 sponsatione
484 2390 503 2415 ))
542 2373 598 2427 (3,
632 2373 700 2430 lV)
735 2386 824 2430 cap.
860 2373 897 2424 3,
932 2378 970 2417 et
1003 2376 1239 2417 accuratius
1272 2373 1468 2417 definitae
1491 2385 1512 2416 a
1537 2371 1678 2417 (30110.ι
1703 2370 1829 2414 Trid.i

206 2444 394 2488 Patribus
418 2446 444 2488 ¹.

318 2515 359 2558 ln
394 2515 471 2559 hoc
504 2518 638 2572 capite
673 2521 755 2559 tres
788 2529 878 2560 can.
914 2516 1161 2559 1019-1021
1201 2521 1285 2559 tum
1320 2517 1372 2559 de
1404 2514 1588 2572 generali
1615 2516 1828 2572 requisito,

200 2591 283 2629 turn
319 2586 370 2629 (16
405 2589 723 2643 investigatione
757 2600 803 2630 ac
838 2587 888 2630 de
920 2589 1192 2630 sacramentis
1227 2589 1338 2642 prius
1371 2586 1641 2642 accipiendis,
1666 2597 1829 2642 praece-

200 2657 300 2700 ‹lunt
335 2657 436 2700 alios
469 2670 558 2700 can.
596 2657 856 2712 1022-1031,
892 2660 962 2715 qui
996 2658 1267 2701 moderantur
1309 2657 1652 2701 denunciationes
1691 2659 1827 2700 matri-

203 2727 412 2782 moniales,
448 2727 520 2771 has
555 2731 815 2784 praecipiens
847 2741 937 2772 can.
972 2729 1099 2782 1022,
1133 2733 1173 2771 et
1206 2729 1257 2771 (16
1289 2728 1369 2771 illis
1408 2728 1672 2784 perficiendis
1695 2727 1830 2770 deter-

204 2800 406 2841 minantes
439 2811 527 2843 can.
556 2799 667 2843 1023
694 2812 911 2855 personam
946 2799 1274 2854 denuntiantem,
1299 2811 1390 2843 can.
1420 2798 1527 2841 1024
1553 2800 1826 2842 circumstan-

320 2931 330 2952 1
359 2930 450 2974 Cap.
477 2930 651 2964 Tametsi
680 2932 711 2969 1,
740 2941 832 2964 sess.
859 2929 994 2963 XXIV
1019 2930 1076 2964 De
1102 2929 1170 2964 res.
1199 2929 1457 2963 Matrimonii.
