1971 3261
175 148 243 184 506
552 147 636 183 Lus.
665 147 736 181 111.
767 167 779 173 -
808 147 917 182 PARS
959 148 990 182 Ι.
1020 168 1032 174 -
1059 148 1116 183 De
1156 148 1422 183 §aeramentis
1581 148 1674 184 Can.
1708 149 1800 184 1020

175 268 225 310 ab
271 267 361 309 illis.
398 291 449 296 —
488 265 694 309 Parochus
742 268 1059 322 «interroget»
1088 279 1253 324 quoque
1279 271 1322 309 ut
1362 279 1487 322 supra
1523 266 1564 324 b)
1609 281 1663 309 cm
1706 280 1798 310 con·

174 350 336 379 sensum
374 336 720 379 matrimonialem
758 341 897 393 postea
932 339 1008 379 rite
1043 337 1363 393 exprimendum
1398 336 1527 380 libere
1546 337 1798 395 praesertim

174 406 341 460 medier,
374 409 492 450 cuius
526 406 693 450 libertas
732 408 990 464 frequentius
1039 407 1284 465 faciliusque
1334 406 1524 462 laeditur,
1564 412 1799 465 praestem,

174 491 245 520 seu
291 482 331 520 ut
376 477 413 520 id
460 476 640 533 explicat
687 476 833 520 Bened.
871 476 984 522 XIV:
1025 493 1045 518 <‹
1068 490 1118 521 an
1153 491 1201 521 ex
1242 477 1464 532 voluntate,
1498 482 1642 534 sponte
1675 490 1722 521 ac
1756 477 1800 520 li-

177 548 318 591 benter
350 553 389 591 et
427 561 524 590 vero
558 561 652 591 cum
687 549 812 590 animi
848 561 1053 591 consensu
1088 550 1126 590 in
1161 550 1472 591 matrimonium
1501 550 1680 591 vicissim
1706 561 1800 591 con-

175 621 398 674 iungantur
422 633 468 662 ));
513 623 552 660 e!
596 618 765 661 demum
817 620 1130 674 «interroget»
1178 621 1302 662 etiam
1347 623 1389 661 ut
1431 630 1557 675 supra
1593 619 1634 673 c)
1669 632 1723 660 (ιη
1757 617 1800 660 in

173 688 367 731 doctrina
402 687 640 731 clm-issima
672 687 934 746 sufficienter
966 688 1166 731 instructi
1199 689 1300 743 sint,
1339 709 1353 728 «
1382 702 1477 732 cum
1512 701 1602 732 eam
1647 688 1804 732 deinde

175 759 278 802 tilios
311 773 406 802 suos
430 760 581 803 docere
604 759 784 803 debeant
805 775 826 800 »
857 764 899 802 nt
922 762 979 803 ait
1003 759 1080 803 Rit.
1105 759 1223 805 Rom.
1249 760 1344 817 (loc.
1370 759 1473 816 cit),
1493 764 1532 803 et
1559 761 1800 816 praesertim

173 832 268 886 quia
311 832 447 886 sponsi
493 832 740 886 recipientes
784 832 822 872 in
869 832 1119 873 matrimonii
1165 831 1448 874 celebratione
1491 835 1803 873 sacramentum

176 903 368 944 vivorum
403 906 443 944 et
475 900 748 957 obligationes
781 901 1045 956 assumendo,
1079 901 1129 945 ad
1164 901 1287 945 talem
1324 903 1640 945 instructionem
1677 903 1802 957 possi-

173 972 352 1015 dendam
394 972 485 1028 lege
519 972 661 1015 divina
695 977 734 1015 et
767 971 1049 1016 ecclesiastica
1084 972 1149 1016 hic
1184 973 1383 1029 implicita
1420 977 1628 1026 tenentur,
1663 974 1700 1014 in
1725 983 1806 1029 qua

173 1042 587 1098 comprehenduntur
621 1042 788 1085 scienda
823 1045 1067 1086 necessitate
1102 1043 1228 1086 medii
1261 1055 1310 1086 ac
1344 1045 1566 1099 praecepti.

290 1113 342 1156 At
385 1118 495 1157 recte
540 1118 678 1156 monet
714 1112 864 1157 Bened.
901 1112 1015 1157 XIV:
1055 1113 1361 1170 «Quandoque
1408 1115 1593 1168 evenire,
1628 1117 1671 1156 ut
1698 1116 1805 1178 ”quis

173 1187 394 1241 praecipua
429 1184 522 1227 {idei
560 1189 721 1227 nostrae
757 1187 950 1239 mysteria
984 1189 1023 1227 et
1056 1187 1159 1228 sciat
1191 1189 1231 1227 et
1264 1184 1421 1232 credat,
1464 1189 1600 1227 cetera
1637 1185 1803 1240 pariter,

161 1268 277 1313 ¹quae
312 1259 555 1299 necessitate
586 1258 797 1312 praecepti
822 1260 917 1299 sunt
939 1256 1207 1307 addiscenda,
1231 1255 1372 1312 aliquo
1396 1255 1540 1298 saltem
1567 1255 1656 1298 rudi
1684 1254 1804 1298 modo

173 1329 417 1383 perceperit,
452 1326 522 1370 sed
557 1329 653 1384 quia
687 1326 846 1370 hebetis
889 1331 950 1370 est
994 1329 1146 1383 ingenii
1198 1331 1238 1370 et
1285 1326 1406 1369 exilis
1442 1328 1680 1374 memoriae,
1717 1330 1805 1382 post

171 1410 337 1440 omnem
371 1396 597 1440 adhibitam
632 1396 891 1453 diligentiam
917 1397 983 1440 illa
1021 1399 1219 1440 memoria
1245 1399 1423 1440 retinere
1457 1401 1495 1439 et
1527 1398 1701 1439 recitare
1725 1409 1802 1438 non

176 1468 322 1523 valeat,
358 1470 396 1510 in
434 1468 508 1511 hoc
542 1473 680 1511 autem
717 1481 855 1510 rerum
879 1473 985 1511 statu
1022 1481 1100 1511 non
1136 1467 1259 1512 debet
1284 1472 1483 1524 perpetuo
1516 1469 1648 1511 arceri
1673 1480 1695 1510 a
1721 1480 1804 1510 ma·

173 1541 379 1593 trimonio,
413 1539 522 1596 quod
557 1543 617 1582 est
651 1541 881 1582 institutum
918 1541 955 1582 in
991 1539 1173 1582 officium
1209 1543 1394 1593 naturae,
1418 1543 1457 1582 et
1492 1543 1710 1595 propterea
1736 1551 1803 1581 ne-

174 1613 271 1653 mini
296 1612 383 1653 sine
409 1612 572 1666 propria
598 1610 718 1666 culpa
753 1614 813 1653 est
848 1610 1099 1666 negandum,
1124 1610 1193 1653 sed
1220 1609 1383 1653 curabit
1408 1609 1630 1666 parochus,
1657 1613 1710 1664 ut,
1734 1611 1803 1666 qui

173 1695 220 1726 eo
256 1684 480 1724 memoriae
513 1681 677 1724 defectu
714 1681 885 1732 laborat,
918 1682 1157 1739 frequenter
1188 1681 1342 1736 audiat,
1377 1693 1482 1737 quae
1514 1679 1641 1723 semel
1667 1692 1804 1724 crasse

172 1753 332 1805 didicit,
367 1766 416 1795 ne
459 1751 510 1795 ab
544 1755 633 1795 eius
678 1757 813 1795 mente
858 1754 1019 1808 penitus
1064 1751 1344 1795 elabantur».
1380 1751 1495 1795 Hanc
1539 1752 1803 1794 monitionem

175 1823 396 1866 confirmat
428 1828 465 1866 et
499 1822 680 1878 complet
712 1835 890 1879 sequens
924 1821 1150 1866 declaratio
1197 1822 1347 1865 Pont.²²e
1379 1820 1572 1866 Commis.
1608 1822 1657 1865 ad
1692 1820 1806 1865 Cod.s

173 1899 282 1938 can.⁸
315 1894 428 1937 auth.
465 1893 798 1950 interpretandos
823 1894 834 1915 ¹
875 1908 896 1934 ((
921 1892 984 1947 lV,
1021 1893 1058 1937 3.
1093 1893 1132 1936 Si
1172 1905 1321 1949 sponsa
1370 1892 1433 1935 vel
1476 1906 1650 1949 sponsus
1694 1895 1807 1935 inve—

176 1967 341 2008 niantur
372 1966 503 2020 ignari
537 1964 750 2007 doctrinae
784 1963 1048 2018 christianae,
1083 1966 1215 2007 eritne
1259 1963 1373 2007 locus
1416 1977 1486 2007 eos
1530 1963 1750 2020 respuendi
1784 1975 1805 2006 a

176 2038 451 2087 matrimonio7
490 2035 551 2078 vel
588 2035 807 2078 differendi
845 2036 1156 2078 matrimonium
1190 2047 1321 2092 usque
1363 2034 1414 2078 ad
1460 2034 1806 2077 instructionem?

292 2105 434 2162 Resp:
472 2105 679 2149 Par-ochus
728 2110 867 2148 servet
913 2107 1214 2161 praescriptum
1260 2107 1430 2148 canonis
1465 2094 1592 2159 10‘020,
1624 2103 1653 2161 ἓ
1687 2104 1735 2153 Q·
1767 2108 1806 2146 et

174 2176 273 2219 dum
307 2188 353 2219 ea
389 2178 564 2232 peragit,
597 2188 702 2233 quae
734 2174 873 2220 Codex
912 2175 1147 2232 peragenda
1193 2174 1450 2231 praescribit,
1485 2187 1657 2230 sponsos
1690 2175 1805 2229 igno—

177 2251 314 2290 rantes
347 2246 490 2290 sedulo
524 2246 695 2289 edoceat
731 2248 863 2302 prima
886 2246 1030 2289 saltem
1066 2246 1280 2289 doctrinae
1302 2244 1554 2288 christianae
1577 2243 1804 2287 elementa:

175 2318 320 2374 quodsi
358 2322 544 2371 renuant,
580 2330 657 2360 non
692 2323 751 2360 est
787 2316 901 2360 locus
934 2330 1004 2360 eos
1039 2316 1263 2372 respuendi
1297 2328 1318 2358 a
1355 2317 1618 2358 matrimonio
1641 2314 1691 2358 ad
1718 2327 1806 2356 nor-

177 2400 284 2430 mam
320 2390 489 2431 canonis
518 2388 627 2431 1066
652 2404 691 2428 )).
711 2414 768 2418 -—
789 2387 817 2430 E
841 2392 984 2431 contra
1017 2392 1139 2430 cavet
1161 2399 1317 2431 canon:
1342 2386 1427 2428 Μετ’
1450 2385 1496 2429 ob
1527 2398 1803 2443 personarum

176 2458 425 2516 qualitatem
461 2461 742 2502 instructionis
776 2461 997 2515 praecipue
1034 2471 1082 2502 ac
1117 2460 1279 2514 pietatis
1313 2456 1413 2500 llaec
1446 2455 1597 2499 ultima
1630 2456 1807 2499 interro-

173 2530 290 2586 qatio
325 2529 512 2586 (propter
544 2531 653 2587 quod
693 2530 865 2573 verbum
910 2543 1058 2573 censeo
1093 2541 1292 2572 canonem
1338 2528 1553 2585 generales
1585 2528 1656 2571 sed
1693 2532 1804 2570 iaxa-

176 2603 259 2644 tive
295 2603 640 2656 interrogationes
685 2601 893 2644 iaciendas
939 2599 1240 2656 praescribere)
1284 2597 1452 2641 inutilis
1492 2603 1632 2654 utpote
1676 2597 1726 2641 de
1761 2611 1803 2640 re

177 2676 290 2714 certo
323 2674 486 2727 cognita
521 2677 744 2728 appareat.

295 2741 443 2786 Ultimo
480 2743 628 2785 tactam
663 2742 1070 2786 animadversionem
1095 2742 1314 2785 confirmat
1347 2741 1578 2784 decernens
1611 2741 1636 2793 ἓ
1659 2739 1698 2782 3.
1727 2738 1803 2782 Or-

298 2896 306 2917 1
335 2896 397 2929 :2-3
426 2895 513 2929 Iun.
546 2895 649 2935 1918,
682 2895 759 2929 CO.
790 2895 924 2929 X-345.
