1971 3261
14 2662 39 2687 N&

150 119 244 156 Can.
273 120 364 155 1009
721 119 807 153 ΤΙΤ.
838 119 902 152 VI.
931 139 942 144 ·
972 119 1027 154 De
1062 119 1205 153 Ordine
1710 120 1773 152 <stt

149 250 256 294 cap„
290 237 331 295 a)
367 238 406 280 in
442 236 682 280 cathedrali
714 237 903 292 ecelesia,
936 240 1001 280 0111
1037 237 1287 294 aequipollet
1320 236 1538 280 abbatialis
1576 237 1635 279 1οΙ
1663 249 1779 292 prae·

153 308 294 363 latitia,
329 308 494 365 quando
530 308 622 351 illae
656 307 921 351 celebrantur
954 308 1004 351 ab
1056 306 1215 351 Abbate
1268 307 1328 349 vel
1383 306 1565 350 l'raelato
1616 307 1779 353 nullius,

153 378 196 435 b)
228 379 386 422 voeatis
416 377 791 436 praesentibusque
823 378 1022 421 ecelesiae
1044 378 1271 432 canonicis,
1300 378 1361 420 1·οΙ
1389 381 1425 420 111
1451 391 1594 420 eorum
1618 378 1780 421 defectu

151 449 457 494 consultoribus
491 449 752 492 dioecesanis
784 449 833 492 ad
873 454 1050 492 mentem
1087 463 1176 493 can.
1213 449 1311 502 427,
1345 449 1386 504 c)
1417 448 1581 506 publice
1603 447 1780 491 scilicet:

153 523 339 577 ingressu
377 525 542 576 patente
577 519 760 562 tidelium
799 519 1051 563 multitudini
1097 519 1369 563 celebrentur.
1417 518 1471 562 lta
1518 520 1782 575 praescripsit

150 591 335 635 Ecclesia
372 590 608 634 faciendum
653 590 705 633 ob
752 593 947 633 maiorem
994 591 1214 635 sacerdotii
1263 590 1459 633 lionorem
1495 590 1602 646 apud
1641 589 1784 632 tideles

151 662 502 720 promovendum,
527 674 574 705 ac
600 664 713 705 iuxta
741 675 896 705 morem
925 665 961 704 in
987 665 1158 719 antiquo
1191 667 1401 705 servatum
1429 666 1466 704 et
1491 660 1628 704 adbuc
1665 662 1701 702 in
1727 672 1786 703 sa-

150 746 220 777 cra
247 732 413 789 liturgia
440 736 733 786 memoratum,
752 733 918 789 quando
945 733 1082 789 populi
1119 733 1271 776 bonum
1307 734 1588 775 testimonium
1614 731 1664 774 de
1690 744 1781 786 pro-

153 802 371 847 movendis
389 802 745 859 expostulabatur,
770 805 965 860 quamvis
990 816 1067 845 non
1092 805 1143 846 sit
1167 804 1335 845 omnino
1360 803 1654 855 necessarium,
1679 803 1785 843 sicnt

150 874 369 918 delinitum
394 878 455 917 est
479 875 516 916 in
541 873 688 917 eodem
714 872 837 917 Cone.
866 873 902 923 *ς
925 874 963 916 si
982 879 1122 916 (uelem
1145 873 1388 929 Episcopus,
1414 872 1553 916 Abbas
1580 871 1641 915 vet
1670 871 1787 914 Prae-

153 943 259 988 latus
278 943 432 987 nullius
449 956 519 987 eas
537 943 721 987 celebret
747 943 787 986 in
823 943 909 987 alio
942 943 1144 987 dioecesis
1169 943 1271 997 loeo,
1301 959 1318 983 «
1339 945 1458 986 cuius
1482 944 1648 985 nomine
1675 943 1785 985 venit

150 1028 317 1072 quoque
351 1015 516 1059 abbatia
554 1014 615 1058 vel
655 1015 888 1071 praelatura
925 1014 1115 1058 nullius»
1154 1014 1266 1071 (can.
1292 1014 1375 1056 ⁶215
1407 1014 1435 1071 ᾗ·
1476 1013 1531 1069 Ξ),
1577 1012 1618 1069 a)
1659 1026 1784 1070 prae-

151 1091 268 1129 sente
299 1085 410 1129 clero
444 1085 526 1129 loci
560 1085 602 1137 b)
636 1085 822 1143 diqnior,
856 1085 933 1129 sub
967 1085 1228 1128 conditione:
1264 1089 1464 1142 quantuni
1501 1083 1594 1139 fieri
1615 1083 1787 1140 polerit,

151 1156 223 1200 sed
261 1161 355 1200 tunc
392 1158 674 1213 praeceptive,
692 1156 867 1199 ecelesia
902 1155 1097 1209 adeatur,
1133 1156 1261 1199 idest:
1299 1160 1339 1198 ut
1376 1157 1413 1197 in
1450 1167 1496 1197 ea
1523 1154 1789 1197 celebrentur

155 1232 324 1284 propter
356 1227 510 1270 dictam
544 1239 668 1284 supra
704 1229 923 1270 rationem.

276 1298 437 1342 Poterat
471 1297 644 1354 intelligi
676 1296 909 1341 Conciliare
943 1297 1163 1341 Decretum
1196 1300 1249 1340 ita
1275 1302 1317 1340 ut
1340 1309 1485 1340 sacrae
1509 1296 1790 1339 ordinationes

152 1374 270 1413 extra
305 1374 492 1425 tempora
527 1370 651 1411 etiam
689 1370 727 1412 in
763 1368 1022 1425 Episcopalis
1058 1368 1200 1412 Palatii
1235 1368 1388 1412 sacello
1424 1369 1512 1410 lieri
1545 1372 1721 1423 possent.
1749 1366 1788 1409 ld

162 1453 260 1484 vero
294 1442 353 1484 sic
387 1442 591 1496 expressit
625 1453 718 1483 cum
757 1440 1042 1484 moderamine
1073 1439 1102 1497 g
1138 1442 1181 1482 2.
1217 1438 1307 1484 Non
1355 1437 1605 1497 prohibetur
1652 1443 1791 1480 autem

157 1510 408 1569 Episcopus,
428 1524 474 1554 ac
495 1511 668 1567 proinde
689 1510 817 1554 libere
838 1516 982 1567 potest,
1002 1510 1043 1568 a)
1067 1511 1181 1553 iusta
1205 1509 1410 1553 suadente
1433 1523 1576 1563 eausa,
1604 1523 1639 1553 v.
1665 1523 1725 1565 gr.
1752 1513 1793 1551 nt

159 1595 317 1625 morem
352 1587 469 1638 gerat
504 1581 782 1638 regularibus,
805 1584 875 1639 qui
900 1582 1111 1638 gaudeant
1135 1580 1356 1638 privilegio
1381 1582 1652 1638 promotionis
1675 1584 1791 1623 extra

157 1659 360 1711 tempora,
397 1658 438 1696 ut
473 1653 651 1697 celerius
683 1652 810 1711 aliqui
846 1653 895 1697 ad
921 1653 1217 1702 sacerdotium,
1243 1653 1368 1709 digne
1393 1658 1528 1696 tamen
1554 1651 1795 1703 ascendant,

160 1725 203 1783 b)
236 1724 530 1769 ordinationes
560 1724 864 1782 particulares,
900 1737 1006 1782 quae
1038 1723 1141 1768 tales
1173 1726 1268 1775 sint,
1288 1737 1335 1767 00
1369 1723 1477 1781 (111011
1504 1723 1656 1766 dantur
1679 1726 1794 1766 extra

160 1803 360 1854 tempora,
398 1795 458 1839 vet
494 1798 590 1853 quia
625 1809 704 1839 non
741 1796 978 1839 indistincte
1013 1809 1085 1852 pro
1119 1797 1327 1848 omnibus,
1363 1794 1514 1837 habere
1549 1793 1588 1851 c)
1628 1793 1671 1836 in
1696 1793 1797 1836 aliis

158 1867 288 1911 etiam
321 1866 508 1910 eeclesiis
541 1865 877 1924 quibuscumque
912 1869 1077 1923 proprie
1110 1866 1160 1910 ad
1196 1878 1385 1909 normam
1420 1878 1510 1909 can.
1546 1865 1650 1908 1161
1684 1867 1800 1908 item-

159 1952 241 1996 que
275 1938 319 1992 (1)
347 1938 387 1980 in
413 1938 604 1981 oratorio
630 1951 708 1981 11011
743 1940 823 1981 iam
860 1937 1026 1994 publico
1060 1942 1131 1980 aut
1163 1936 1350 1995 quolibet
1393 1936 1680 1990 semipublico,
1725 1935 1796 1978 sed

159 2009 202 2065 a)
235 2007 382 2052 domus
424 2008 678 2066 episcopalis
724 2010 783 2051 sic
815 2009 951 2052 dictae
986 2013 1154 2065 propter
1186 2007 1379 2064 Episcopi
1416 2007 1697 2061 residentiam,
1730 2009 1796 2050 cui

160 2079 413 2137 aequipollet
449 2081 536 2122 iure
571 2079 719 2122 domus
753 2078 973 2123 abbatialis
1009 2078 1072 2121 vel
1120 2077 1350 2135 praelatitia
1394 2082 1584 2134 respectu
1625 2076 1801 2121 Abbatis

167 2149 232 2194 vel
253 2149 427 2193 Praelati
455 2149 607 2193 nullius
632 2149 674 2206 b)
700 2155 774 2192 aut
797 2149 1037 2204 seminarii,
1060 2152 1097 2205 c)
1120 2155 1194 2192 aut
1217 2148 1446 2206 reliqiosae
1467 2147 1614 2192 domus
1638 2161 1800 2204 nempe:

170 2221 388 2264 «alicuius
423 2220 636 2277 religionis
671 2223 708 2263 in
734 2234 927 2277 genere»
967 2220 1076 2278 (can.
1113 2220 1197 2263 488
1232 2234 1271 2265 11.
1308 2221 1385 2277 50).

285 2291 585 2335 Praecedentes
620 2293 969 2348 praescriptiones
1004 2293 1231 2347 respiciunt
1264 2291 1548 2334 ordinationes
1587 2292 1625 2333 in
1659 2291 1803 2338 sacris,

163 2367 324 2406 ceteras
361 2376 459 2405 vero
494 2364 756 2420 primamque
783 2368 1008 2414 tonsuram,
1034 2362 1201 2419 quando
1226 2362 1303 2405 liae
1343 2364 1448 2405 intra
1484 2363 1704 2404 missarum
1729 2360 1804 2404 sol-

166 2433 317 2477 lemnia
351 2447 446 2477 cum
481 2433 573 2477 aliis
605 2434 890 2478 conseruntur.
917 2433 1032 2477 Hanc
1066 2435 1175 2476 enim
1203 2435 1588 2489 interpretatimiem
1614 2435 1803 2488 suggerit

163 2504 192 2562 ξ
222 2506 263 2548 3.
305 2503 446 2547 Priina
481 2510 673 2559 tonsura,
705 2518 784 2548 non
824 2517 1130 2562 «quocumque
1166 2504 1254 2547 loco
1276 2519 1294 2544 ›)
1324 2506 1518 2561 quamvis
1542 2503 1705 2547 decenti
1732 2503 1802 2545 sed

167 2576 350 2632 profano,
386 2581 427 2619 ut
462 2575 726 2632 permittebat
770 2576 881 2620 Pont.
928 2575 1063 2631 Rom,
1104 2588 1200 2618 cum
1245 2588 1481 2631 «expresse
1525 2577 1801 2630 corrigatur»

167 2646 277 2703 (can.
312 2646 354 2703 52)
391 2646 456 2690 1110
491 2647 704 2704 implicite,
738 2652 777 2690 et
810 2646 979 2690 ordines
1004 2646 1186 2689 minores
1210 2645 1412 2703 conferri,
1437 2659 1513 2689 nec
1536 2645 1704 2689 additur
1727 2647 1805 2688 cir-

166 2720 415 2761 cumstantia
455 2723 612 2762 «extra
649 2720 867 2761 missarum
900 2717 1161 2771 solemnia»,
1197 2717 1292 2760 hinc
1316 2730 1482 2774 qnoque
1508 2719 1612 2759 intra
1638 2729 1682 2759 ea
1708 2730 1804 2773 pos-

291 2872 300 2892 ¹
330 2870 422 2905 Can.
450 2871 470 2905 7
499 2871 675 2906 eiusdem
703 2871 803 2905 Sess.

255 2948 348 2976 er
372 2963 390 2970 -
417 2947 539 2977 Comm.
570 2949 652 2977 Text.
679 2948 754 2977 Coe.
781 2949 850 2977 [nr.
878 2949 962 2977 Can.
1687 2947 1725 2976 31
