1971 3261
546 451 1004 518 BENEVOLO
1062 451 1421 517 LECTORI

971 580 1006 613 ‘³10

308 809 427 857 Hoc
455 808 704 856 volumen
734 824 894 866 nunc,
924 808 1141 856 favente
1182 808 1311 867 Deo,
1341 808 1519 872 prodit
1552 808 1802 866 secundo,

165 919 271 951 non
312 903 468 950 aliter
507 919 569 950 ac
607 905 663 950 in
692 902 1035 966 praecedenti
1076 902 1311 950 editione
1352 903 1511 950 simul
1539 907 1592 950 et
1631 918 1693 950 ea
1731 905 1804 949 in-

164 1000 407 1045 tentione
447 999 822 1061 compositum,
866 1000 926 1044 ut
964 997 1248 1060 tyronibus
1289 999 1419 1044 iuris
1465 999 1710 1045 canonici
1749 999 1804 1043 in

165 1092 466 1156 profectum
505 1109 606 1140 usu
634 1095 819 1139 veniat
858 1108 1067 1139 necnon
1095 1091 1214 1139 aliis
1255 1091 1495 1139 eiusdem
1528 1094 1659 1139 iuris
1699 1097 1804 1139 stu-

163 1186 341 1246 diosis,
373 1187 568 1250 quibus
595 1191 808 1251 tempus
836 1204 943 1235 non
966 1191 1125 1234 vacat
1150 1203 1244 1250 per
1272 1190 1472 1251 seipsos
1499 1189 1803 1235 accuratius

163 1280 418 1329 Codicem
457 1284 807 1344 investigare.
848 1281 1111 1329 Attamen
1150 1298 1245 1346 per
1270 1282 1412 1329 hanc
1452 1282 1804 1330 elucubratio-

163 1392 286 1423 nem
316 1376 564 1424 omnibus
592 1392 804 1440 quoque
830 1376 1079 1440 prodesse
1107 1377 1455 1436 intendimus,
1486 1380 1575 1440 qui
1611 1394 1802 1443 nempe

164 1488 271 1519 una
322 1487 537 1518 mecum
589 1487 846 1535 usurpare
897 1475 1124 1536 possunt
1162 1470 1410 1536 Apostoli
1450 1472 1614 1520 verba
1652 1473 1695 1537 (I
1735 1474 1802 1521 ad

162 1564 488 1625 CorinthiOS,
519 1566 613 1625 IV,
648 1564 720 1631 1):
772 1587 793 1610 <‹
824 1565 913 1614 Sic
951 1583 1048 1615 nos
1088 1569 1366 1614 existimet
1404 1567 1579 1625 homo,
1611 1573 1671 1616 ut
1710 1571 1802 1616 mi-

160 1662 360 1709 nistros
399 1660 616 1720 Christi,
659 1665 713 1709 et
757 1661 1153 1726 dispensatores
1199 1665 1582 1725 mysteriorum
1622 1663 1799 1711 Dei».

164 1755 381 1803 Etenim
420 1772 592 1804 novae
618 1757 782 1820 Legis
821 1760 1174 1816 sacramenta,
1204 1773 1341 1821 quae
1381 1774 1447 1805 ex
1474 1774 1527 1805 se
1568 1760 1800 1820 gratiam

161 1850 462 1906 conferunt,
491 1867 599 1899 non
631 1851 833 1915 absque
872 1853 1081 1900 ratione
1109 1856 1398 1900 censentur
1436 1853 1730 1915 indigitata
1769 1870 1800 1901 a

162 1947 505 2010 praecinente
532 1946 796 2011 propheta
811 1945 1004 2012 (Isaiae
1025 1947 1151 2005 XII,
1176 1946 1243 2013 4):
1283 1968 1303 1991 «
1326 1948 1605 1995 Haurietis
1633 1964 1799 2012 aquas

159 2056 281 2088 cum
334 2041 532 2104 gaudio
583 2042 648 2089 de
698 2042 936 2090 fontibus
989 2042 1284 2091 Salvatoris
1313 2063 1358 2090 ›>,
1402 2043 1506 2091 Sed
1558 2043 1801 2092 Ecclesia

167 2155 188 2178 «
213 2137 268 2182 in
299 2140 758 2184 sacramentorum
799 2125 1216 2202 dispensatione,
1248 2138 1397 2186 salva
1435 2139 1651 2187 illorum
1679 2139 1795 2186 sub-

159 2232 374 2288 stantia,
405 2246 467 2278 ea
508 2234 716 2290 statuit,
747 2232 834 2279 vel
861 2236 1053 2290 mutat,
1084 2249 1221 2296 quae
1261 2235 1671 2297 suscipientium
1700 2237 1798 2281 uti-

157 2324 315 2383 litati,
358 2341 451 2373 seu
503 2328 741 2389 ipsorum
795 2331 1255 2376 sacramentorum
1295 2330 1648 2386 venerationi,
1701 2345 1795 2392 pro

157 2435 351 2477 rerum,
378 2422 679 2484 temporum
702 2424 755 2468 et
775 2421 1015 2469 locorum
1042 2424 1322 2481 varietate,
1345 2425 1518 2485 magis
1547 2423 1797 2486 expedire

159 2513 364 2561 iudicat
392 2534 413 2558 »
470 2513 651 2580 (Conc.
682 2515 827 2564 Trid.
859 2533 984 2564 sess.
1014 2517 1166 2576 XXI,
1214 2534 1328 2582 cap.
1360 2517 1426 2583 2).
1469 2518 1796 2565 Huiusmodi

161 2623 288 2671 ergo
328 2612 535 2657 statuta
559 2612 662 2658 rite
689 2616 970 2675 perspecta
998 2612 1195 2660 habere
1234 2617 1419 2661 nostra
1458 2615 1697 2670 interest,
1728 2629 1794 2660 ne

155 2704 387 2750 intentio
409 2703 460 2751 S.
486 2704 677 2752 Matris
698 2706 972 2754 Ecclesiae
994 2709 1276 2771 copiosiori
1298 2709 1476 2754 fructu
1499 2707 1791 2754 fraudetur.

295 2796 359 2844 In
381 2796 483 2845 hoc
505 2814 661 2862 opere
689 2799 757 2847 ad
784 2802 953 2864 ipsius
974 2803 1316 2849 tractationis
1338 2801 1793 2865 complementum

153 2890 386 2954 plurima
412 2891 647 2940 delibavi
675 2909 742 2941 ex
767 2895 1043 2958 theologia
1067 2900 1187 2944 tum
1208 2896 1516 2958 dogmatica
1543 2900 1658 2943 tum
1686 2911 1792 2943 mo-
