1971 3261
0 1458 5 1596 w-
0 961 7 1447 va—2———va--u--Q—pvgfflae
0 464 9 952 2-—4--ffl—w—---
4 433 6 453 -
0 305 10 422 -Μ
0 244 7 289 .-;«
0 174 9 228 ;ᾈ;1

609 179 737 204 INDEX
765 177 958 204 CANONUM
984 178 1035 202 ET
1061 177 1343 203 COMMENTARII

156 346 214 381 De
241 345 527 381 distributione
552 357 717 380 onerum
744 346 952 380 missarum
969 374 976 380 .

157 405 311 448 Quibus
337 404 608 440 sacerdotibus
634 404 910 439 distribuenda
936 405 1149 439 missarum
1181 416 1312 439 onera.

158 464 214 498 De
242 464 505 498 translatione
530 464 662 498 oneris
688 464 895 497 missarum

158 523 373 566 Quantitas
400 522 592 568 stipendii
618 523 827 557 missarum
855 522 1093 557 traditarum

155 582 213 616 De
240 582 484 628 obligatione
511 581 743 616 remittendi
771 580 995 615 Ordinariis
1021 581 1231 615 missarum
1258 593 1377 616 onera
1415 610 1421 616 .

154 640 212 675 De
239 642 339 686 vig
329 641 454 675 mitia
479 640 581 675 circa
606 640 817 674 missarum
844 651 964 675 onera
990 645 1035 674 ut
1061 640 1357 685 adimpleantur
1414 668 1421 675 .

154 701 212 735 De
239 700 351 734 libris
377 711 542 734 onerum
568 700 778 734 missarum

154 760 211 794 De
237 758 497 793 adnotatione
523 758 734 793 Missarum
760 758 807 792 ab
835 758 1074 800 Ordinariis‚
1103 729 1384 803 Superioribus
1411 764 1451 794 et
1477 771 1534 794 sa·

249 817 475 852 cerdotibus
501 817 675 863 gerenda

153 877 497 922 Complementum
533 876 654 911 huius
681 877 767 910 Art.
797 876 864 910 IV.

358 1017 494 1052 CAPUT
520 1017 572 1051 II.
603 1038 644 1042 —
674 1017 728 1052 De
754 1016 1000 1052 sanctissimo
1026 1016 1301 1052 Eucharistiae
1327 1019 1587 1053 sacramento.

500 1112 601 1146 ART.
630 1111 662 1148 Ι.
686 1111 744 1146 De
771 1114 957 1147 ministro
982 1122 1117 1146 sacrae
1142 1114 1445 1148 communionis.

150 1206 330 1241 Canones
357 1205 524 1241 845-853.

151 1266 437 1311 Inscriptiones
464 1265 608 1310 capitis
634 1269 675 1299 et
701 1265 864 1300 articuli

152 1324 255 1360 Ordo
282 1324 541 1359 articulorum
568 1328 608 1358 et
634 1335 830 1358 canonum
856 1325 942 1358 arti.
972 1324 991 1358 Ι

150 1384 336 1418 Minister
362 1383 587 1418 ordinarius
612 1388 653 1418 et
679 1383 1019 1418 extraordinarius
1072 1411 1079 1418 .

151 1444 209 1478 De
235 1442 502 1477 ministranda
527 1443 803 1477 communione
829 1443 870 1476 in
897 1447 1079 1487 respectu
1106 1443 1153 1477 ad
1180 1444 1527 1479 consecrationem.

147 1502 205 1537 De
232 1514 339 1537 sacra
365 1502 641 1537 communione
667 1501 716 1536 ad
741 1501 920 1537 infirmos
946 1501 1155 1537 deferenda
1184 1530 1192 1537 .

146 1561 207 1595 Ad
233 1573 330 1607 quos
360 1562 560 1607 pertineat
598 1561 755 1607 publice
786 1561 956 1596 infirmis
982 1561 1132 1597 deferre
1171 1574 1321 1597 sacram
1358 1574 1529 1598 commu-

245 1632 407 1656 Inonem

145 1679 224 1723 Qui
250 1680 376 1725 possit
403 1680 592 1726 privatim
618 1648 769 1715 deferre
796 1680 966 1715 infirmis
991 1693 1143 1716 sacram
1169 1682 1487 1717 communionem
1518 1710 1525 1716 .

146 1740 205 1775 ΒΘ
230 1740 378 1775 viatico
403 1739 672 1775 ministrando
735 1767 742 1774 .

145 1799 205 1833 De
231 1799 315 1833 ritu
342 1798 536 1834 servando
562 1799 668 1833 inter
687 1798 864 1834 diversos

147 1858 205 1892 De
231 1857 507 1892 communione
533 1857 606 1892 sub
632 1869 713 1893 una
739 1861 898 1893 tantum
925 1859 1053 1904 specie
1071 1886 1078 1893 .

491 1988 592 2021 ΛΒΤ.
624 1988 673 2022 ΙΙ.
703 1988 760 2023 De
785 1989 953 2023 subiecto
978 1999 1113 2024 sacrae
1139 1991 1443 2024 communionis.

146 2081 326 2117 Canones
352 2082 524 2117 853-866.

146 2140 322 2176 Schema.
353 2143 439 2176 Art.
468 2141 520 2176 ΙΙ.
549 2141 606 2176 ΒΘ
633 2141 811 2176 subiecto
838 2153 968 2176 sacrae
995 2143 1298 2178 communionis.

140 2201 356 2247 Inscriptio
381 2200 545 2236 articuli
572 2201 735 2246 eiusque
761 2200 1008 2236 coordinatio
1035 2213 1232 2237 canonum
1293 2229 1300 2236 .

143 2260 433 2295 Admittendus
458 2260 506 2294 ad
533 2272 682 2294 sacram
708 2261 1024 2295 communionem
1071 2290 1076 2295 .

143 2320 201 2354 De
227 2320 360 2364 pueris
388 2319 726 2354 communicandis
754 2319 816 2354 vel
844 2331 923 2354 non
959 2347 966 2354 .

140 2378 199 2413 De
225 2378 407 2424 indignis
434 2378 613 2413 arcendis
639 2390 662 2413 a
687 2390 796 2413 sacra
817 2390 966 2414 mensa.

138 2437 197 2471 De
223 2437 485 2482 dispositione
511 2438 664 2472 animae

136 2495 195 2530 De
221 2507 330 2531 sacra
355 2496 631 2531 communione
656 2497 777 2531 semel
803 2497 845 2531 in
873 2496 935 2531 die
961 2498 1189 2543 recipienda

136 2555 194 2589 De
220 2555 396 2589 naturali
423 2555 575 2589 ieiunio
601 2559 694 2589 ante
721 2567 752 2590 s.
781 2556 1099 2591 communionem

138 2613 194 2648 De
220 2613 466 2658 obligatione
492 2625 644 2648 sacram
670 2615 987 2649 communionem
1018 2615 1235 2661 recipiendi
1289 2643 1295 2650 .

136 2672 183 2706 In
209 2683 308 2718 quos
334 2672 477 2707 recidit
502 2684 658 2718 quoque
683 2673 878 2719 obligatio
905 2674 1105 2719 paschalis
1137 2675 1428 2710 communionis
1455 2677 1520 2710 im·

234 2730 427 2775 puberum

136 2788 193 2822 De
220 2789 413 2834 sacrilega
438 2791 739 2825 communione.

133 2847 193 2882 De
224 2848 499 2883 communione
526 2860 548 2882 a
573 2849 676 2883 clero
702 2849 925 2894 recipienda
950 2818 1020 2884 ier.
1049 2851 1083 2885 V
1109 2851 1152 2885 in
1184 2851 1313 2886 Coena
1340 2851 1514 2887 Domini.

130 2906 188 2941 De
215 2907 494 2942 communione
519 2906 719 2952 frequenti
745 2915 786 2943 et
812 2908 1068 2954 quotidiana.

1599 295 1677 317 CAN.
1717 295 1795 317 PAO.

1608 346 1677 380 837
1729 346 1797 381 165

1609 405 1679 439 838
1733 405 1798 439 166

1609 464 1678 499 839
1731 464 1799 498 168

1609 524 1679 557 840
1754 540 1766 552 »

1608 583 1677 616 841
1731 582 1799 617 170

1607 641 1677 675 842
1729 641 1794 675 171

1605 700 1675 734 843
1728 701 1795 735 172

1604 818 1673 852 844
1726 818 1795 852 173

1727 877 1795 911 174

1727 1208 1792 1242 174

1725 1268 1792 1303 175

1602 1386 1672 1420 845
1724 1386 1792 1421 176

1603 1445 1672 1479 846
1728 1445 1791 1480 177

1603 1504 1671 1538 847
1724 1505 1791 1539 178

1601 1623 1672 1658 848
1723 1624 1790 1659 179

1601 1683 1672 1717 849
1723 1684 1791 1717 180

1600 1741 1671 1776 850
1722 1743 1787 1777 181

1600 1800 1670 1835 851
1746 1818 1758 1831 »

1599 1860 1671 1895 852
1721 1861 1789 1895 182

1721 2086 1787 2121 183

1718 2146 1786 2179 184

1719 2205 1786 2240 185

1597 2263 1667 2298 853
1742 2280 1754 2294 2

1595 2322 1666 2357 854
1718 2324 1784 2358 186

1596 2382 1666 2416 855
1718 2382 1785 2417 188

1594 2441 1665 2475 856
1716 2441 1784 2475 189

1593 2500 1664 2535 857
1715 2501 1784 2534 190

1592 2559 1663 2593 858
1720 2559 1780 2592 191

1593 2618 1663 2651 859
1716 2618 1782 2652 193

1591 2735 1661 2769 860
1714 2735 1780 2769 197

1592 2793 1659 2827 861
1736 2809 1749 2823 »

1590 2853 1661 2887 862
1713 2853 1780 2887 198

1587 2912 1657 2946 863
1709 2912 1776 2946 199
