1971 3261
205 136 275 172 548
605 134 690 169 Lm.
720 134 792 168 111.
821 154 834 159 -
859 134 970 168 PARS
997 134 1027 167 1.
1057 154 1069 159 -
1095 134 1152 168 De
1177 121 1442 168 sacramentis
1617 132 1712 168 Gan.
1742 133 1832 168 1051

207 270 297 299 cau.
334 258 459 299 1051.
500 253 576 297 Per
608 253 967 311 dispensationem
1000 266 1127 311 super
1159 252 1456 310 impedimento
1487 251 1727 305 dirimente,
1759 253 1836 295 sci-

204 327 324 370 licet:
359 340 408 369 ex
445 327 661 369 recensitis
693 324 771 368 sub
804 337 897 381 cap.
932 323 982 367 lV
1018 326 1223 381 sequenti,
1256 336 1335 366 uon
1374 336 1500 379 super
1543 322 1840 380 impedimento

204 397 472 453 impediente,
496 409 733 439 concessavit
758 395 797 452 a)
822 395 909 438 sive
932 409 984 438 eoe
1002 400 1213 453 potestate
1245 393 1485 449 ordinaria,
1508 406 1682 449 nempe:
1705 408 1729 434 «
1752 395 1839 436 iure

208 469 418 511 communi
443 482 465 507 »
488 466 594 522 (can.
626 466 758 523 1040)
782 479 987 509 canonum
1015 464 1267 508 1043-1045
1292 467 1405 508 iuxta
1439 476 1485 507 ea
1519 475 1626 521 quae
1658 463 1842 506 diximus

204 541 244 581 in
280 551 422 581 eorum
460 539 814 593 interpretatione,
839 548 944 593 quae
968 535 1064 579 hinc
1087 536 1389 578 confirmantur
1415 539 1454 578 et
1481 550 1503 574 ((
1525 546 1631 591 quae
1666 532 1840 576 facultas

211 608 320 651 xatet
353 620 519 665 quoque
553 621 627 664 pro
660 606 997 667 convalidatione
1045 607 1299 648 matrimonii
1335 608 1414 648 iam
1449 606 1695 648 contracti»
1732 603 1841 659 (can.

212 679 338 735 1045,
371 679 399 737 ξ
433 679 491 735 2),
527 678 569 734 b)
603 678 690 721 siz-e
722 692 772 720 eff
803 682 1013 735 potestate
1045 676 1240 734 deleqata
1273 689 1345 719 seu
1379 677 1598 719 commissa
1643 685 1843 731 personae

216 764 252 791 1.
288 764 348 806 gr.
391 750 688 793 «sacerdoti»
727 761 774 792 ac
819 764 839 789 (1
863 750 1158 791 confessario»
1197 760 1246 790 ex
1290 759 1380 790 can.
1427 746 1554 800 1044,
1597 745 1723 797 1045,
1766 743 1843 787 sub

213 821 473 865 conditione:
506 833 584 877 per
617 818 829 863 indultum
859 818 1072 876 yeizerale,
1108 817 1235 861 verba
1278 817 1482 873 explicata
1518 819 1556 859 in
1590 828 1680 860 can.
1716 814 1842 869 1049,

211 898 251 936 61
284 904 391 950 quae
425 891 491 935 1116
526 891 846 947 explicationem
883 889 1126 946 ampliorem
1165 888 1384 944 postulant,
1405 890 1458 930 ita
1492 893 1536 930 ut
1569 885 1759 942 exempla
1792 885 1844 928 de

211 963 428 1007 sacerdote
471 975 518 1005 ac
563 962 816 1005 confessario
850 959 1274 1016 comprehendantur,
1307 960 1502 1016 quamvis
1532 957 1572 1000 hi
1607 959 1695 1000 iure
1727 969 1843 999 com-

215 1036 328 1078 muni
364 1032 474 1076 illam
510 1031 736 1083 obtineant,
771 1034 867 1089 quia
907 1030 1156 1074 «indultum
1193 1029 1431 1086 generale»
1461 1028 1539 1072 hoc
1572 1030 1612 1070 111
1645 1027 1734 1071 1060
1765 1039 1844 1070 11011

215 1107 383 1162 respicit
415 1103 602 1147 eiusdem
639 1102 923 1146 immediatam
949 1103 1167 1157 originem,
1192 1100 1263 1144 sed
1288 1099 1703 1155 contradistinguitur
1734 1098 1846 1141 clau—

213 1176 327 1219 sulae
360 1177 571 1232 sequenti:
607 1188 686 1217 11011
723 1187 818 1216 vero
848 1186 926 1231 per
959 1172 1211 1229 rescriptum
1235 1171 1278 1214 111
1302 1169 1466 1213 casibus
1497 1167 1849 1227 partt'culari'bw,

215 1249 337 1289 6113111
369 1261 387 1286 ((
412 1245 603 1301 delegata
639 1243 923 1287 iurisdictione
949 1259 968 1283 1)
996 1242 1163 1300 quaudo
1191 1257 1213 1282 ((
1236 1244 1274 1284 in
1302 1243 1502 1296 rescripto
1525 1241 1736 1283 concessio
1759 1250 1848 1295 gra-

217 1319 297 1360 tiae
329 1318 562 1360 exsecutori
597 1317 926 1359 committatur»
957 1313 1068 1370 (can.
1105 1313 1172 1367 54,
1205 1315 1229 1366 ἓ
1264 1311 1321 1368 2),
1354 1311 1449 1354 hinc
1484 1313 1569 1367 pari
1605 1312 1763 1353 ratione
1796 1309 1845 1352 ad

216 1400 405 1431 normam
439 1389 543 1430 cit³⁹.
578 1385 872 1429 declarationis
895 1386 932 1429 S.
957 1384 1122 1440 Congr³.
1148 1386 1224 1427 ((51
1259 1386 1297 1426 111
1334 1384 1533 1437 rescripto
1567 1383 1850 1424 committatur

221 1472 380 1502 merum
426 1459 717 1515 exequutionis
761 1458 1036 1499 ministerium
1065 1471 1083 1496 >³
1122 1454 1189 1508 (il).
1223 1456 1246 1509 ξ
1277 1448 1339 1507 ’1);
1374 1458 1497 1510 atque
1531 1454 1700 1496 canonis
1734 1463 1850 1507 prae-

218 1532 345 1573 sentis
378 1541 520 1572 norma
557 1533 640 1571 est:
685 1526 929 1571 conceditur
972 1540 1131 1584 quoque
1170 1539 1215 1569 eo
1254 1525 1344 1582 ipso
1386 1524 1511 1567 idest:
1545 1522 1744 1580 implicite
1779 1535 1849 1578 per

219 1601 571 1657 dispensationem
607 1611 862 1650 concessam,
897 1603 959 1640 ast
991 1600 1028 1639 vi
1054 1597 1176 1640 liuius
1214 1597 1397 1649 canonis,
1430 1593 1682 1651 leqt'timatio
1713 1591 1849 1650 prolis

219 1672 270 1715 de
302 1684 383 1729 qua
427 1675 488 1714 est
530 1671 635 1714 infra
674 1668 847 1726 «Caput
886 1668 962 1711 lX:
994 1668 1055 1711 'De
1091 1669 1342 1710 matrimonii
1387 1665 1602 1709 effectibus
1625 1681 1663 1720 ›>,
1698 1663 1736 1706 si
1768 1677 1848 1721 qua

217 1741 364 1798 supple
392 1758 413 1782 α
439 1741 614 1797 proles»
644 1754 694 1783 eoe
728 1740 782 1782 iis
819 1742 908 1782 viro
940 1738 1062 1782 simul
1097 1750 1144 1782 36
1179 1737 1352 1780 muliero
1385 1750 1475 1779 cum
1509 1735 1656 1793 quibus
1688 1733 1852 1790 dispeu-

217 1817 341 1855 satur
373 1812 422 1855 ad
459 1811 790 1855 contrahendum
826 1811 1153 1863 matrimonium,
1192 1807 1253 1851 161
1288 1811 1547 1851 contractum
1581 1804 1850 1849 convalidan·

217 1883 334 1937 dum,
355 1886 392 1935 3)
425 1882 510 1924 iam
545 1887 648 1924 mlta
682 1885 893 1924 momento
927 1880 1248 1935 dispensationis
1281 1889 1503 1921 concessae
1537 1875 1577 1930 b)
1609 1874 1673 1918 vel
1703 1874 1853 1918 solum-

224 1953 344 1997 modo
364 1958 560 2010 concepta
579 1951 713 2009 suerit
730 1956 824 1994 ante
844 1950 943 1993 illud
964 1954 1237 2003 momentum,
1261 1953 1297 2003 6)
1320 1952 1491 2006 excepta
1513 1952 1647 1989 tamen
1673 1945 1713 2002 a)
1739 1943 1852 2002 prole

220 2023 466 2067 adulterina
501 2037 673 2080 nempe:
708 2027 907 2078 concepta
932 2020 984 2064 ob
1008 2020 1088 2064 tale
1114 2025 1344 2077 peccatum,
1363 2019 1461 2062 dum
1486 2017 1630 2061 saltem
1655 2016 1852 2060 alterutra

223 2111 247 2135 «
265 2108 313 2138 ex
341 2097 388 2138 iis
413 2111 431 2136 ))
456 2097 642 2151 personis
665 2098 751 2137 6131
777 2092 856 2136 3110
879 2091 1044 2135 viuculo
1065 2092 1315 2134 matrimonii
1342 2089 1480 2145 ligata,
1501 2088 1542 2144 b)
1567 2093 1605 2130 et
1627 2085 1853 2143 sacrileyay

219 2180 269 2210 eo
293 2165 402 2223 quod
429 2166 504 2208 fuit
526 2168 732 2221 suscepta,
753 2164 852 2207 dum
878 2162 1076 2205 alterutra
1106 2176 1126 2202 c<
1151 2175 1200 2204 ex
1226 2163 1274 2203 iis
1297 2176 1317 2201 1)
1348 2161 1534 2216 personis
1556 2170 1666 2201 nunc
1689 2156 1853 2212 dispen-

221 2239 320 2281 satis
343 2241 429 2280 erat
455 2235 591 2279 adhuc
619 2237 655 2277 ri
683 2235 948 2291 professionis
972 2232 1191 2288 religiosae
1221 2238 1316 2274 voto
1340 2231 1540 2274 castitatis
1570 2227 1758 2271 sollemni
1783 2230 1853 2270 aut

222 2307 401 2364 simplici
436 2308 624 2349 irritante
659 2306 969 2348 matrimonium
995 2302 1208 2356 obstricta,
1235 2301 1297 2344 vel
1334 2303 1398 2343 vir
1429 2299 1606 2343 clericus
1639 2301 1677 2340 in
1711 2298 1855 2351 sacris,

223 2378 405 2422 nondum
426 2378 475 2421 ad
494 2381 644 2420 statum
667 2375 854 2419 laicalem
880 2374 1077 2417 reductus
1100 2385 1148 2416 36
1173 2375 1340 2428 insuper
1357 2370 1584 2415 coelibatus
1602 2368 1855 2424 obligatione

223 2448 382 2492 solutus
405 2448 455 2491 ad
481 2459 669 2490 normam
694 2458 785 2490 6311.
812 2445 912 2499 213,
935 2446 975 2487 iu
997 2443 1044 2502 §⁰
1065 2443 1122 2497 ²2⁰,
1142 2455 1249 2500 quae
1272 2443 1462 2498 exceptio
1484 2440 1636 2496 duplex
1661 2438 1856 2494 congruit

223 2532 318 2563 cum
359 2531 516 2562 canone
552 2518 679 2572 1116,
715 2522 759 2560 31
791 2517 963 2560 effectus
998 2515 1249 2557 matrimonii
1295 2528 1315 2553 ε(
1339 2526 1412 2569 per
1454 2512 1802 2568 dispensationem
1830 2523 1850 2549 >³

227 2590 332 2633 hanc
355 2591 555 2632 contracti
581 2591 631 2631 sit
656 2590 791 2630 minor
814 2599 939 2644 quam
969 2598 1080 2641 «per
1102 2583 1362 2641 subsequens
1385 2586 1602 2639 parentum
1642 2581 1856 2623 matrimo-

228 2662 357 2714 nium,
379 2659 606 2703 dummodo
631 2663 823 2715 parentes
846 2655 1005 2700 habiles
1028 2657 1241 2698 extiterint
1265 2654 1323 2697 ad
1340 2653 1440 2697 illud
1475 2644 1581 2696 inter
1612 2665 1656 2695 se
1688 2655 1854 2694 contra-

227 2730 408 2774 hendum
453 2734 641 2786 tempore
684 2728 981 2784 conceptionis,
1017 2725 1080 2769 vel
1117 2727 1425 2782 praegnationis
1459 2723 1524 2767 vel
1563 2722 1856 2774 nativitatis»,

226 2814 274 2845 ac
320 2805 484 2858 praeter
523 2799 616 2854 hoc,
651 2804 692 2843 31
735 2798 875 2843 Codex
916 2798 954 2839 in
991 2798 1092 2839 iuris
1135 2795 1266 2839 divini
1310 2808 1357 2839 ac
1401 2795 1612 2851 religionis
1654 2792 1857 2835 honorem

226 2873 340 2915 iuxta
375 2871 691 2928 praecedentem
727 2867 988 2925 disciplinam
1023 2868 1212 2910 severior
1244 2868 1283 2908 in
1315 2865 1392 2909 hac
1428 2870 1542 2922 parte
1573 2876 1616 2907 se
1649 2859 1855 2906 ostendat.
