1971 3261
630 151 713 184 TlT.
743 150 810 184 IV.
842 171 852 175 -
880 151 935 185 De
965 152 1207 186 Pocnitentz'a
1670 153 1738 187 ‘287

111 270 283 316 versalis
305 283 395 328 'non
431 274 561 326 potest
594 281 749 323 errare,
784 271 878 326 quia
914 270 981 312 ille
1014 273 1082 327 qui
1110 273 1146 313 in
1173 270 1365 315 omnibus
1390 272 1653 315 “exauditus
1676 277 1738 315 est

110 356 183 400 pro
215 353 287 385 sua
323 343 601 394 reverentia„
637 339 782 396 (Hebr.
812 339 860 396 V)
885 341 989 383 dixit
1025 341 1154 390 Petro,
1181 356 1306 399 super
1339 345 1456 386 cuius
1479 345 1737 387 confessione

108 412 291 457 Ecclesia
325 411 494 455 fundata
518 416 600 454 est:
623 410 747 467 “Ego
773 414 915 466 rogavi
942 425 1013 467 pro
1038 417 1088 455 te.
1111 418 1151 455 ut
1176 426 1253 455 non
1280 414 1445 457 deficiat
1469 414 1570 457 tides
1594 419 1660 457 tua
1679 415 1737 467 „¹.

108 483 185 528 Sed
219 482 404 526 Ecclesia
439 481 690 525 universalis
724 481 1002 537 indulgentias
1035 483 1235 539 approbat
1270 489 1306 527 et
1333 486 1441 527 facit.
1467 483 1574 541 Ergo
1600 484 1735 528 indul-

107 556 271 612 gentiae
312 553 448 597 valent
472 569 512 593 n.

224 665 336 702 Huius
362 666 542 712 potestatis
569 671 731 702 naturam
758 677 797 701 ac
827 666 1095 702 fundamentum
1125 668 1171 702 sic
1199 669 1321 703 evolvit
1352 669 1389 703 l).
1419 669 1482 703 Tb.
1517 669 1646 705 «Ratio
1681 682 1737 704 au—

105 730 174 761 tem
202 736 308 772 quare
336 725 448 761 valere
474 725 609 771 possint
636 725 918 770 (indulgentiae).
949 731 999 761 est
1026 726 1142 761 unitas
1169 728 1320 773 corporis
1349 729 1483 774 mystici
1523 728 1737 772 (Ecclesiae),

105 784 142 819 in
169 796 237 831 qua
260 784 360 819 multi
388 785 425 819 in
452 784 615 830 operibus
644 784 877 830 poenitentiae
903 791 1237 830 supererogax·ertint
1256 787 1298 821 ad
1320 798 1518 822 mensuram
1539 788 1733 823 debitorum

105 854 269 879 suorum:
298 848 331 879 et
357 843 457 886 multi
485 843 590 879 etiam
618 843 863 878 tribulationes
889 843 1039 878 iniustas
1065 844 1309 879 sustinuerunt
1338 847 1520 891 patienter,
1552 858 1610 892 per
1648 858 1735 892 quas

105 902 292 938 multitudo
321 914 511 949 poenarum
540 907 673 949 poterat
697 903 842 949 expiari,
868 902 894 936 si
923 902 972 938 eis
999 903 1200 938 deberetur:
1228 916 1374 949 quorum
1404 905 1604 941 meritorum
1638 911 1731 941 tanta

104 966 155 996 est
180 962 292 1008 copia,
320 962 411 1008 quod
438 972 579 997 omnem
608 973 754 1008 poenam
780 961 935 997 debitam
958 973 1051 996 nunc
1073 962 1271 997 viventibus
1290 964 1478 998 excedunt:
1500 970 1530 999 et
1553 964 1737 1010 praecipue

105 1026 244 1067 propter
270 1022 433 1057 meritum
461 1020 605 1062 Christi,
633 1021 738 1067 quod,
766 1021 828 1056 etsi
857 1021 893 1055 in
921 1022 1151 1056 sacramentis
1169 1027 1338 1068 operatur.
1356 1034 1424 1057 non
1447 1028 1563 1058 tamen
1584 1023 1733 1058 efficacia

103 1079 178 1115 eius
204 1080 239 1115 in
267 1080 498 1116 sacramentis
524 1080 724 1120 includitur,
753 1080 811 1116 sed
839 1092 901 1116 sua
928 1080 1103 1116 infinitate
1141 1082 1271 1116 excedit
1309 1082 1496 1117 efficaciam
1536 1094 1734 1118 sacramen-

103 1143 229 1175 torum.
257 1139 394 1175 Dictum
422 1144 473 1175 est
498 1144 613 1174 autem
642 1150 747 1186 supra
774 1139 825 1175 (in
853 1139 921 1175 alio
947 1140 1050 1184 art0.)
1077 1141 1167 1185 quod
1204 1152 1295 1175 unus
1336 1152 1394 1186 pro
1432 1142 1500 1176 alio
1538 1142 1736 1176 satisfacere

103 1203 225 1244 potest.
244 1197 362 1234 Sancti
390 1203 507 1234 autem
536 1199 571 1233 in
598 1199 727 1244 quibus
752 1199 1079 1245 superabundantia
1105 1210 1249 1245 operum
1276 1200 1525 1236 satisfactionis
1545 1201 1734 1241 inrenitur,

103 1268 174 1293 non
201 1257 431 1293 determinate
459 1269 519 1304 pro
546 1259 621 1300 isto,
648 1258 706 1304 qui
727 1258 933 1294 remissione
952 1258 1095 1303 indiget,
1117 1259 1315 1294 huiusmodi
1336 1270 1440 1305 opera
1460 1260 1614 1295 fecerunt
1633 1260 1736 1304 (alias

101 1316 235 1362 absque
259 1317 354 1352 omni
384 1317 604 1362 indulgentia
629 1322 900 1363 consequeretur
925 1318 1184 1362 remissionem)
1212 1319 1269 1353 sed
1298 1319 1532 1354 communiter
1568 1330 1627 1364 pro
1664 1323 1735 1353 tota

104 1374 273 1418 Ecclesia;
300 1376 389 1411 sieut
416 1376 600 1422 Apostolus
626 1377 674 1411 ait
701 1387 737 1411 se
763 1376 989 1422 “adimplere
1015 1388 1055 1412 ea
1081 1388 1169 1422 quae
1199 1377 1326 1412 desunt
1366 1377 1567 1424 passionum
1605 1375 1732 1412 Christi

103 1434 139 1469 in
165 1445 307 1481 corpore
332 1446 395 1470 suo
423 1446 482 1481 pro
510 1435 699 1475 Ecclesia..
727 1436 770 1470 ad
798 1446 903 1481 quam
930 1436 1052 1471 scribit
1077 1436 1225 1480 (Coloss.
1258 1437 1301 1481 l).
1330 1436 1368 1471 Et
1394 1436 1443 1472 sic
1470 1436 1645 1482 praedicta
1664 1448 1734 1471 me-

101 1494 170 1529 rita
194 1499 278 1530 sunt
303 1495 505 1530 communia
531 1496 637 1530 totius
664 1495 848 1531 Ecclesiae.
879 1495 926 1530 Ea
951 1501 1068 1531 autem
1095 1507 1184 1541 quae
1210 1502 1292 1531 sunt
1317 1496 1466 1531 alicuius
1496 1496 1734 1531 multitudinis

100 1554 316 1595 communia,
346 1554 607 1590 distribuuntur
633 1554 783 1600 singulis
821 1555 863 1590 de
890 1555 1116 1590 multitudine
1150 1556 1342 1591 secundum
1369 1555 1554 1591 arbitrium
1581 1555 1655 1591 eius
1674 1556 1732 1600 qui

102 1612 320 1648 multitudini
349 1618 497 1660 praeest.
529 1613 626 1650 Unde
653 1614 741 1649 sicut
767 1614 895 1660 aliquis
932 1620 1203 1661 consequeretur
1240 1614 1482 1651 remissionem
1523 1626 1665 1661 poenae,
1705 1615 1731 1649 si

99 1671 190 1708 alius
217 1684 277 1719 pro
303 1683 343 1708 eo
368 1673 592 1710 satisfecisset
620 1674 745 1719 (posita
771 1674 953 1709 creditoris
979 1674 1245 1720 acceptatione),
1268 1675 1314 1709 ita
1332 1674 1360 1708 si
1380 1675 1571 1709 satisfactio
1590 1674 1735 1710 alterius

100 1731 165 1766 sihi
194 1742 254 1777 per
279 1743 358 1768 eum
386 1733 444 1778 qui
474 1737 583 1779 potest
610 1739 663 1777 (ex
691 1733 872 1769 creditoris
898 1734 1091 1778 voluntate)
1118 1733 1394 1769 distribuatur».

220 1833 316 1877 242.
354 1836 606 1881 Canonum
640 1838 904 1882 ordinatio.
941 1862 994 1866 —
1030 1836 1174 1879 Positis
1209 1838 1247 1878 in
1282 1849 1370 1879 can.
1408 1836 1482 1877 911
1517 1835 1732 1892 indulgen-

97 1905 248 1948 tiarum
263 1905 623 1950 commendatione
636 1905 713 1950 sub
732 1909 973 1963 praescripti
993 1908 1123 1950 forma
1142 1919 1370 1963 earumque
1388 1906 1666 1962 descriptione
1684 1918 1732 1949 ac

98 1976 376 2025 distinctione,
401 1989 490 2021 can.
517 1977 614 2026 9102,
639 1977 723 2020 912
748 1980 925 2034 positive
948 1991 995 2022 ac
1019 1980 1215 2034 negative
1238 1979 1452 2036 enuntiant
1477 1976 1728 2034 generaliter

99 2062 182 2103 eos,
216 2048 368 2107 quibus
400 2049 541 2092 datum
577 2054 638 2092 est
672 2050 951 2106 indulgentias
985 2050 1237 2093 concedere:
1263 2049 1577 2105 subsequuntur
1610 2062 1731 2092 cano-

99 2133 172 2164 nes
195 2121 277 2164 duo
302 2121 400 2177 914,
426 2121 509 2164 915
543 2121 594 2164 de
628 2121 915 2165 benedictione
951 2121 1083 2177 papali
1118 2134 1212 2164 cum
1248 2120 1503 2177 indulgentia
1530 2120 1727 2176 plenaria,

99 2196 139 2235 et
171 2191 238 2235 alii
271 2196 354 2235 tres
387 2204 478 2236 can.
513 2192 701 2236 916-918
735 2193 786 2236 de
819 2192 938 2236 altari
973 2192 1258 2249 privilegiat03
1305 2193 1529 2248 positisque
1572 2192 1732 2234 normis

97 2263 318 2306 servandis
350 2263 460 2320 (can.
495 2264 592 2312 919,
628 2263 730 2319 9⁶20)
764 2266 874 2308 circa
925 2263 1203 2319 indulgentias
1252 2265 1493 2318 praesertim
1541 2268 1728 2305 recenter

98 2346 330 2387 concessas,
353 2333 657 2378 subnectuntur
688 2347 778 2379 can.
813 2334 999 2377 921-923
1033 2334 1084 2377 de
1114 2335 1453 2390 interpretatione
1476 2333 1610 2391 quoad
1637 2333 1725 2376 dies

98 2408 138 2447 et
169 2403 293 2447 boras
315 2404 577 2448 diversarum
603 2407 933 2451 concessionum.
959 2405 1274 2461 completurque
1297 2404 1496 2448 articulus
1519 2409 1624 2448 cane.
1644 2404 1721 2447 924

97 2475 148 2518 de
180 2477 363 2532 ipsarum
397 2479 641 2519 cessatione.

216 2546 314 2589 ‘243-
350 2547 628 2604 Descriptio
666 2551 874 2593 naturae
912 2548 1327 2602 indulgentiarum
1368 2550 1416 2591 et
1452 2548 1623 2591 harum
1657 2547 1726 2590 di-

96 2619 310 2664 stinctio.
344 2643 395 2648 -—
435 2619 744 2662 «Sacrosancta
778 2618 970 2675 synodus
993 2616 1232 2660 Tridentina
1265 2616 1359 2668 (loc.
1383 2616 1471 2673 eit.)
1506 2616 1723 2672 indulgen-

95 2689 246 2731 tiarum
271 2701 391 2731 usum
415 2688 641 2732 christiano
666 2689 816 2746 populo
843 2690 1022 2731 maxime
1045 2686 1287 2740 salutarem,
1310 2692 1349 2730 et
1371 2699 1585 2730 sacrorum
1619 2685 1725 2730 Con-

95 2757 284 2802 ciliorum
311 2761 558 2803 auctoritate
584 2759 818 2816 probatum,
838 2761 875 2801 in
903 2758 1085 2801 Ecclesia
1111 2759 1377 2802 retinendum
1407 2771 1496 2801 esse
1529 2757 1662 2811 docet,
1687 2762 1723 2799 et

213 2913 223 2933 1
243 2911 338 2945 Luc.
367 2911 499 2956 XXII,
528 2911 585 2946 52.
