<?xml version="1.0" encoding="UTF-8"?>
<!DOCTYPE html PUBLIC "-//W3C//DTD XHTML 1.0 Transitional//EN"
    "http://www.w3.org/TR/xhtml1/DTD/xhtml1-transitional.dtd">
<html xmlns="http://www.w3.org/1999/xhtml" xml:lang="en" lang="en">
 <head>
  <title>
</title>
<meta http-equiv="Content-Type" content="text/html;charset=utf-8" />
  <meta name='ocr-system' content='tesseract 3.04.00' />
  <meta name='ocr-capabilities' content='ocr_page ocr_carea ocr_par ocr_line ocrx_word'/>
</head>
<body>
  <div class='ocr_page' id='page_1' title='image "./p1commentariumte03blatuoft_0671.png"; bbox 0 0 1971 3261; ppageno 0'>
   <div class='ocr_carea' id='block_1_1' title="bbox 122 119 824 159">
    <p class='ocr_par' dir='ltr' id='par_1_1' title="bbox 122 119 824 159">
     <span class='ocr_line' id='line_1_1' title="bbox 122 119 824 159; baseline -0.007 0"><span class='ocrx_word' id='word_1_1' title='bbox 122 123 217 159; x_wconf 80' lang='lat' dir='ltr'>Can.</span> <span class='ocrx_word' id='word_1_2' title='bbox 246 122 339 158; x_wconf 83' lang='lat'>1103</span> <span class='ocrx_word' id='word_1_3' title='bbox 622 120 708 155; x_wconf 77' lang='grc' dir='ltr'><em>ΤιΤ.</em></span> <span class='ocrx_word' id='word_1_4' title='bbox 737 119 824 154; x_wconf 87' lang='lat' dir='ltr'>VII.</span> 
     </span>
    </p>
   </div>
   <div class='ocr_carea' id='block_1_2' title="bbox 853 116 1749 154">
    <p class='ocr_par' dir='ltr' id='par_1_2' title="bbox 853 116 1749 154">
     <span class='ocr_line' id='line_1_2' title="bbox 853 116 1749 154; baseline -0.004 0"><span class='ocrx_word' id='word_1_5' title='bbox 853 139 866 145; x_wconf 91' lang='lat'><em>—</em></span> <span class='ocrx_word' id='word_1_6' title='bbox 892 119 948 154; x_wconf 87' lang='lat' dir='ltr'>De</span> <span class='ocrx_word' id='word_1_7' title='bbox 975 120 1234 153; x_wconf 75' lang='lat' dir='ltr'>Matrimonio</span> <span class='ocrx_word' id='word_1_8' title='bbox 1682 116 1749 150; x_wconf 75' lang='lat'>657</span> 
     </span>
    </p>
   </div>
   <div class='ocr_carea' id='block_1_3' title="bbox 122 225 1757 460">
    <p class='ocr_par' dir='ltr' id='par_1_3' title="bbox 122 225 1757 460">
     <span class='ocr_line' id='line_1_3' title="bbox 241 225 1754 284; baseline -0.005 -8"><span class='ocrx_word' id='word_1_9' title='bbox 241 240 351 276; x_wconf 88' lang='lat' dir='ltr'>Etiam</span> <span class='ocrx_word' id='word_1_10' title='bbox 377 250 417 275; x_wconf 86' lang='lat' dir='ltr'>ex</span> <span class='ocrx_word' id='word_1_11' title='bbox 445 239 508 274; x_wconf 87' lang='lat' dir='ltr'>bac</span> <span class='ocrx_word' id='word_1_12' title='bbox 535 238 692 284; x_wconf 89' lang='lat' dir='ltr'>sequenti</span> <span class='ocrx_word' id='word_1_13' title='bbox 722 238 949 283; x_wconf 74' lang='lat' dir='ltr'>responsione</span> <span class='ocrx_word' id='word_1_14' title='bbox 986 237 1145 281; x_wconf 81' lang='lat' dir='ltr'>arguitur</span> <span class='ocrx_word' id='word_1_15' title='bbox 1184 235 1428 282; x_wconf 75' lang='lat' dir='ltr'>interpretatio</span> <span class='ocrx_word' id='word_1_16' title='bbox 1462 225 1567 281; x_wconf 65' lang='lat' dir='ltr'>uuam</span> <span class='ocrx_word' id='word_1_17' title='bbox 1594 235 1754 270; x_wconf 81' lang='lat' dir='ltr'>dedimus</span> 
     </span>
     <span class='ocr_line' id='line_1_4' title="bbox 122 293 1756 340; baseline -0.005 -4"><span class='ocrx_word' id='word_1_18' title='bbox 122 302 164 337; x_wconf 92' lang='lat' dir='ltr'>de</span> <span class='ocrx_word' id='word_1_19' title='bbox 191 301 249 336; x_wconf 91' lang='lat' dir='ltr'>illo</span> <span class='ocrx_word' id='word_1_20' title='bbox 275 301 329 336; x_wconf 88' lang='lat' dir='ltr'>cui</span> <span class='ocrx_word' id='word_1_21' title='bbox 355 298 549 334; x_wconf 79' lang='lat' dir='ltr'><strong>describere</strong></span> <span class='ocrx_word' id='word_1_22' title='bbox 577 297 747 332; x_wconf 82' lang='lat' dir='ltr'><strong>incumbit</strong></span> <span class='ocrx_word' id='word_1_23' title='bbox 777 297 1055 337; x_wconf 82' lang='lat' dir='ltr'>matrimonium,</span> <span class='ocrx_word' id='word_1_24' title='bbox 1086 296 1269 331; x_wconf 85' lang='lat' dir='ltr'>videlicet:</span> <span class='ocrx_word' id='word_1_25' title='bbox 1302 310 1315 327; x_wconf 87' lang='lat'><em>«</em></span> <span class='ocrx_word' id='word_1_26' title='bbox 1334 293 1371 330; x_wconf 75' lang='lat'>-40</span> <span class='ocrx_word' id='word_1_27' title='bbox 1400 295 1552 340; x_wconf 78' lang='lat' dir='ltr'>Episcopi</span> <span class='ocrx_word' id='word_1_28' title='bbox 1583 293 1756 338; x_wconf 48' lang='lat' dir='ltr'>Mangalo*</span> 
     </span>
     <span class='ocr_line' id='line_1_5' title="bbox 124 353 1756 405; baseline -0.006 -9"><span class='ocrx_word' id='word_1_29' title='bbox 124 360 236 396; x_wconf 90' lang='lat' dir='ltr'>rensis</span> <span class='ocrx_word' id='word_1_30' title='bbox 262 359 319 405; x_wconf 92' lang='lat' dir='ltr'>qui</span> <span class='ocrx_word' id='word_1_31' title='bbox 350 356 511 404; x_wconf 86' lang='lat' dir='ltr'>postulat,</span> <span class='ocrx_word' id='word_1_32' title='bbox 541 361 576 391; x_wconf 91' lang='lat' dir='ltr'>ut</span> <span class='ocrx_word' id='word_1_33' title='bbox 603 356 668 391; x_wconf 88' lang='lat' dir='ltr'>sibi</span> <span class='ocrx_word' id='word_1_34' title='bbox 699 356 843 391; x_wconf 81' lang='lat' dir='ltr'>facultas</span> <span class='ocrx_word' id='word_1_35' title='bbox 871 356 970 391; x_wconf 90' lang='lat' dir='ltr'>detur</span> <span class='ocrx_word' id='word_1_36' title='bbox 999 355 1220 401; x_wconf 80' lang='lat' dir='ltr'>permittendi</span> <span class='ocrx_word' id='word_1_37' title='bbox 1252 359 1287 389; x_wconf 92' lang='lat' dir='ltr'>ut</span> <span class='ocrx_word' id='word_1_38' title='bbox 1316 354 1579 389; x_wconf 76' lang='lat' dir='ltr'>matrimonium</span> <span class='ocrx_word' id='word_1_39' title='bbox 1608 353 1756 388; x_wconf 85' lang='lat' dir='ltr'>celebra·</span> 
     </span>
     <span class='ocr_line' id='line_1_6' title="bbox 124 412 1757 460; baseline -0.004 -6"><span class='ocrx_word' id='word_1_40' title='bbox 124 425 197 454; x_wconf 87' lang='lat' dir='ltr'>tum</span> <span class='ocrx_word' id='word_1_41' title='bbox 226 418 260 453; x_wconf 91' lang='lat' dir='ltr'>in</span> <span class='ocrx_word' id='word_1_42' title='bbox 290 417 376 452; x_wconf 91' lang='lat' dir='ltr'>libro</span> <span class='ocrx_word' id='word_1_43' title='bbox 404 415 707 451; x_wconf 80' lang='lat' dir='ltr'>matrimoniorum</span> <span class='ocrx_word' id='word_1_44' title='bbox 735 415 882 450; x_wconf 79' lang='lat' dir='ltr'>describi</span> <span class='ocrx_word' id='word_1_45' title='bbox 915 415 1020 460; x_wconf 81' lang='lat' dir='ltr'>possit</span> <span class='ocrx_word' id='word_1_46' title='bbox 1046 427 1066 449; x_wconf 86' lang='lat' dir='ltr'>a</span> <span class='ocrx_word' id='word_1_47' title='bbox 1093 413 1289 451; x_wconf 76' lang='lat' dir='ltr'>Sacerdote,</span> <span class='ocrx_word' id='word_1_48' title='bbox 1312 413 1371 459; x_wconf 80' lang='lat' dir='ltr'>qui</span> <span class='ocrx_word' id='word_1_49' title='bbox 1399 424 1437 448; x_wconf 88' lang='lat' dir='ltr'>ex</span> <span class='ocrx_word' id='word_1_50' title='bbox 1465 412 1683 457; x_wconf 71' lang='lat' dir='ltr'>delegatione</span> <span class='ocrx_word' id='word_1_51' title='bbox 1703 424 1757 457; x_wconf 85' lang='lat' dir='ltr'>pa-</span> 
     </span>
    </p>
   </div>
   <div class='ocr_carea' id='block_1_4' title="bbox 125 474 1261 520">
    <p class='ocr_par' dir='ltr' id='par_1_4' title="bbox 125 474 1261 520">
     <span class='ocr_line' id='line_1_7' title="bbox 125 474 1261 520; baseline -0.007 -6"><span class='ocrx_word' id='word_1_52' title='bbox 125 477 217 514; x_wconf 89' lang='lat' dir='ltr'>rochi</span> <span class='ocrx_word' id='word_1_53' title='bbox 246 475 469 512; x_wconf 87' lang='lat' dir='ltr'>matrimonio</span> <span class='ocrx_word' id='word_1_54' title='bbox 494 475 642 517; x_wconf 85' lang='lat' dir='ltr'>adstitit,</span> <span class='ocrx_word' id='word_1_55' title='bbox 664 475 804 520; x_wconf 85' lang='lat' dir='ltr'>quando</span> <span class='ocrx_word' id='word_1_56' title='bbox 833 474 1002 519; x_wconf 81' lang='lat' dir='ltr'>parochus</span> <span class='ocrx_word' id='word_1_57' title='bbox 1029 474 1071 508; x_wconf 94' lang='lat' dir='ltr'>sit</span> <span class='ocrx_word' id='word_1_58' title='bbox 1090 474 1261 509; x_wconf 79' lang='lat' dir='ltr'>absens...</span> 
     </span>
    </p>
   </div>
   <div class='ocr_carea' id='block_1_5' title="bbox 1289 470 1757 516">
    <p class='ocr_par' dir='ltr' id='par_1_5' title="bbox 1289 470 1757 516">
     <span class='ocr_line' id='line_1_8' title="bbox 1289 470 1757 516; baseline -0.004 -9"><span class='ocrx_word' id='word_1_59' title='bbox 1289 472 1411 516; x_wconf 81' lang='lat' dir='ltr'>Quoad</span> <span class='ocrx_word' id='word_1_60' title='bbox 1441 471 1496 507; x_wconf 79' lang='grc' dir='ltr'>ΙΧ.</span> <span class='ocrx_word' id='word_1_61' title='bbox 1525 472 1573 506; x_wconf 74' lang='lat' dir='ltr'>Ad</span> <span class='ocrx_word' id='word_1_62' title='bbox 1602 471 1663 505; x_wconf 58' lang='grc' dir='ltr'>ξω.</span> <span class='ocrx_word' id='word_1_63' title='bbox 1696 470 1757 505; x_wconf 83' lang='lat' dir='ltr'>Pro</span> 
     </span>
    </p>
   </div>
   <div class='ocr_carea' id='block_1_6' title="bbox 120 531 1136 581">
    <p class='ocr_par' dir='ltr' id='par_1_6' title="bbox 120 531 1136 581">
     <span class='ocr_line' id='line_1_9' title="bbox 120 531 1136 581; baseline -0.005 -11"><span class='ocrx_word' id='word_1_64' title='bbox 120 535 233 580; x_wconf 85' lang='lat' dir='ltr'>gratia</span> <span class='ocrx_word' id='word_1_65' title='bbox 261 534 421 581; x_wconf 85' lang='lat' dir='ltr'>prudenti</span> <span class='ocrx_word' id='word_1_66' title='bbox 448 532 595 568; x_wconf 88' lang='lat' dir='ltr'>arbitrio</span> <span class='ocrx_word' id='word_1_67' title='bbox 622 536 655 568; x_wconf 90' lang='lat' dir='ltr'>et</span> <span class='ocrx_word' id='word_1_68' title='bbox 682 532 899 568; x_wconf 86' lang='lat' dir='ltr'>conscientia</span> <span class='ocrx_word' id='word_1_69' title='bbox 928 531 1083 578; x_wconf 75' lang='lat' dir='ltr'>Episcopi</span> <span class='ocrx_word' id='word_1_70' title='bbox 1108 546 1136 565; x_wconf 70' lang='grc' dir='ltr'>υ.</span> 
     </span>
    </p>
   </div>
   <div class='ocr_carea' id='block_1_7' title="bbox 827 683 1069 720">
    <p class='ocr_par' dir='ltr' id='par_1_7' title="bbox 827 683 1069 720">
     <span class='ocr_line' id='line_1_10' title="bbox 827 683 1069 720; baseline -0.008 -1"><span class='ocrx_word' id='word_1_71' title='bbox 827 683 972 720; x_wconf 66' lang='lat' dir='ltr'>CAPUT</span> <span class='ocrx_word' id='word_1_72' title='bbox 1002 683 1069 718; x_wconf 64' lang='lat' dir='ltr'>vit.</span> 
     </span>
    </p>
   </div>
   <div class='ocr_carea' id='block_1_8' title="bbox 630 766 1258 802">
    <p class='ocr_par' dir='ltr' id='par_1_8' title="bbox 630 766 1258 802">
     <span class='ocr_line' id='line_1_11' title="bbox 630 766 1258 802; baseline -0.003 0"><span class='ocrx_word' id='word_1_73' title='bbox 630 769 682 802; x_wconf 86' lang='lat' dir='ltr'>De</span> <span class='ocrx_word' id='word_1_74' title='bbox 710 767 957 802; x_wconf 76' lang='lat' dir='ltr'>Matrimonio</span> <span class='ocrx_word' id='word_1_75' title='bbox 983 766 1258 802; x_wconf 77' lang='lat' dir='ltr'>conscientiae.</span> 
     </span>
    </p>
   </div>
   <div class='ocr_carea' id='block_1_9' title="bbox 119 872 904 1533">
    <p class='ocr_par' dir='ltr' id='par_1_9' title="bbox 120 872 902 1252">
     <span class='ocr_line' id='line_1_12' title="bbox 170 872 902 918; baseline -0.004 -7"><span class='ocrx_word' id='word_1_76' title='bbox 170 874 255 911; x_wconf 61' lang='lat' dir='ltr'>(lm.</span> <span class='ocrx_word' id='word_1_77' title='bbox 290 872 388 910; x_wconf 76' lang='grc'><strong>1104.</strong></span> <span class='ocrx_word' id='word_1_78' title='bbox 418 894 433 901; x_wconf 95' lang='grc'>-</span> <span class='ocrx_word' id='word_1_79' title='bbox 455 873 599 909; x_wconf 88' lang='lat' dir='ltr'>Nonnisi</span> <span class='ocrx_word' id='word_1_80' title='bbox 628 885 665 909; x_wconf 76' lang='lat' dir='ltr'>ex</span> <span class='ocrx_word' id='word_1_81' title='bbox 694 873 902 918; x_wconf 83' lang='lat' dir='ltr'>gravissima</span> 
     </span>
     <span class='ocr_line' id='line_1_13' title="bbox 120 920 899 968; baseline -0.005 -10"><span class='ocrx_word' id='word_1_82' title='bbox 120 928 154 958; x_wconf 87' lang='lat' dir='ltr'>et</span> <span class='ocrx_word' id='word_1_83' title='bbox 181 923 429 968; x_wconf 87' lang='lat' dir='ltr'>urgentissima</span> <span class='ocrx_word' id='word_1_84' title='bbox 466 932 570 956; x_wconf 87' lang='lat' dir='ltr'>causa</span> <span class='ocrx_word' id='word_1_85' title='bbox 596 925 628 956; x_wconf 87' lang='lat' dir='ltr'>et</span> <span class='ocrx_word' id='word_1_86' title='bbox 654 920 698 956; x_wconf 87' lang='lat' dir='ltr'>ab</span> <span class='ocrx_word' id='word_1_87' title='bbox 738 920 810 966; x_wconf 86' lang='lat' dir='ltr'>ipso</span> <span class='ocrx_word' id='word_1_88' title='bbox 838 920 899 955; x_wconf 89' lang='lat' dir='ltr'>loci</span> 
     </span>
     <span class='ocr_line' id='line_1_14' title="bbox 122 968 901 1009; baseline -0.006 -3"><span class='ocrx_word' id='word_1_89' title='bbox 122 968 325 1009; x_wconf 90' lang='lat' dir='ltr'>Ordinario</span> <span class='ocrx_word' id='word_1_90' title='bbox 342 969 480 1005; x_wconf 80' lang='lat' dir='ltr'>excluso</span> <span class='ocrx_word' id='word_1_91' title='bbox 498 968 533 1003; x_wconf 79' lang='lat' dir='ltr'>V&#39;</span> <span class='ocrx_word' id='word_1_92' title='bbox 529 968 632 1004; x_wconf 82' lang='lat' dir='ltr'>icario</span> <span class='ocrx_word' id='word_1_93' title='bbox 647 968 809 1003; x_wconf 88' lang='lat' dir='ltr'>Generali</span> <span class='ocrx_word' id='word_1_94' title='bbox 826 968 901 1001; x_wconf 90' lang='lat' dir='ltr'>sine</span> 
     </span>
     <span class='ocr_line' id='line_1_15' title="bbox 122 1016 902 1070; baseline -0.004 -18"><span class='ocrx_word' id='word_1_95' title='bbox 122 1017 261 1070; x_wconf 89' lang='lat' dir='ltr'>speciali</span> <span class='ocrx_word' id='word_1_96' title='bbox 283 1018 462 1060; x_wconf 89' lang='lat' dir='ltr'>mandato,</span> <span class='ocrx_word' id='word_1_97' title='bbox 485 1016 634 1069; x_wconf 86' lang='lat' dir='ltr'>permitti</span> <span class='ocrx_word' id='word_1_98' title='bbox 659 1019 766 1061; x_wconf 89' lang='lat' dir='ltr'>potest</span> <span class='ocrx_word' id='word_1_99' title='bbox 782 1020 818 1050; x_wconf 92' lang='lat' dir='ltr'>ut</span> <span class='ocrx_word' id='word_1_100' title='bbox 836 1027 902 1049; x_wconf 78' lang='lat' dir='ltr'>ma-</span> 
     </span>
     <span class='ocr_line' id='line_1_16' title="bbox 122 1062 901 1104; baseline -0.004 -5"><span class='ocrx_word' id='word_1_101' title='bbox 122 1073 153 1100; x_wconf 79' lang='lat' dir='ltr'>tr</span> <span class='ocrx_word' id='word_1_102' title='bbox 157 1076 317 1100; x_wconf 75' lang='lat' dir='ltr'>mmmmm</span> <span class='ocrx_word' id='word_1_103' title='bbox 331 1063 548 1099; x_wconf 61' lang='lat' dir='ltr'>cons-ciendae</span> <span class='ocrx_word' id='word_1_104' title='bbox 565 1064 714 1104; x_wconf 89' lang='lat' dir='ltr'>ineatur</span> <span class='ocrx_word' id='word_1_105' title='bbox 733 1062 819 1098; x_wconf 90' lang='lat' dir='ltr'>idest</span> <span class='ocrx_word' id='word_1_106' title='bbox 835 1073 901 1096; x_wconf 71' lang='lat' dir='ltr'>mr</span> 
     </span>
     <span class='ocr_line' id='line_1_17' title="bbox 122 1110 903 1147; baseline -0.005 0"><span class='ocrx_word' id='word_1_107' title='bbox 122 1112 326 1147; x_wconf 89' lang='lat' dir='ltr'>trimonium</span> <span class='ocrx_word' id='word_1_108' title='bbox 354 1111 546 1147; x_wconf 31' lang='lat' dir='ltr'>twelebtetur</span> <span class='ocrx_word' id='word_1_109' title='bbox 563 1111 701 1146; x_wconf 89' lang='lat' dir='ltr'>omissis</span> <span class='ocrx_word' id='word_1_110' title='bbox 719 1110 903 1146; x_wconf 85' lang='lat' dir='ltr'>denuntia-</span> 
     </span>
     <span class='ocr_line' id='line_1_18' title="bbox 121 1158 900 1198; baseline -0.005 -3"><span class='ocrx_word' id='word_1_111' title='bbox 121 1159 278 1196; x_wconf 87' lang='lat' dir='ltr'>tionibus</span> <span class='ocrx_word' id='word_1_112' title='bbox 304 1164 336 1194; x_wconf 88' lang='lat' dir='ltr'>et</span> <span class='ocrx_word' id='word_1_113' title='bbox 363 1163 504 1198; x_wconf 83' lang='lat' dir='ltr'>secr,eto</span> <span class='ocrx_word' id='word_1_114' title='bbox 531 1158 573 1193; x_wconf 92' lang='lat' dir='ltr'>ad</span> <span class='ocrx_word' id='word_1_115' title='bbox 604 1169 762 1193; x_wconf 88' lang='lat' dir='ltr'>normam</span> <span class='ocrx_word' id='word_1_116' title='bbox 798 1168 900 1192; x_wconf 86' lang='lat' dir='ltr'>cano-</span> 
     </span>
     <span class='ocr_line' id='line_1_19' title="bbox 124 1207 530 1252; baseline -0.003 -11"><span class='ocrx_word' id='word_1_117' title='bbox 124 1218 208 1242; x_wconf 89' lang='lat' dir='ltr'>num</span> <span class='ocrx_word' id='word_1_118' title='bbox 235 1207 293 1252; x_wconf 89' lang='lat' dir='ltr'>qui</span> <span class='ocrx_word' id='word_1_119' title='bbox 323 1211 530 1252; x_wconf 82' lang='lat' dir='ltr'>sequuntur.</span> 
     </span>
    </p>

    <p class='ocr_par' dir='ltr' id='par_1_10' title="bbox 119 1251 904 1533">
     <span class='ocr_line' id='line_1_20' title="bbox 169 1251 902 1290; baseline -0.005 -1"><span class='ocrx_word' id='word_1_120' title='bbox 169 1253 254 1290; x_wconf 59' lang='lat' dir='ltr'><strong>CAN.</strong></span> <span class='ocrx_word' id='word_1_121' title='bbox 281 1253 417 1288; x_wconf 83' lang='grc' dir='ltr'><strong>11οὃ-</strong></span> <span class='ocrx_word' id='word_1_122' title='bbox 449 1252 632 1288; x_wconf 84' lang='lat' dir='ltr'>Permissio</span> <span class='ocrx_word' id='word_1_123' title='bbox 657 1251 902 1287; x_wconf 84' lang='lat' dir='ltr'>celebrationis</span> 
     </span>
     <span class='ocr_line' id='line_1_21' title="bbox 122 1300 902 1345; baseline -0.004 -9"><span class='ocrx_word' id='word_1_124' title='bbox 122 1301 333 1337; x_wconf 84' lang='lat' dir='ltr'>matrimonii</span> <span class='ocrx_word' id='word_1_125' title='bbox 361 1300 595 1336; x_wconf 88' lang='lat' dir='ltr'>conscientiae</span> <span class='ocrx_word' id='word_1_126' title='bbox 621 1300 808 1334; x_wconf 81' lang='lat' dir='ltr'>secumfert</span> <span class='ocrx_word' id='word_1_127' title='bbox 826 1310 902 1345; x_wconf 91' lang='lat' dir='ltr'>pro—</span> 
     </span>
     <span class='ocr_line' id='line_1_22' title="bbox 122 1346 904 1392; baseline -0.003 -10"><span class='ocrx_word' id='word_1_128' title='bbox 122 1348 325 1383; x_wconf 89' lang='lat' dir='ltr'>missionem</span> <span class='ocrx_word' id='word_1_129' title='bbox 353 1352 385 1383; x_wconf 87' lang='lat' dir='ltr'>et</span> <span class='ocrx_word' id='word_1_130' title='bbox 411 1359 550 1392; x_wconf 87' lang='lat' dir='ltr'>gravem</span> <span class='ocrx_word' id='word_1_131' title='bbox 578 1346 827 1392; x_wconf 83' lang='lat' dir='ltr'>obligationem</span> <span class='ocrx_word' id='word_1_132' title='bbox 855 1357 904 1381; x_wconf 87' lang='lat' dir='ltr'>se-</span> 
     </span>
     <span class='ocr_line' id='line_1_23' title="bbox 120 1393 901 1440; baseline -0.004 -9"><span class='ocrx_word' id='word_1_133' title='bbox 120 1395 204 1431; x_wconf 84' lang='lat' dir='ltr'>creti</span> <span class='ocrx_word' id='word_1_134' title='bbox 233 1395 393 1431; x_wconf 82' lang='lat' dir='ltr'>servandi</span> <span class='ocrx_word' id='word_1_135' title='bbox 414 1406 454 1430; x_wconf 84' lang='lat' dir='ltr'>ex</span> <span class='ocrx_word' id='word_1_136' title='bbox 488 1399 583 1440; x_wconf 90' lang='lat' dir='ltr'>parte</span> <span class='ocrx_word' id='word_1_137' title='bbox 603 1394 792 1429; x_wconf 88' lang='lat' dir='ltr'>sacerdotis</span> <span class='ocrx_word' id='word_1_138' title='bbox 817 1393 901 1429; x_wconf 88' lang='lat' dir='ltr'>assi-</span> 
     </span>
     <span class='ocr_line' id='line_1_24' title="bbox 119 1440 903 1487; baseline -0.003 -10"><span class='ocrx_word' id='word_1_139' title='bbox 119 1443 255 1484; x_wconf 91' lang='lat' dir='ltr'>stentis,</span> <span class='ocrx_word' id='word_1_140' title='bbox 282 1442 437 1482; x_wconf 89' lang='lat' dir='ltr'>testium,</span> <span class='ocrx_word' id='word_1_141' title='bbox 461 1440 640 1477; x_wconf 88' lang='lat' dir='ltr'>Ordinarii</span> <span class='ocrx_word' id='word_1_142' title='bbox 659 1441 804 1487; x_wconf 82' lang='lat' dir='ltr'>eiusque</span> <span class='ocrx_word' id='word_1_143' title='bbox 829 1452 903 1476; x_wconf 88' lang='lat' dir='ltr'>suc-</span> 
     </span>
     <span class='ocr_line' id='line_1_25' title="bbox 120 1488 902 1533; baseline -0.001 -9"><span class='ocrx_word' id='word_1_144' title='bbox 120 1501 306 1531; x_wconf 84' lang='lat' dir='ltr'>cessorum,</span> <span class='ocrx_word' id='word_1_145' title='bbox 333 1494 367 1525; x_wconf 91' lang='lat' dir='ltr'>et</span> <span class='ocrx_word' id='word_1_146' title='bbox 404 1489 509 1525; x_wconf 90' lang='lat' dir='ltr'>etiam</span> <span class='ocrx_word' id='word_1_147' title='bbox 548 1489 693 1524; x_wconf 86' lang='lat' dir='ltr'>alterius</span> <span class='ocrx_word' id='word_1_148' title='bbox 731 1488 902 1533; x_wconf 79' lang='lat' dir='ltr'>coniugis.</span> 
     </span>
    </p>
   </div>
   <div class='ocr_carea' id='block_1_10' title="bbox 973 870 1758 1532">
    <p class='ocr_par' dir='ltr' id='par_1_11' title="bbox 975 870 1758 1389">
     <span class='ocr_line' id='line_1_26' title="bbox 975 870 1754 916; baseline -0.004 -9"><span class='ocrx_word' id='word_1_149' title='bbox 975 872 1017 907; x_wconf 88' lang='lat' dir='ltr'>ad</span> <span class='ocrx_word' id='word_1_150' title='bbox 1044 883 1162 907; x_wconf 87' lang='lat' dir='ltr'>casum</span> <span class='ocrx_word' id='word_1_151' title='bbox 1191 883 1258 916; x_wconf 89' lang='lat' dir='ltr'>quo</span> <span class='ocrx_word' id='word_1_152' title='bbox 1286 871 1335 905; x_wconf 70' lang='lat' dir='ltr'>vel</span> <span class='ocrx_word' id='word_1_153' title='bbox 1371 871 1509 916; x_wconf 78' lang='lat' dir='ltr'>aliquod</span> <span class='ocrx_word' id='word_1_154' title='bbox 1550 870 1754 905; x_wconf 88' lang='lat' dir='ltr'>scandalum</span> 
     </span>
     <span class='ocr_line' id='line_1_27' title="bbox 975 918 1756 963; baseline -0.004 -8"><span class='ocrx_word' id='word_1_155' title='bbox 975 925 1035 955; x_wconf 87' lang='lat' dir='ltr'>aut</span> <span class='ocrx_word' id='word_1_156' title='bbox 1061 919 1177 963; x_wconf 80' lang='lat' dir='ltr'>gravis</span> <span class='ocrx_word' id='word_1_157' title='bbox 1196 929 1277 963; x_wconf 86' lang='lat' dir='ltr'>erga</span> <span class='ocrx_word' id='word_1_158' title='bbox 1298 918 1511 953; x_wconf 90' lang='lat' dir='ltr'>matrimonii</span> <span class='ocrx_word' id='word_1_159' title='bbox 1535 918 1756 953; x_wconf 76' lang='lat' dir='ltr'>sanctitatem</span> 
     </span>
     <span class='ocr_line' id='line_1_28' title="bbox 976 965 1754 1004; baseline -0.003 -4"><span class='ocrx_word' id='word_1_160' title='bbox 976 966 1105 1001; x_wconf 89' lang='lat' dir='ltr'>iniuria</span> <span class='ocrx_word' id='word_1_161' title='bbox 1123 977 1161 1001; x_wconf 80' lang='lat' dir='ltr'>ex</span> <span class='ocrx_word' id='word_1_162' title='bbox 1178 966 1297 1000; x_wconf 82' lang='lat' dir='ltr'>secreti</span> <span class='ocrx_word' id='word_1_163' title='bbox 1318 965 1540 1000; x_wconf 83' lang='lat' dir='ltr'>observantia</span> <span class='ocrx_word' id='word_1_164' title='bbox 1560 965 1754 1004; x_wconf 74' lang='lat' dir='ltr'>immineat,</span> 
     </span>
     <span class='ocr_line' id='line_1_29' title="bbox 975 1012 1754 1066; baseline -0.003 -18"><span class='ocrx_word' id='word_1_165' title='bbox 975 1014 1025 1049; x_wconf 88' lang='lat' dir='ltr'>vel</span> <span class='ocrx_word' id='word_1_166' title='bbox 1056 1018 1218 1066; x_wconf 79' lang='lat' dir='ltr'>parentes</span> <span class='ocrx_word' id='word_1_167' title='bbox 1256 1024 1325 1048; x_wconf 92' lang='lat' dir='ltr'>non</span> <span class='ocrx_word' id='word_1_168' title='bbox 1355 1018 1476 1048; x_wconf 83' lang='lat' dir='ltr'>curent</span> <span class='ocrx_word' id='word_1_169' title='bbox 1516 1012 1604 1047; x_wconf 85' lang='lat' dir='ltr'>tilios</span> <span class='ocrx_word' id='word_1_170' title='bbox 1629 1024 1668 1047; x_wconf 76' lang='lat' dir='ltr'>ex</span> <span class='ocrx_word' id='word_1_171' title='bbox 1696 1012 1754 1047; x_wconf 89' lang='lat' dir='ltr'>tali</span> 
     </span>
     <span class='ocr_line' id='line_1_30' title="bbox 976 1060 1757 1106; baseline -0.004 -10"><span class='ocrx_word' id='word_1_172' title='bbox 976 1061 1199 1096; x_wconf 84' lang='lat' dir='ltr'>matrimonio</span> <span class='ocrx_word' id='word_1_173' title='bbox 1228 1064 1405 1106; x_wconf 87' lang='lat' dir='ltr'>susceptos</span> <span class='ocrx_word' id='word_1_174' title='bbox 1427 1060 1596 1105; x_wconf 88' lang='lat' dir='ltr'>baptizari</span> <span class='ocrx_word' id='word_1_175' title='bbox 1616 1064 1676 1094; x_wconf 90' lang='lat' dir='ltr'>aut</span> <span class='ocrx_word' id='word_1_176' title='bbox 1701 1071 1757 1095; x_wconf 83' lang='lat' dir='ltr'>eos</span> 
     </span>
     <span class='ocr_line' id='line_1_31' title="bbox 976 1107 1756 1160; baseline -0.004 -17"><span class='ocrx_word' id='word_1_177' title='bbox 976 1108 1202 1154; x_wconf 86' lang='lat' dir='ltr'>baptizandos</span> <span class='ocrx_word' id='word_1_178' title='bbox 1213 1112 1335 1143; x_wconf 88' lang='lat' dir='ltr'>curent</span> <span class='ocrx_word' id='word_1_179' title='bbox 1349 1107 1442 1142; x_wconf 81' lang='lat' dir='ltr'>falsis</span> <span class='ocrx_word' id='word_1_180' title='bbox 1461 1107 1631 1160; x_wconf 79' lang='lat' dir='ltr'>expressis</span> <span class='ocrx_word' id='word_1_181' title='bbox 1646 1107 1756 1141; x_wconf 93' lang='lat' dir='ltr'>nomi-</span> 
     </span>
     <span class='ocr_line' id='line_1_32' title="bbox 976 1153 1756 1201; baseline -0.004 -10"><span class='ocrx_word' id='word_1_182' title='bbox 976 1156 1092 1197; x_wconf 68' lang='lat' dir='ltr'>nibrm,</span> <span class='ocrx_word' id='word_1_183' title='bbox 1110 1156 1194 1201; x_wconf 81' lang='lat' dir='ltr'>quin</span> <span class='ocrx_word' id='word_1_184' title='bbox 1224 1155 1363 1189; x_wconf 82' lang='lat' dir='ltr'>interim</span> <span class='ocrx_word' id='word_1_185' title='bbox 1384 1153 1573 1190; x_wconf 87' lang='lat' dir='ltr'>Ordinario</span> <span class='ocrx_word' id='word_1_186' title='bbox 1592 1154 1683 1189; x_wconf 80' lang='lat' dir='ltr'>intra</span> <span class='ocrx_word' id='word_1_187' title='bbox 1699 1155 1756 1188; x_wconf 78' lang='lat' dir='ltr'>tii</span> 
     </span>
     <span class='ocr_line' id='line_1_33' title="bbox 973 1202 1755 1248; baseline -0.001 -10.997"><span class='ocrx_word' id='word_1_188' title='bbox 973 1204 1073 1248; x_wconf 84' lang='lat' dir='ltr'>ginta</span> <span class='ocrx_word' id='word_1_189' title='bbox 1098 1203 1171 1238; x_wconf 90' lang='lat' dir='ltr'>dies</span> <span class='ocrx_word' id='word_1_190' title='bbox 1198 1202 1357 1237; x_wconf 90' lang='lat' dir='ltr'>notitiam</span> <span class='ocrx_word' id='word_1_191' title='bbox 1388 1202 1492 1248; x_wconf 90' lang='lat' dir='ltr'>prolis</span> <span class='ocrx_word' id='word_1_192' title='bbox 1518 1207 1699 1247; x_wconf 87' lang='lat' dir='ltr'>susceptae</span> <span class='ocrx_word' id='word_1_193' title='bbox 1725 1206 1755 1236; x_wconf 90' lang='lat' dir='ltr'>et</span> 
     </span>
     <span class='ocr_line' id='line_1_34' title="bbox 976 1249 1755 1296; baseline -0.001 -11"><span class='ocrx_word' id='word_1_194' title='bbox 976 1251 1171 1296; x_wconf 82' lang='lat' dir='ltr'>baptizatae</span> <span class='ocrx_word' id='word_1_195' title='bbox 1197 1261 1275 1284; x_wconf 84' lang='lat' dir='ltr'>cum</span> <span class='ocrx_word' id='word_1_196' title='bbox 1303 1250 1439 1285; x_wconf 88' lang='lat' dir='ltr'>sincera</span> <span class='ocrx_word' id='word_1_197' title='bbox 1467 1249 1680 1284; x_wconf 89' lang='lat' dir='ltr'>indicatione</span> <span class='ocrx_word' id='word_1_198' title='bbox 1701 1261 1755 1293; x_wconf 86' lang='lat' dir='ltr'>pa-</span> 
     </span>
     <span class='ocr_line' id='line_1_35' title="bbox 975 1296 1758 1343; baseline 0 -11"><span class='ocrx_word' id='word_1_199' title='bbox 975 1303 1112 1334; x_wconf 92' lang='lat' dir='ltr'>rentum</span> <span class='ocrx_word' id='word_1_200' title='bbox 1132 1297 1333 1343; x_wconf 87' lang='lat' dir='ltr'>praebeant,</span> <span class='ocrx_word' id='word_1_201' title='bbox 1356 1297 1406 1332; x_wconf 75' lang='lat' dir='ltr'>vel</span> <span class='ocrx_word' id='word_1_202' title='bbox 1426 1296 1654 1332; x_wconf 83' lang='lat' dir='ltr'>christianam</span> <span class='ocrx_word' id='word_1_203' title='bbox 1675 1296 1758 1332; x_wconf 84' lang='lat' dir='ltr'>filio-</span> 
     </span>
     <span class='ocr_line' id='line_1_36' title="bbox 975 1344 1541 1389; baseline -0.004 -9"><span class='ocrx_word' id='word_1_204' title='bbox 975 1357 1052 1381; x_wconf 89' lang='lat' dir='ltr'>rum</span> <span class='ocrx_word' id='word_1_205' title='bbox 1079 1345 1321 1380; x_wconf 83' lang='lat' dir='ltr'>educationem</span> <span class='ocrx_word' id='word_1_206' title='bbox 1350 1344 1541 1389; x_wconf 76' lang='lat' dir='ltr'>negligant.</span> 
     </span>
    </p>

    <p class='ocr_par' dir='ltr' id='par_1_12' title="bbox 976 1390 1758 1532">
     <span class='ocr_line' id='line_1_37' title="bbox 1024 1390 1755 1428; baseline -0.004 0"><span class='ocrx_word' id='word_1_207' title='bbox 1024 1391 1108 1428; x_wconf 70' lang='lat' dir='ltr'><strong>CAN.</strong></span> <span class='ocrx_word' id='word_1_208' title='bbox 1132 1391 1234 1426; x_wconf 79' lang='grc'><strong>1107.</strong></span> <span class='ocrx_word' id='word_1_209' title='bbox 1258 1412 1274 1418; x_wconf 98' lang='grc'>-</span> <span class='ocrx_word' id='word_1_210' title='bbox 1296 1391 1557 1426; x_wconf 77' lang='lat' dir='ltr'>Matrimonium</span> <span class='ocrx_word' id='word_1_211' title='bbox 1578 1390 1755 1426; x_wconf 86' lang='lat' dir='ltr'>conscien-</span> 
     </span>
     <span class='ocr_line' id='line_1_38' title="bbox 976 1439 1758 1475; baseline -0.004 0"><span class='ocrx_word' id='word_1_212' title='bbox 976 1440 1043 1475; x_wconf 86' lang='lat' dir='ltr'>tiae</span> <span class='ocrx_word' id='word_1_213' title='bbox 1071 1451 1140 1475; x_wconf 87' lang='lat' dir='ltr'>non</span> <span class='ocrx_word' id='word_1_214' title='bbox 1167 1444 1218 1475; x_wconf 89' lang='lat' dir='ltr'>est</span> <span class='ocrx_word' id='word_1_215' title='bbox 1248 1439 1490 1474; x_wconf 88' lang='lat' dir='ltr'>adnotandum</span> <span class='ocrx_word' id='word_1_216' title='bbox 1531 1439 1566 1473; x_wconf 91' lang='lat' dir='ltr'>in</span> <span class='ocrx_word' id='word_1_217' title='bbox 1594 1443 1758 1473; x_wconf 84' lang='lat' dir='ltr'>consueto</span> 
     </span>
     <span class='ocr_line' id='line_1_39' title="bbox 976 1486 1755 1532; baseline -0.003 -10"><span class='ocrx_word' id='word_1_218' title='bbox 976 1487 1281 1522; x_wconf 87' lang='lat' dir='ltr'>matrimoniorum</span> <span class='ocrx_word' id='word_1_219' title='bbox 1307 1498 1347 1522; x_wconf 88' lang='lat' dir='ltr'>ac</span> <span class='ocrx_word' id='word_1_220' title='bbox 1374 1486 1626 1532; x_wconf 87' lang='lat' dir='ltr'>baptizatorum</span> <span class='ocrx_word' id='word_1_221' title='bbox 1655 1486 1755 1527; x_wconf 80' lang='lat' dir='ltr'>libro,</span> 
     </span>
    </p>
   </div>
   <div class='ocr_carea' id='block_1_11' title="bbox 0 0 16 3261">
    <p class='ocr_par' dir='ltr' id='par_1_13' title="bbox 0 0 16 3261">
     <span class='ocr_line' id='line_1_40' title="bbox 0 0 16 3261; baseline 0 0"><span class='ocrx_word' id='word_1_222' title='bbox 0 0 16 3261; x_wconf 95' lang='lat' dir='ltr'> </span> 
     </span>
    </p>
   </div>
   <div class='ocr_carea' id='block_1_12' title="bbox 118 1533 1755 1678">
    <p class='ocr_par' dir='ltr' id='par_1_14' title="bbox 118 1533 1755 1678">
     <span class='ocr_line' id='line_1_41' title="bbox 119 1533 1754 1580; baseline -0.004 -7"><span class='ocrx_word' id='word_1_223' title='bbox 119 1538 229 1573; x_wconf 88' lang='lat' dir='ltr'>altero</span> <span class='ocrx_word' id='word_1_224' title='bbox 247 1548 317 1572; x_wconf 90' lang='lat' dir='ltr'>non</span> <span class='ocrx_word' id='word_1_225' title='bbox 339 1537 582 1573; x_wconf 84' lang='lat' dir='ltr'>consentiente</span> <span class='ocrx_word' id='word_1_226' title='bbox 608 1536 851 1580; x_wconf 83' lang='lat' dir='ltr'>divulgationi.</span> <span class='ocrx_word' id='word_1_227' title='bbox 975 1535 1033 1570; x_wconf 88' lang='lat' dir='ltr'>sed</span> <span class='ocrx_word' id='word_1_228' title='bbox 1062 1535 1096 1569; x_wconf 90' lang='lat' dir='ltr'>in</span> <span class='ocrx_word' id='word_1_229' title='bbox 1127 1534 1291 1580; x_wconf 87' lang='lat' dir='ltr'>peculiari</span> <span class='ocrx_word' id='word_1_230' title='bbox 1333 1533 1420 1570; x_wconf 91' lang='lat' dir='ltr'>libro</span> <span class='ocrx_word' id='word_1_231' title='bbox 1446 1534 1617 1569; x_wconf 87' lang='lat' dir='ltr'>servando</span> <span class='ocrx_word' id='word_1_232' title='bbox 1643 1533 1678 1568; x_wconf 90' lang='lat' dir='ltr'>in</span> <span class='ocrx_word' id='word_1_233' title='bbox 1706 1544 1754 1567; x_wconf 87' lang='lat' dir='ltr'>se-</span> 
     </span>
     <span class='ocr_line' id='line_1_42' title="bbox 168 1581 1755 1630; baseline -0.004 -9"><span class='ocrx_word' id='word_1_234' title='bbox 168 1584 253 1621; x_wconf 54' lang='lat' dir='ltr'><strong>CAN.</strong></span> <span class='ocrx_word' id='word_1_235' title='bbox 276 1582 376 1620; x_wconf 85' lang='grc'><strong>1106.</strong></span> <span class='ocrx_word' id='word_1_236' title='bbox 401 1605 417 1610; x_wconf 92' lang='grc'>-</span> <span class='ocrx_word' id='word_1_237' title='bbox 434 1583 545 1620; x_wconf 86' lang='lat' dir='ltr'>Huius</span> <span class='ocrx_word' id='word_1_238' title='bbox 560 1583 802 1630; x_wconf 89' lang='lat' dir='ltr'>promissionis</span> <span class='ocrx_word' id='word_1_239' title='bbox 816 1583 901 1617; x_wconf 92' lang='lat' dir='ltr'>obli·</span> <span class='ocrx_word' id='word_1_240' title='bbox 975 1587 1067 1618; x_wconf 88' lang='lat' dir='ltr'>creto</span> <span class='ocrx_word' id='word_1_241' title='bbox 1094 1581 1220 1617; x_wconf 87' lang='lat' dir='ltr'>Curiae</span> <span class='ocrx_word' id='word_1_242' title='bbox 1253 1581 1395 1617; x_wconf 85' lang='lat' dir='ltr'>archivo</span> <span class='ocrx_word' id='word_1_243' title='bbox 1432 1581 1474 1617; x_wconf 89' lang='lat' dir='ltr'>de</span> <span class='ocrx_word' id='word_1_244' title='bbox 1508 1592 1575 1627; x_wconf 85' lang='lat' dir='ltr'>quo</span> <span class='ocrx_word' id='word_1_245' title='bbox 1613 1581 1649 1615; x_wconf 91' lang='lat' dir='ltr'>in</span> <span class='ocrx_word' id='word_1_246' title='bbox 1676 1591 1755 1616; x_wconf 88' lang='lat' dir='ltr'>can.</span> 
     </span>
     <span class='ocr_line' id='line_1_43' title="bbox 118 1628 1055 1678; baseline -0.004 -10"><span class='ocrx_word' id='word_1_247' title='bbox 118 1633 213 1677; x_wconf 84' lang='lat' dir='ltr'>gatio</span> <span class='ocrx_word' id='word_1_248' title='bbox 229 1644 268 1668; x_wconf 87' lang='lat' dir='ltr'>ex</span> <span class='ocrx_word' id='word_1_249' title='bbox 289 1637 385 1678; x_wconf 88' lang='lat' dir='ltr'>parte</span> <span class='ocrx_word' id='word_1_250' title='bbox 403 1630 583 1668; x_wconf 84' lang='lat' dir='ltr'>Ordinarii</span> <span class='ocrx_word' id='word_1_251' title='bbox 611 1642 682 1666; x_wconf 91' lang='lat' dir='ltr'>non</span> <span class='ocrx_word' id='word_1_252' title='bbox 705 1631 904 1667; x_wconf 87' lang='lat' dir='ltr'>extenditur</span> <span class='ocrx_word' id='word_1_253' title='bbox 976 1628 1055 1664; x_wconf 80' lang='lat'><strong>379.</strong></span> 
     </span>
    </p>
   </div>
   <div class='ocr_carea' id='block_1_13' title="bbox 119 1729 1757 2989">
    <p class='ocr_par' dir='ltr' id='par_1_15' title="bbox 119 1729 1757 2714">
     <span class='ocr_line' id='line_1_44' title="bbox 243 1729 1755 1791; baseline -0.005 -11"><span class='ocrx_word' id='word_1_254' title='bbox 243 1734 340 1777; x_wconf 78' lang='lat'><strong>507.</strong></span> <span class='ocrx_word' id='word_1_255' title='bbox 377 1735 633 1791; x_wconf 79' lang='lat' dir='ltr'>Inscriptio</span> <span class='ocrx_word' id='word_1_256' title='bbox 667 1735 858 1790; x_wconf 84' lang='lat' dir='ltr'>capitis.</span> <span class='ocrx_word' id='word_1_257' title='bbox 889 1758 948 1763; x_wconf 89' lang='lat'>—</span> <span class='ocrx_word' id='word_1_258' title='bbox 979 1732 1175 1789; x_wconf 83' lang='lat' dir='ltr'>Sequitur</span> <span class='ocrx_word' id='word_1_259' title='bbox 1212 1730 1346 1789; x_wconf 64' lang='lat' dir='ltr'>Capu!</span> <span class='ocrx_word' id='word_1_260' title='bbox 1392 1729 1473 1773; x_wconf 75' lang='lat' dir='ltr'>Vll.</span> <span class='ocrx_word' id='word_1_261' title='bbox 1512 1729 1571 1773; x_wconf 84' lang='lat' dir='ltr'>De</span> <span class='ocrx_word' id='word_1_262' title='bbox 1608 1731 1755 1773; x_wconf 76' lang='lat' dir='ltr'>matri-</span> 
     </span>
     <span class='ocr_line' id='line_1_45' title="bbox 120 1800 1757 1861; baseline -0.002 -15"><span class='ocrx_word' id='word_1_263' title='bbox 120 1803 273 1855; x_wconf 82' lang='lat' dir='ltr'>monio,</span> <span class='ocrx_word' id='word_1_264' title='bbox 308 1804 417 1861; x_wconf 84' lang='lat' dir='ltr'>quod</span> <span class='ocrx_word' id='word_1_265' title='bbox 453 1805 508 1846; x_wconf 89' lang='lat' dir='ltr'>uti</span> <span class='ocrx_word' id='word_1_266' title='bbox 544 1808 782 1847; x_wconf 88' lang='lat' dir='ltr'>contractus</span> <span class='ocrx_word' id='word_1_267' title='bbox 829 1807 890 1846; x_wconf 88' lang='lat' dir='ltr'>est</span> <span class='ocrx_word' id='word_1_268' title='bbox 939 1802 1094 1846; x_wconf 85' lang='lat' dir='ltr'>dictum</span> <span class='ocrx_word' id='word_1_269' title='bbox 1146 1800 1440 1855; x_wconf 72' lang='lat' dir='ltr'>eonscientiae,</span> <span class='ocrx_word' id='word_1_270' title='bbox 1475 1813 1554 1843; x_wconf 92' lang='lat' dir='ltr'>non</span> <span class='ocrx_word' id='word_1_271' title='bbox 1590 1805 1757 1857; x_wconf 87' lang='lat' dir='ltr'>propter</span> 
     </span>
     <span class='ocr_line' id='line_1_46' title="bbox 120 1871 1757 1931; baseline -0.002 -13"><span class='ocrx_word' id='word_1_272' title='bbox 120 1886 268 1918; x_wconf 84' lang='lat' dir='ltr'>causas</span> <span class='ocrx_word' id='word_1_273' title='bbox 300 1875 567 1931; x_wconf 88' lang='lat' dir='ltr'>permittendi</span> <span class='ocrx_word' id='word_1_274' title='bbox 592 1874 701 1918; x_wconf 88' lang='lat' dir='ltr'>bunc</span> <span class='ocrx_word' id='word_1_275' title='bbox 727 1874 895 1917; x_wconf 90' lang='lat' dir='ltr'>modum</span> <span class='ocrx_word' id='word_1_276' title='bbox 918 1872 1206 1926; x_wconf 78' lang='lat' dir='ltr'>contrahendi,</span> <span class='ocrx_word' id='word_1_277' title='bbox 1230 1874 1424 1930; x_wconf 82' lang='lat' dir='ltr'>quamvis</span> <span class='ocrx_word' id='word_1_278' title='bbox 1448 1871 1524 1915; x_wconf 89' lang='lat' dir='ltr'>bae</span> <span class='ocrx_word' id='word_1_279' title='bbox 1550 1871 1757 1914; x_wconf 88' lang='lat' dir='ltr'>multoties</span> 
     </span>
     <span class='ocr_line' id='line_1_47' title="bbox 122 1943 1754 2002; baseline -0.002 -13"><span class='ocrx_word' id='word_1_280' title='bbox 122 1946 171 1990; x_wconf 90' lang='lat' dir='ltr'>ad</span> <span class='ocrx_word' id='word_1_281' title='bbox 197 1945 308 1990; x_wconf 91' lang='lat' dir='ltr'>illam</span> <span class='ocrx_word' id='word_1_282' title='bbox 332 1959 376 1989; x_wconf 90' lang='lat' dir='ltr'>se</span> <span class='ocrx_word' id='word_1_283' title='bbox 401 1946 595 2000; x_wconf 83' lang='lat' dir='ltr'>referant,</span> <span class='ocrx_word' id='word_1_284' title='bbox 629 1945 699 1989; x_wconf 88' lang='lat' dir='ltr'>sed</span> <span class='ocrx_word' id='word_1_285' title='bbox 735 1947 832 2002; x_wconf 85' lang='lat' dir='ltr'>quia</span> <span class='ocrx_word' id='word_1_286' title='bbox 867 1947 904 1988; x_wconf 93' lang='lat' dir='ltr'>in</span> <span class='ocrx_word' id='word_1_287' title='bbox 942 1946 1028 1988; x_wconf 83' lang='lat' dir='ltr'>foro</span> <span class='ocrx_word' id='word_1_288' title='bbox 1062 1945 1340 1993; x_wconf 88' lang='lat' dir='ltr'>conscientiae</span> <span class='ocrx_word' id='word_1_289' title='bbox 1373 1943 1662 2000; x_wconf 79' lang='lat' dir='ltr'>quadantenus</span> <span class='ocrx_word' id='word_1_290' title='bbox 1694 1955 1754 1986; x_wconf 88' lang='lat' dir='ltr'>ce·</span> 
     </span>
     <span class='ocr_line' id='line_1_48' title="bbox 123 2013 1752 2071; baseline -0.002 -11"><span class='ocrx_word' id='word_1_291' title='bbox 123 2016 319 2071; x_wconf 85' lang='lat' dir='ltr'>lebratur,</span> <span class='ocrx_word' id='word_1_292' title='bbox 359 2016 502 2060; x_wconf 87' lang='lat' dir='ltr'>«dum</span> <span class='ocrx_word' id='word_1_293' title='bbox 539 2018 791 2060; x_wconf 80' lang='lat' dir='ltr'>matrimonii</span> <span class='ocrx_word' id='word_1_294' title='bbox 821 2017 952 2059; x_wconf 82' lang='lat' dir='ltr'>forma</span> <span class='ocrx_word' id='word_1_295' title='bbox 984 2015 1223 2071; x_wconf 88' lang='lat' dir='ltr'>supradicta</span> <span class='ocrx_word' id='word_1_296' title='bbox 1246 2019 1440 2058; x_wconf 85' lang='lat' dir='ltr'>servatur</span> <span class='ocrx_word' id='word_1_297' title='bbox 1473 2013 1658 2071; x_wconf 82' lang='lat' dir='ltr'>quidem,</span> <span class='ocrx_word' id='word_1_298' title='bbox 1682 2013 1752 2056; x_wconf 89' lang='lat' dir='ltr'>sed</span> 
     </span>
     <span class='ocr_line' id='line_1_49' title="bbox 120 2084 1755 2142; baseline -0.002 -11"><span class='ocrx_word' id='word_1_299' title='bbox 120 2089 285 2131; x_wconf 89' lang='lat' dir='ltr'>omissis</span> <span class='ocrx_word' id='word_1_300' title='bbox 319 2086 715 2142; x_wconf 84' lang='lat' dir='ltr'>proclamationibus</span> <span class='ocrx_word' id='word_1_301' title='bbox 747 2100 795 2130; x_wconf 90' lang='lat' dir='ltr'>ac</span> <span class='ocrx_word' id='word_1_302' title='bbox 827 2086 904 2130; x_wconf 88' lang='lat' dir='ltr'>sub</span> <span class='ocrx_word' id='word_1_303' title='bbox 937 2090 1098 2130; x_wconf 84' lang='lat' dir='ltr'>secreto</span> <span class='ocrx_word' id='word_1_304' title='bbox 1130 2084 1429 2139; x_wconf 74' lang='lat' dir='ltr'>celebratur»,</span> <span class='ocrx_word' id='word_1_305' title='bbox 1455 2087 1507 2128; x_wconf 89' lang='lat' dir='ltr'>ita</span> <span class='ocrx_word' id='word_1_306' title='bbox 1539 2088 1581 2127; x_wconf 91' lang='lat' dir='ltr'>ut</span> <span class='ocrx_word' id='word_1_307' title='bbox 1606 2086 1643 2127; x_wconf 91' lang='lat' dir='ltr'>in</span> <span class='ocrx_word' id='word_1_308' title='bbox 1668 2084 1755 2127; x_wconf 83' lang='lat' dir='ltr'>foro</span> 
     </span>
     <span class='ocr_line' id='line_1_50' title="bbox 120 2159 1757 2215; baseline -0.003 -12"><span class='ocrx_word' id='word_1_309' title='bbox 120 2163 295 2203; x_wconf 88' lang='lat' dir='ltr'>externo</span> <span class='ocrx_word' id='word_1_310' title='bbox 330 2172 404 2203; x_wconf 84' lang='lat' dir='ltr'>nec</span> <span class='ocrx_word' id='word_1_311' title='bbox 438 2161 494 2202; x_wconf 87' lang='lat' dir='ltr'>uti</span> <span class='ocrx_word' id='word_1_312' title='bbox 529 2161 726 2215; x_wconf 84' lang='lat' dir='ltr'>coniuges</span> <span class='ocrx_word' id='word_1_313' title='bbox 759 2162 986 2215; x_wconf 86' lang='lat' dir='ltr'>appareant</span> <span class='ocrx_word' id='word_1_314' title='bbox 1009 2159 1181 2200; x_wconf 90' lang='lat' dir='ltr'>maritus</span> <span class='ocrx_word' id='word_1_315' title='bbox 1205 2161 1244 2200; x_wconf 90' lang='lat' dir='ltr'>et</span> <span class='ocrx_word' id='word_1_316' title='bbox 1269 2170 1387 2211; x_wconf 84' lang='lat' dir='ltr'>uxor,</span> <span class='ocrx_word' id='word_1_317' title='bbox 1411 2169 1641 2214; x_wconf 83' lang='lat' dir='ltr'>eorumque</span> <span class='ocrx_word' id='word_1_318' title='bbox 1664 2169 1757 2199; x_wconf 85' lang='lat' dir='ltr'>con-</span> 
     </span>
     <span class='ocr_line' id='line_1_51' title="bbox 119 2225 1756 2288; baseline -0.003 -14"><span class='ocrx_word' id='word_1_319' title='bbox 119 2232 319 2280; x_wconf 85' lang='lat' dir='ltr'>scientiae</span> <span class='ocrx_word' id='word_1_320' title='bbox 354 2230 643 2288; x_wconf 87' lang='lat' dir='ltr'>relinquantur</span> <span class='ocrx_word' id='word_1_321' title='bbox 674 2229 751 2273; x_wconf 90' lang='lat' dir='ltr'>sub</span> <span class='ocrx_word' id='word_1_322' title='bbox 783 2230 1042 2273; x_wconf 83' lang='lat' dir='ltr'>auctoritatis</span> <span class='ocrx_word' id='word_1_323' title='bbox 1090 2227 1395 2271; x_wconf 87' lang='lat' dir='ltr'>ecclesiasticae</span> <span class='ocrx_word' id='word_1_324' title='bbox 1433 2228 1621 2271; x_wconf 86' lang='lat' dir='ltr'>custodia</span> <span class='ocrx_word' id='word_1_325' title='bbox 1657 2225 1756 2270; x_wconf 87' lang='lat' dir='ltr'>obli-</span> 
     </span>
     <span class='ocr_line' id='line_1_52' title="bbox 120 2297 1754 2357; baseline -0.002 -13"><span class='ocrx_word' id='word_1_326' title='bbox 120 2302 309 2356; x_wconf 86' lang='lat' dir='ltr'>gationes</span> <span class='ocrx_word' id='word_1_327' title='bbox 342 2305 486 2344; x_wconf 90' lang='lat' dir='ltr'>mutuo</span> <span class='ocrx_word' id='word_1_328' title='bbox 519 2299 813 2357; x_wconf 87' lang='lat' dir='ltr'>adimplendae</span> <span class='ocrx_word' id='word_1_329' title='bbox 845 2312 893 2343; x_wconf 87' lang='lat' dir='ltr'>ac</span> <span class='ocrx_word' id='word_1_330' title='bbox 926 2311 1023 2356; x_wconf 88' lang='lat' dir='ltr'>erga</span> <span class='ocrx_word' id='word_1_331' title='bbox 1050 2297 1206 2355; x_wconf 86' lang='lat' dir='ltr'>prolem</span> <span class='ocrx_word' id='word_1_332' title='bbox 1234 2298 1329 2341; x_wconf 87' lang='lat' dir='ltr'>inde</span> <span class='ocrx_word' id='word_1_333' title='bbox 1352 2305 1500 2341; x_wconf 90' lang='lat' dir='ltr'>ortam.</span> <span class='ocrx_word' id='word_1_334' title='bbox 1536 2297 1754 2354; x_wconf 83' lang='lat' dir='ltr'>Disciplina</span> 
     </span>
     <span class='ocr_line' id='line_1_53' title="bbox 124 2368 1753 2428; baseline -0.002 -13"><span class='ocrx_word' id='word_1_335' title='bbox 124 2373 236 2428; x_wconf 88' lang='lat' dir='ltr'>prius</span> <span class='ocrx_word' id='word_1_336' title='bbox 272 2374 416 2428; x_wconf 88' lang='lat' dir='ltr'>vigens</span> <span class='ocrx_word' id='word_1_337' title='bbox 449 2376 489 2415; x_wconf 89' lang='lat' dir='ltr'>et</span> <span class='ocrx_word' id='word_1_338' title='bbox 522 2374 560 2415; x_wconf 90' lang='lat' dir='ltr'>in</span> <span class='ocrx_word' id='word_1_339' title='bbox 596 2371 674 2416; x_wconf 89' lang='lat' dir='ltr'>boc</span> <span class='ocrx_word' id='word_1_340' title='bbox 707 2370 871 2416; x_wconf 87' lang='lat' dir='ltr'>Codicis</span> <span class='ocrx_word' id='word_1_341' title='bbox 903 2375 1027 2427; x_wconf 89' lang='lat' dir='ltr'>caput</span> <span class='ocrx_word' id='word_1_342' title='bbox 1059 2370 1268 2418; x_wconf 89' lang='lat' dir='ltr'>translata,</span> <span class='ocrx_word' id='word_1_343' title='bbox 1304 2374 1391 2413; x_wconf 88' lang='lat' dir='ltr'>tum</span> <span class='ocrx_word' id='word_1_344' title='bbox 1425 2369 1560 2426; x_wconf 87' lang='lat' dir='ltr'>quoad</span> <span class='ocrx_word' id='word_1_345' title='bbox 1597 2368 1753 2412; x_wconf 89' lang='lat' dir='ltr'>denun-</span> 
     </span>
     <span class='ocr_line' id='line_1_54' title="bbox 120 2439 1755 2500; baseline -0.002 -15"><span class='ocrx_word' id='word_1_346' title='bbox 120 2444 345 2486; x_wconf 88' lang='lat' dir='ltr'>ciationum</span> <span class='ocrx_word' id='word_1_347' title='bbox 380 2443 754 2500; x_wconf 86' lang='lat' dir='ltr'>despensationem,</span> <span class='ocrx_word' id='word_1_348' title='bbox 790 2447 876 2485; x_wconf 86' lang='lat' dir='ltr'>tum</span> <span class='ocrx_word' id='word_1_349' title='bbox 910 2441 1045 2499; x_wconf 81' lang='lat' dir='ltr'>quoad</span> <span class='ocrx_word' id='word_1_350' title='bbox 1081 2443 1211 2497; x_wconf 89' lang='lat' dir='ltr'>ipsam</span> <span class='ocrx_word' id='word_1_351' title='bbox 1246 2442 1482 2484; x_wconf 86' lang='lat' dir='ltr'>matrimoni</span> <span class='ocrx_word' id='word_1_352' title='bbox 1517 2439 1755 2483; x_wconf 89' lang='lat' dir='ltr'>celebratio-</span> 
     </span>
     <span class='ocr_line' id='line_1_55' title="bbox 122 2510 1755 2571; baseline -0.001 -16"><span class='ocrx_word' id='word_1_353' title='bbox 122 2526 232 2565; x_wconf 84' lang='lat' dir='ltr'>nem,</span> <span class='ocrx_word' id='word_1_354' title='bbox 263 2513 448 2557; x_wconf 87' lang='lat' dir='ltr'>eiusdem</span> <span class='ocrx_word' id='word_1_355' title='bbox 484 2516 792 2571; x_wconf 86' lang='lat' dir='ltr'>inscriptionem</span> <span class='ocrx_word' id='word_1_356' title='bbox 820 2515 856 2556; x_wconf 92' lang='lat' dir='ltr'>in</span> <span class='ocrx_word' id='word_1_357' title='bbox 883 2512 988 2557; x_wconf 89' lang='lat' dir='ltr'>libro</span> <span class='ocrx_word' id='word_1_358' title='bbox 1026 2514 1402 2566; x_wconf 79' lang='lat' dir='ltr'>matrimoniorum,</span> <span class='ocrx_word' id='word_1_359' title='bbox 1436 2510 1627 2569; x_wconf 84' lang='lat' dir='ltr'>illiusque</span> <span class='ocrx_word' id='word_1_360' title='bbox 1660 2524 1755 2554; x_wconf 90' lang='lat' dir='ltr'>con-</span> 
     </span>
     <span class='ocr_line' id='line_1_56' title="bbox 119 2581 1756 2642; baseline -0.002 -15"><span class='ocrx_word' id='word_1_361' title='bbox 119 2586 371 2642; x_wconf 85' lang='lat' dir='ltr'>sequentias,</span> <span class='ocrx_word' id='word_1_362' title='bbox 406 2586 617 2628; x_wconf 82' lang='lat' dir='ltr'>invem‘tur</span> <span class='ocrx_word' id='word_1_363' title='bbox 659 2589 826 2628; x_wconf 87' lang='lat' dir='ltr'>exarata</span> <span class='ocrx_word' id='word_1_364' title='bbox 878 2586 916 2627; x_wconf 91' lang='lat' dir='ltr'>in</span> <span class='ocrx_word' id='word_1_365' title='bbox 967 2583 1075 2627; x_wconf 83' lang='lat' dir='ltr'>Litt.⁸</span> <span class='ocrx_word' id='word_1_366' title='bbox 1107 2589 1217 2640; x_wconf 88' lang='lat' dir='ltr'>app.S</span> <span class='ocrx_word' id='word_1_367' title='bbox 1250 2582 1399 2626; x_wconf 88' lang='lat' dir='ltr'>Bened.</span> <span class='ocrx_word' id='word_1_368' title='bbox 1435 2581 1523 2625; x_wconf 84' lang='lat' dir='ltr'>XlV</span> <span class='ocrx_word' id='word_1_369' title='bbox 1559 2581 1756 2636; x_wconf 85' lang='lat' dir='ltr'>classicis,</span> 
     </span>
     <span class='ocr_line' id='line_1_57' title="bbox 121 2653 1578 2714; baseline -0.002 -16"><span class='ocrx_word' id='word_1_370' title='bbox 121 2668 230 2714; x_wconf 87' lang='lat' dir='ltr'>quae</span> <span class='ocrx_word' id='word_1_371' title='bbox 264 2657 467 2712; x_wconf 89' lang='lat' dir='ltr'>incipiunt</span> <span class='ocrx_word' id='word_1_372' title='bbox 505 2658 654 2701; x_wconf 83' lang='lat' dir='ltr'>«Satis</span> <span class='ocrx_word' id='word_1_373' title='bbox 689 2655 844 2700; x_wconf 79' lang='lat' dir='ltr'>vobis»</span> <span class='ocrx_word' id='word_1_374' title='bbox 884 2659 924 2699; x_wconf 89' lang='lat' dir='ltr'>et</span> <span class='ocrx_word' id='word_1_375' title='bbox 957 2655 1062 2699; x_wconf 88' lang='lat' dir='ltr'>latae</span> <span class='ocrx_word' id='word_1_376' title='bbox 1095 2659 1189 2698; x_wconf 86' lang='lat' dir='ltr'>sunt</span> <span class='ocrx_word' id='word_1_377' title='bbox 1224 2654 1276 2697; x_wconf 67' lang='lat'>27</span> <span class='ocrx_word' id='word_1_378' title='bbox 1310 2653 1415 2697; x_wconf 77' lang='lat' dir='ltr'>Nov.</span> <span class='ocrx_word' id='word_1_379' title='bbox 1456 2653 1578 2697; x_wconf 79' lang='grc'><strong>1741.</strong></span> 
     </span>
    </p>

    <p class='ocr_par' dir='ltr' id='par_1_16' title="bbox 119 2724 1757 2925">
     <span class='ocr_line' id='line_1_58' title="bbox 242 2724 1757 2782; baseline -0.007 -7"><span class='ocrx_word' id='word_1_380' title='bbox 242 2726 339 2770; x_wconf 79' lang='lat'><strong>508·</strong></span> <span class='ocrx_word' id='word_1_381' title='bbox 376 2729 629 2774; x_wconf 88' lang='lat' dir='ltr'>Canonum</span> <span class='ocrx_word' id='word_1_382' title='bbox 662 2729 801 2774; x_wconf 85' lang='lat' dir='ltr'>ordo.</span> <span class='ocrx_word' id='word_1_383' title='bbox 835 2752 887 2757; x_wconf 81' lang='lat'>—-</span> <span class='ocrx_word' id='word_1_384' title='bbox 923 2725 993 2769; x_wconf 93' lang='grc'><strong>1113</strong></span> <span class='ocrx_word' id='word_1_385' title='bbox 1028 2725 1230 2782; x_wconf 82' lang='lat' dir='ltr'>legislatio</span> <span class='ocrx_word' id='word_1_386' title='bbox 1253 2729 1448 2769; x_wconf 88' lang='lat' dir='ltr'>accurate</span> <span class='ocrx_word' id='word_1_387' title='bbox 1471 2724 1548 2768; x_wconf 92' lang='lat' dir='ltr'>sub</span> <span class='ocrx_word' id='word_1_388' title='bbox 1580 2729 1757 2781; x_wconf 83' lang='lat' dir='ltr'>quatuor</span> 
     </span>
     <span class='ocr_line' id='line_1_59' title="bbox 119 2794 1756 2854; baseline -0.002 -15"><span class='ocrx_word' id='word_1_389' title='bbox 119 2796 351 2840; x_wconf 87' lang='lat' dir='ltr'>canonibus</span> <span class='ocrx_word' id='word_1_390' title='bbox 383 2800 695 2854; x_wconf 80' lang='lat' dir='ltr'>constringitur,</span> <span class='ocrx_word' id='word_1_391' title='bbox 719 2802 843 2853; x_wconf 84' lang='lat' dir='ltr'>atque</span> <span class='ocrx_word' id='word_1_392' title='bbox 878 2799 916 2840; x_wconf 91' lang='lat' dir='ltr'>in</span> <span class='ocrx_word' id='word_1_393' title='bbox 942 2809 1031 2841; x_wconf 90' lang='lat' dir='ltr'>can.</span> <span class='ocrx_word' id='word_1_394' title='bbox 1062 2796 1171 2839; x_wconf 80' lang='lat'>1104</span> <span class='ocrx_word' id='word_1_395' title='bbox 1198 2809 1271 2852; x_wconf 90' lang='lat' dir='ltr'>pro</span> <span class='ocrx_word' id='word_1_396' title='bbox 1293 2794 1457 2840; x_wconf 88' lang='lat' dir='ltr'>Codicis</span> <span class='ocrx_word' id='word_1_397' title='bbox 1486 2795 1619 2851; x_wconf 87' lang='lat' dir='ltr'>logico</span> <span class='ocrx_word' id='word_1_398' title='bbox 1645 2807 1756 2837; x_wconf 83' lang='lat' dir='ltr'>more</span> 
     </span>
     <span class='ocr_line' id='line_1_60' title="bbox 120 2866 1757 2925; baseline 0 -18"><span class='ocrx_word' id='word_1_399' title='bbox 120 2867 221 2925; x_wconf 79' lang='lat' dir='ltr'>quid</span> <span class='ocrx_word' id='word_1_400' title='bbox 247 2869 298 2911; x_wconf 90' lang='lat' dir='ltr'>sit</span> <span class='ocrx_word' id='word_1_401' title='bbox 331 2868 648 2912; x_wconf 76' lang='lat' dir='ltr'>matrimonium</span> <span class='ocrx_word' id='word_1_402' title='bbox 673 2868 955 2912; x_wconf 74' lang='lat' dir='ltr'>eonscientiae</span> <span class='ocrx_word' id='word_1_403' title='bbox 976 2867 1240 2920; x_wconf 77' lang='lat' dir='ltr'>describitur,</span> <span class='ocrx_word' id='word_1_404' title='bbox 1265 2871 1303 2910; x_wconf 88' lang='lat' dir='ltr'>et</span> <span class='ocrx_word' id='word_1_405' title='bbox 1328 2866 1501 2910; x_wconf 82' lang='lat' dir='ltr'>facultas</span> <span class='ocrx_word' id='word_1_406' title='bbox 1524 2877 1757 2922; x_wconf 81' lang='lat' dir='ltr'>causaeque</span> 
     </span>
    </p>

    <p class='ocr_par' dir='ltr' id='par_1_17' title="bbox 213 2955 1673 2989">
     <span class='ocr_line' id='line_1_61' title="bbox 213 2955 1673 2989; baseline 0.003 -4"><span class='ocrx_word' id='word_1_407' title='bbox 213 2957 311 2986; x_wconf 79' lang='lat' dir='ltr'><strong>BLAT</strong></span> <span class='ocrx_word' id='word_1_408' title='bbox 334 2973 352 2979; x_wconf 95' lang='lat'>-</span> <span class='ocrx_word' id='word_1_409' title='bbox 379 2956 501 2989; x_wconf 84' lang='lat' dir='ltr'>Comm.</span> <span class='ocrx_word' id='word_1_410' title='bbox 530 2959 616 2987; x_wconf 73' lang='lat' dir='ltr'>Teoet.</span> <span class='ocrx_word' id='word_1_411' title='bbox 643 2957 720 2989; x_wconf 86' lang='lat' dir='ltr'>Cod.</span> <span class='ocrx_word' id='word_1_412' title='bbox 746 2959 820 2987; x_wconf 76' lang='lat' dir='ltr'>Iur.</span> <span class='ocrx_word' id='word_1_413' title='bbox 847 2958 930 2987; x_wconf 75' lang='lat' dir='ltr'>Can.</span> <span class='ocrx_word' id='word_1_414' title='bbox 1634 2955 1673 2983; x_wconf 86' lang='lat'>42</span> 
     </span>
    </p>
   </div>
  </div>
 </body>
</html>
