1971 3261
189 106 261 140 160
585 107 669 141 Lm.
695 107 767 141 ΙΙΙ.
798 127 809 132 -
837 107 948 142 PAns
985 108 1011 141 Ι.
1038 127 1051 132 -
1076 109 1134 143 De
1163 109 1429 145 Sam-amentis
1542 110 1636 147 Can.
1662 111 1820 147 828-830

189 225 342 270 Urbani
382 225 479 272 Vlll,
529 227 636 269 unde
682 238 812 270 canon
862 226 1106 283 desumptus
1152 233 1235 271 est:
1275 244 1297 269 «
1320 228 1503 286 alioquin
1528 232 1570 283 ii,
1617 231 1666 274 ad
1717 243 1819 288 quos

188 299 379 353 pertinet,
411 310 510 340 suae
543 297 785 352 obligationi
821 310 900 340 non
925 299 1192 353 satisfaciant,
1216 302 1403 357 quinimo
1435 303 1623 358 graviter
1647 308 1819 358 peccent

186 372 227 410 et
259 367 308 410 ad
346 370 646 410 restitutionem
674 372 899 411 teneantur
921 384 960 413 >›.
984 368 1031 412 Et
1056 382 1218 423 revera,
1241 384 1336 414 cum
1361 371 1721 428 emptio-venditio
1748 377 1817 416 aut

187 440 471 491 commutatio,
507 444 583 481 etc.
620 438 686 481 hic
721 438 856 482 locum
890 453 970 482 non
1004 440 1166 495 habeat,
1202 454 1278 484 non
1314 446 1374 485 est
1409 443 1676 499 ponderanda
1715 442 1819 487 elee-

190 522 295 565 mos)
311 522 374 563 na,
393 509 464 551 sed
487 521 661 564 magnus
686 508 832 553 Missae
853 511 1026 564 fructus,
1045 524 1124 568 quo
1152 514 1354 568 recipiens
1377 514 1627 569 stipendium
1654 514 1818 557 fraudat

185 584 328 622 contra
365 581 559 622 iustitiam
595 593 644 623 ex
679 579 931 636 obligatione
954 582 1003 625 ad
1031 584 1157 625 instar
1181 588 1418 627 contractus
1442 584 1572 640 illum,
1610 587 1679 642 qui
1704 585 1818 628 dedit

187 649 509 706 eleemosynam.

313 721 406 764 143.
444 724 777 780 obligationis
800 726 864 769 ad
893 726 1241 781 applicandam
1266 727 1470 771 Missam
1494 729 1815 784 perpetuitas.

184 817 241 822 -
276 792 375 835 Puto
411 807 484 850 per
517 794 707 837 eamdem
733 794 782 837 ad
810 796 937 837 instar
960 800 1198 839 contractus
1220 796 1272 839 do
1298 801 1340 839 ut
1364 797 1489 840 facias
1513 800 1712 840 rationem
1738 797 1814 840 ful-

181 866 259 907 ciri
285 866 402 921 posse
426 868 675 922 aequitatem
702 879 792 907 ean.
818 868 926 908 829.
951 865 1065 909 Licet
1089 866 1180 909 sisne
1202 866 1325 924 eulpa
1351 867 1469 910 illius
1493 868 1565 925 qui
1597 881 1722 910 onere
1750 867 1814 910 ‘ce-

185 934 379 978 lebrandi
412 949 506 979 cum
545 936 607 979 vel
642 938 729 979 sine
763 936 1040 992 applicatione
1071 941 1177 993 (can.
1215 938 1313 990 8953
1347 938 1409 991 4⁰¹1*
1439 944 1649 994 yruvalm·
1681 951 1730 981 ex
1757 941 1816 981 iu-

183 1008 318 1049 stitiae
352 1005 603 1063 obligatione
637 1008 686 1050 ad
724 1009 851 1050 instar
884 1013 1121 1051 contractus
1169 1009 1368 1064 praedicti
1403 1008 1455 1052 ob
1498 1013 1716 1065 acceptum
1750 1012 1815 1052 sti·

186 1077 399 1132 pendium,
433 1077 667 1120 Missarmn
700 1078 988 1136 eleemosynae
1022 1079 1106 1121 iam
1136 1085 1373 1137 perceptae,
1400 1080 1656 1137 proindeque
1691 1082 1729 1123 in
1753 1093 1816 1123 su-

186 1148 416 1191 custodiam
455 1149 676 1192 translatae
712 1162 784 1205 per
832 1155 1070 1193 contractus
1104 1150 1385 1207 impletionem
1424 1149 1475 1193 ab
1523 1150 1650 1193 altera
1687 1155 1814 1207 parte,

182 1218 409 1275 perierim,
444 1219 646 1277 obliquiu)
666 1220 900 1277 applicandi
927 1220 991 1263 vel
1011 1221 1142 1264 solum
1164 1220 1402 1265 celebrandi
1429 1221 1536 1278 (can.
1562 1222 1647 1277 cit.)
1665 1222 1816 1265 exinde

185 1295 394 1334 contracta
430 1304 510 1334 now
546 1297 693 1336 cessat.

304 1361 401 1406 144.
438 1364 772 1419 obligationis
805 1367 971 1421 quoad
1018 1367 1196 1412 missas
1229 1368 1555 1423 applicandas
1578 1368 1814 1421 interpre-

183 1435 323 1479 tatio.
358 1458 413 1463 —
446 1432 546 1477 Cum
583 1448 631 1476 ex
667 1447 758 1478 can.
793 1435 876 1477 8⁶28
916 1451 936 1476 ((
971 1440 1027 1478 tot
1066 1435 1338 1492 applicandae
1384 1439 1464 1479 sint
1507 1435 1668 1488 Missae,
1715 1439 1813 1492 quot

184 1504 384 1560 stipendia
422 1509 589 1560 accepta
626 1507 776 1548 suerint
799 1521 837 1550 »,
874 1520 945 1561 pro
978 1507 1157 1563 quodam
1194 1519 1291 1550 casu
1325 1507 1586 1550 subnectitur
1628 1519 1721 1550 cum
1755 1519 1815 1549 se—

184 1574 406 1632 quentibus
454 1575 519 1619 hic
553 1590 644 1618 eun.
678 1578 786 1620 830.
821 1576 866 1620 Si
898 1577 991 1634 quis
1023 1577 1227 1634 pecuniae
1264 1591 1471 1620 suolmam
1520 1577 1719 1620 obtulerit
1761 1577 1811 1620 ad

186 1658 351 1689 manum
380 1646 443 1689 vel
469 1660 540 1702 per
564 1652 871 1701 testamentum,
894 1649 934 1704 a)
956 1662 1034 1705 pro
1074 1647 1301 1691 illisa-armo
1338 1648 1638 1706 applicatione,
1664 1647 1705 1704 b)
1730 1661 1810 1691 mm

184 1716 378 1760 indicans
428 1717 668 1761 earumdem
702 1733 935 1773 warnerum,
983 1732 1076 1762 nam
1118 1719 1225 1763 bunc
1273 1733 1491 1762 numerum
1530 1717 1812 1775 praescribere

187 1791 363 1844 pertinet
396 1789 445 1832 ad
483 1789 721 1833 offerentem
760 1789 822 1833 vel
858 1795 1109 1839 testatorem,
1144 1795 1240 1833 tunc
1274 1795 1553 1847 congruenter
1587 1792 1663 1833 iuri
1700 1801 1814 1845 prae-

183 1859 344 1903 cedenti
371 1862 408 1902 in
435 1866 554 1916 resp³.
579 1861 628 1903 ad
654 1860 778 1904 dubia
814 1862 837 1903 “2
873 1866 911 1904 et
946 1862 984 1914 5,
1017 1874 1064 1905 ac
1099 1875 1170 1917 per
1201 1866 1442 1919 sequentem
1479 1860 1706 1904 clausulam
1741 1860 1811 1903 de·
1878 1917 1880 1919 Ι
1935 1867 1943 1901 ι’

183 1930 352 1985 claram,
387 1944 585 1974 numerus
618 1931 685 1974 loe
717 1938 968 1990 supputetur
999 1933 1049 1977 ad
1085 1945 1271 1976 normam
1306 1946 1393 1976 can.
1430 1933 1654 1989 sequentis,
1687 1943 1810 1987 quem

181 2007 420 2059 supponunt
458 2002 581 2046 verba
617 2002 841 2046 secundum
877 2003 1178 2059 eleemosynam
1223 2003 1304 2046 loci
1336 2003 1378 2045 iu
1414 2017 1492 2060 quo
1525 2001 1689 2045 oblator
1735 2004 1809 2044 etsi

183 2078 353 2117 testator
386 2074 633 2117 morabatur
664 2073 883 2118 oblationis
905 2087 976 2117 seu
1001 2076 1174 2118 consecti
1201 2076 1433 2117 testamenti
1468 2078 1671 2129 tempore:
1700 2074 1812 2129 equi-

182 2145 276 2187 dem
311 2145 611 2189 rationabiliter
643 2145 898 2189 credendum
947 2151 1007 2188 est
1041 2144 1147 2188 velle
1190 2158 1233 2188 se
1282 2146 1531 2188 conformari
1585 2145 1809 2200 principio:

187 2233 209 2257 «
233 2216 346 2260 locus
382 2219 485 2273 regit
519 2221 655 2260 actum
681 2232 720 2260 »:
746 2216 832 2259 nisi
864 2215 992 2260 aliam
1017 2215 1151 2273 sitisse
1173 2216 1263 2259 eius
1288 2215 1559 2259 intentionem
1585 2228 1633 2258 ex
1668 2216 1809 2271 aequi-

183 2292 265 2330 tate
297 2288 551 2344 sequendam
587 2286 774 2344 leqiti'me
795 2287 975 2331 scilicet:
1000 2287 1050 2330 ad
1077 2300 1263 2330 normam
1287 2299 1499 2330 sacrarum
1527 2285 1664 2342 legum
1685 2299 1808 2343 prae-

183 2359 292 2412 sumi
324 2358 484 2413 debeat,
533 2362 630 2416 quia
663 2357 765 2402 haec
801 2361 1079 2414 praesumptio
1128 2360 1228 2401 iuris
1261 2362 1401 2414 utpote
1439 2369 1545 2414 quae
1583 2373 1605 2397 «
1638 2356 1690 2400 ab
1723 2359 1807 2413 ipsa

183 2429 273 2486 lege
305 2432 537 2473 statuitur»
586 2429 694 2486 (can.
735 2429 860 2483 1825,
889 2429 917 2487 ἓ
952 2429 993 2486 1)
1027 2434 1067 2472 et
1099 2428 1280 2485 speciali,
1315 2429 1432 2472 alteri
1483 2440 1652 2471 normae
1685 2441 1809 2484 gene-

182 2500 255 2544 rali
291 2501 524 2558 derogaret,
560 2503 672 2545 iuxta
708 2514 792 2557 reg.
828 2502 929 2544 iuris
953 2502 990 2542 in
1017 2499 1060 2542 6⁰
1087 2498 1273 2542 XXXllll
1303 2515 1321 2540 ((
1346 2497 1497 2543 Generi
1534 2512 1605 2554 per
1627 2501 1807 2555 speciem

181 2572 407 2629 derogatur
429 2590 470 2616 >›.

301 2690 380 2726 145.
411 2693 522 2727 Taxa
542 2694 762 2736 synodalis
780 2693 847 2727 vel
869 2695 1137 2732 dioecesana,
1166 2691 1278 2737 quoad
1306 2682 1585 2730 missas'attinet‚
1603 2693 1671 2724 est:
1692 2702 1707 2721 «
1722 2688 1808 2724 elee—

175 2761 329 2797 mosyna
358 2761 417 2796 pro
443 2750 568 2786 Missae
594 2751 763 2786 sacrificio
789 2751 1021 2787 determinata
1040 2750 1076 2784 in
1103 2750 1251 2795 singulis
1270 2749 1485 2785 dioecesibus
1503 2749 1555 2784 rel
1573 2748 1617 2783 ab
1644 2747 1809 2793 Episcopo

182 2808 217 2843 in
245 2808 386 2855 Synodo
412 2814 473 2845 aut
498 2814 594 2845 extra
620 2808 812 2857 Synodum,
833 2810 886 2845 vel
911 2820 932 2845 a
950 2809 1203 2844 consuetudine
1223 2825 1255 2842 υ.
1278 2808 1324 2843 Ex
1344 2819 1456 2854 praec.
1487 2807 1560 2843 iure
1590 2806 1693 2842 huius
1710 2810 1809 2841 taxae

178 2868 375 2904 moderatio
401 2873 451 2904 est
480 2879 585 2914 penes
610 2868 819 2914 Episcopum
846 2868 941 2904 iuxta
967 2866 1046 2903 Dec.
1071 2866 1190 2902 Conci.
1211 2866 1316 2902 Tridi.
1335 2869 1435 2911 (sess,
1465 2865 1571 2909 XXll)
1604 2878 1618 2897 «
1638 2864 1680 2900 de
1696 2864 1811 2900 obser-
