1971 3261
100 136 193 172 Can.
223 135 420 171 1133-1134
626 136 710 169 Trr.
745 135 827 168 VII.
857 155 869 160 -
897 135 952 169 De
979 135 1236 168 Matr-imonio
1655 133 1723 167 695

103 260 328 299 noscuntur
359 268 407 298 ex
442 266 532 298 can.
568 254 694 300 1133,
732 256 999 310 praecipuum
1038 267 1087 296 cx
1134 252 1213 295 illis
1259 255 1428 308 exponit
1471 265 1560 295 can.
1598 252 1725 303 1134,

103 331 143 369 et
176 340 257 384 quo
290 325 457 368 diverso
483 324 603 367 modo
626 327 676 366 sil
702 324 936 380 ponendum
964 323 1206 380 praescribit
1239 336 1329 366 can.
1360 323 1483 375 1135,
1505 327 1727 380 sequentes

107 410 204 440 vero
235 408 326 440 can.
361 395 486 447 1136,
525 394 634 437 11:37
669 394 1045 438 convalidationem
1091 395 1360 437 moderantur
1400 393 1629 437 secundum
1664 393 1726 435 di-

105 480 265 511 versam
292 466 563 509 invaliditatis
585 467 803 521 originem,
828 465 1003 508 scilicet:
1040 470 1207 522 propter
1229 465 1434 508 delectum
1462 467 1499 506 in
1524 477 1726 507 consensu

100 543 171 582 aut
204 540 241 581 in
276 538 405 580 forma
439 536 740 580 celebrationis.

222 608 317 652 547.
354 610 548 666 Duplex
592 611 877 665 requisitum
918 610 1168 654 cuiusdam
1212 609 1640 654 convalidationis.
1674 630 1725 636 —

104 681 179 724 Pro
203 680 366 723 diversa
405 682 654 722 matrimonii
682 679 865 722 nullitate
899 679 1046 735 triplex
1072 679 1194 721 datur
1221 678 1397 734 simplex
1432 677 1726 730 convalidatio,

103 765 278 808 nempe:
316 753 565 794 matrimonii
602 753 703 793 irriti
738 750 789 793 ol)
824 749 1165 806 impedimentum
1200 749 1412 800 dirimens,
1451 748 1512 791 vel
1546 747 1599 791 ob
1630 760 1726 790 con-

101 835 248 865 sensus
283 824 441 870 vitium,
479 821 541 865 vel
577 821 628 865 ob
663 822 868 865 defectum
913 823 1082 864 formae.
1131 819 1185 863 De
1220 822 1350 876 prima
1394 818 1727 863 convalidatione

102 895 245 936 statuit
277 907 368 935 ean.
405 893 529 936 1133.
563 892 591 949 ξ
628 893 661 934 1.
696 891 760 934 Ad
793 890 1145 935 comatidaiulum
1180 893 1289 933 iuxta
1326 892 1634 946 inscriptionem
1669 902 1729 932 ar-

104 964 217 1008 ticuli
252 963 567 1006 matrimonium
601 963 736 1020 quoad
775 965 856 1005 vim
902 962 1105 1006 elliriendi
1150 961 1368 1018 coniugale
1410 960 1638 1012 vinculum,
1671 959 1729 1001 ir-

103 1036 233 1078 ritum
281 1034 328 1078 ob
375 1033 715 1091 impedimentum
764 1033 985 1086 dirimens,
1018 1036 1055 1075 in
1096 1046 1359 1090 quacumque
1409 1036 1524 1088 parte
1567 1030 1644 1073 hoc
1687 1044 1730 1073 se

105 1106 266 1157 habeat,
300 1105 537 1163 requiritur
559 1105 598 1160 a)
620 1110 665 1147 ut
688 1109 817 1147 cesset
854 1118 890 1147 ν.
923 1118 984 1160 gr.
1021 1104 1362 1159 impedimentum
1400 1089 1635 1158 raptus'vel
1666 1100 1728 1143 di·

104 1181 324 1235 spensetur
369 1190 404 1220 v.
439 1189 501 1232 gr.
534 1177 906 1232 consanguinitatis
948 1173 1290 1232 impedimentiun
1335 1174 1581 1229 praelatum,
1616 1171 1657 1228 b)
1692 1177 1731 1214 et

104 1261 349 1291 eonsensum
379 1252 562 1300 renovet,
599 1251 737 1302 utpote
772 1248 885 1302 prius
927 1245 1085 1297 datum,
1118 1244 1284 1297 saltem,
1316 1258 1364 1287 eo
1397 1244 1506 1301 quod
1540 1244 1730 1293 sufficiat,

100 1331 205 1376 pars
247 1317 444 1361 alterutra
482 1317 544 1360 vel
588 1321 776 1373 utraque,
812 1321 855 1359 ut
899 1320 1008 1373 patet
1052 1329 1102 1359 ex
1145 1321 1254 1359 can.³
1288 1314 1400 1357 1135
1442 1314 1528 1372 ἐξ·
1562 1314 1585 1356 2
1620 1318 1659 1356 et
1693 1314 1732 1367 3,

105 1387 395 1447 impedimenti
441 1388 609 1431 conscia
656 1390 854 1443 temporis
902 1386 1250 1431 convalidationis
1298 1385 1589 1442 perliciendae.
1646 1384 1732 1427 Hoc

107 1463 233 1517 igitur
266 1465 465 1503 renovato
515 1464 604 1516 post
651 1459 1000 1515 dispensationem
1039 1458 1101 1501 vel
1137 1459 1408 1501 cessationem
1461 1456 1730 1513 praedictam,

108 1530 426 1575 matrimonialis
454 1532 691 1574 coniunctio
725 1533 924 1575 exoritur.
945 1529 1051 1573 Hinc
1078 1530 1267 1585 sequitur
1284 1528 1534 1586 quandoque
1557 1527 1607 1570 ad
1629 1526 1733 1570 lianc

105 1603 483 1647 convalidationem
538 1615 641 1658 opus
687 1615 777 1645 esse
825 1603 1063 1644 interventu
1118 1601 1376 1643 auctoritatis
1413 1598 1732 1650 ecclesiasticae,

104 1674 356 1732 quandoque
379 1678 516 1716 autem
543 1674 732 1726 minime3
766 1677 829 1716 ast
849 1685 1016 1728 semper
1038 1684 1264 1715 consensus
1298 1672 1610 1713 renovationem
1644 1681 1734 1712 esse

104 1747 395 1790 necessariam.

222 1815 427 1870 Quamvis
460 1815 612 1860 ablatio
647 1815 933 1872 impedimenti
969 1815 1207 1871 requiratur
1239 1817 1352 1856 certo
1375 1812 1425 1855 ad
1464 1811 1734 1863 validitatem,

105 1892 171 1933 cui
204 1889 339 1933 obstat
369 1890 551 1931 existens
585 1887 701 1939 illud,
735 1900 756 1930 e
790 1887 998 1930 contrario
1031 1897 1257 1928 consensus
1291 1883 1606 1927 matrimonialis
1643 1896 1733 1940 per-

105 1972 305 2005 severans
338 1961 377 2002 in
413 1963 589 2015 utroquo
623 1960 801 2013 coniuge
837 1959 918 1999 vim
964 1955 1136 2000 haberet
1173 1954 1378 1998 efficiendi
1424 1956 1732 1997 matrimonium

105 2031 406 2088 impedimento
439 2034 624 2073 remoto:
662 2033 878 2085 propterea
913 2031 1051 2070 monet
1083 2028 1108 2080 ἓ
1141 2026 1180 2069 ⁶2.
1211 2024 1324 2068 Haec
1355 2025 1587 2076 renovatio,
1610 2037 1732 2082 quam

107 2103 404 2147 determinavit
434 2103 494 2156 ξω
528 2101 564 2151 1,
601 2114 679 2144 non
713 2113 762 2143 ex
799 2104 944 2142 natura
980 2100 1202 2141 intrinseca
1236 2097 1440 2140 elliciendi
1469 2098 1735 2150 matrimonii,

106 2174 178 2218 sed
207 2174 307 2227 iure
328 2172 611 2216 eeclesiastico
643 2170 882 2229 requiritur
914 2168 970 2212 ad
1001 2168 1267 2212 validitatem
1299 2170 1549 2211 matrimonii
1583 2180 1733 2225 sequu-

108 2248 189 2290 turi
222 2259 273 2289 ex
307 2244 658 2296 convalidatione,
689 2242 857 2285 etiamsi
889 2240 1014 2284 initio
1047 2242 1286 2297 apparentis
1318 2241 1622 2283 coniunctionis
1656 2251 1737 2282 ma-

110 2316 369 2363 trimonialis,
405 2320 585 2372 utraque
622 2327 727 2371 pars
769 2326 1014 2356 consensum
1059 2315 1097 2354 in
1131 2324 1221 2355 can.
1258 2311 1363 2354 1081
1403 2312 1428 2365 ἓ
1461 2310 1484 2354 :2
1518 2311 1735 2354 delinitum

108 2387 376 2446 praestiterit
408 2400 482 2428 uec
510 2390 659 2444 postea
690 2384 963 2436 revocaverit,
996 2383 1168 2440 proinde
1199 2382 1473 2425 sufficientem
1508 2381 1557 2424 ad
1592 2382 1739 2425 sacien-

113 2459 211 2502 dum
249 2459 557 2501 matrimonium
592 2456 822 2499 secundum
858 2454 942 2499 cit.i
974 2454 1095 2497 can.¹·
1124 2453 1152 2512 ξ
1185 2454 1220 2496 l.

228 2529 324 2585 548.
360 2530 532 2581 Qualis
575 2529 854 2584 requiratur
898 2527 1157 2572 renovatio
1201 2536 1485 2571 consensus.
1530 2549 1580 2554 -—
1625 2522 1741 2566 Hanc

111 2601 423 2643 renovationem
458 2598 562 2642 adeo
586 2599 863 2641 necessariam
899 2596 1079 2653 explicat
1112 2596 1354 2638 eav.1134.
1391 2593 1620 2637 Renovatio
1653 2607 1743 2636 eon·

109 2683 257 2713 seusus
291 2671 489 2727 requisita
512 2669 562 2713 ad
591 2668 845 2711 validitatem
873 2670 909 2710 in
934 2666 1269 2711 convalidatione
1291 2664 1408 2708 debet
1430 2679 1519 2707 esse
1550 2663 1590 2721 a)
1614 2678 1743 2708 novus

115 2740 344 2785 voluntatis
377 2745 496 2782 actus
540 2738 696 2783 hahens
728 2751 807 2796 qua
852 2737 944 2791 hoc,
986 2737 1029 2780 iii
1073 2736 1390 2780 matrimonium
1423 2735 1630 2779 obiectum
1665 2748 1739 2778 ceu

113 2810 367 2868 singularem
397 2812 747 2864 coniunctionem,
782 2808 825 2865 b)
849 2807 958 2866 quod
981 2810 1196 2851 renovanti
1231 2820 1476 2851 consensum
1512 2810 1670 2848 constet
1692 2804 1741 2848 ab

114 2882 237 2926 initio
271 2894 320 2925 ex
355 2883 471 2924 irrito
493 2885 709 2924 contractu
742 2879 907 2923 nullum
939 2878 1074 2937 fuisse
1105 2891 1186 2936 qua
1223 2878 1448 2922 vinculum.
