1971 3261
188 141 258 174 494
586 141 673 174 Llss.
701 140 772 174 III.
801 160 815 166 ·
842 140 953 174 PARS
980 140 1010 173 I.
1040 160 1053 165 —
1078 140 1136 175 De
1160 140 1428 176 Sacramentz’s
1494 141 1588 177 Can.
1616 132 1822 176 1015-1016

306 261 406 302 (lum
444 261 754 302 matrimonium
791 261 828 302 in
865 260 952 302 fieri
992 262 1088 303 «sit
1120 260 1297 303 duarum
1343 260 1586 304 idonearum
1629 273 1821 317 persona-

190 345 279 373 rum
318 330 526 386 legitimus
559 329 610 372 de
643 331 935 373 coniunctione
969 343 1196 373 consensus
1217 345 1258 384 )),
1291 343 1339 373 ao
1372 331 1523 374 divisio
1571 333 1737 388 propria
1769 345 1818 375 ex

189 401 250 444 liis
283 413 390 457 quae
413 404 507 443 sunt
531 399 763 443 essentialia
797 402 1041 456 accipiatur,
1060 401 1478 457 contradistinguitur
1511 404 1821 445 matrimonium

186 471 295 528 quod
331 475 391 513 est
424 475 749 524 sacramentum,
783 470 965 528 indeque
1009 470 1303 514 celebrandam
1352 471 1488 514 valide
1533 474 1644 515 iuxta
1678 485 1729 515 ss.
1754 484 1825 515 ca·-

187 554 328 594 nones,
363 539 514 597 quibus
561 539 840 583 subiiciuntur
885 540 1075 597 baptizati
1113 543 1151 583 vi
1187 553 1277 584 can.
1313 541 1382 595 87,
1430 540 1482 584 ab
1529 541 1658 592 altero
1705 542 1814 599 quod

185 614 243 654 sic
267 611 507 666 denominat
539 610 579 668 ἓ-
600 611 637 652 3.
671 609 997 654 Matrimonium
1030 610 1143 653 inter
1175 625 1255 654 mm
1290 611 1524 668 baptizatos
1561 616 1646 655 tum
1685 615 1818 655 virum

186 673 270 724 tum
307 681 523 724 mulierem
562 680 699 724 valide
731 680 984 724 celebratam
1017 683 1132 725 iuxta
1176 681 1331 738 legales
1376 695 1556 736 normas,
1589 695 1694 740 quae
1733 683 1819 726 ido·

186 755 378 795 neitatem
416 765 686 805 personarum
720 757 1043 809 contractusque
1078 753 1397 795 matrimonialis
1429 758 1566 796 actum
1603 753 1820 797 moderan-

185 827 263 876 tur,
287 822 446 865 dieitur
479 822 714 880 leyitimam
741 838 764 864 ((
785 823 1015 866 secundum
1043 825 1251 878 propriam
1282 823 1395 866 verbi
1421 824 1768 879 significationem
1794 840 1815 866 ))

185 892 403 951 (can.18),
440 894 548 937 unde
581 893 659 937 hoc
693 893 893 937 definitur
927 898 1060 937 recte:
1101 893 1255 950 «quod
1292 893 1414 950 legali
1450 896 1719 948 institutione,
1755 894 1818 938 vel

186 966 426 1020 provinciae
461 963 658 1019 moribus,
695 977 772 1007 non
809 968 950 1007 contra
985 966 1207 1007 iussionem
1247 963 1407 1007 Domini
1437 964 1759 1008 contrahitur».

302 1038 326 1088 ξ
360 1036 397 1077 4.
433 1034 775 1088 Matrimonium,
807 1048 878 1078 seu
916 1037 991 1077 viri
1039 1034 1308 1092 mulierisque
1343 1034 1542 1078 maritalis
1569 1037 1820 1091 coniunctio,

185 1105 418 1148 invalidam
453 1110 620 1162 propter
652 1105 924 1149 substantiale
956 1110 1195 1149 contractus
1229 1106 1546 1149 matrimonialis
1582 1108 1726 1149 vitium
1761 1106 1821 1149 di·

184 1176 295 1220 citur
331 1179 496 1233 proprie
527 1177 996 1234 putativam,tanquam
1031 1189 1110 1219 non
1148 1189 1293 1219 verum
1318 1177 1388 1220 sed
1414 1178 1694 1220 existimatum
1729 1190 1819 1220 esse

184 1253 305 1304 prout
338 1254 523 1304 apparet,
543 1247 580 1290 si
613 1248 650 1302 a)
675 1247 718 1290 tn
751 1247 857 1290 hona
889 1247 981 1304 fide,
1002 1252 1166 1304 sumpta
1193 1261 1265 1304 pro
1290 1250 1543 1300 conscientia
1577 1261 1656 1291 non
1692 1247 1818 1291 dubia

184 1318 414 1361 nullitatein
451 1318 713 1372 excludente,
749 1318 786 1374 b)
821 1317 870 1361 ab
904 1332 988 1360 aaa
1021 1318 1171 1361 saltem
1202 1324 1343 1376 parte,
1381 1318 1504 1376 idque
1536 1318 1700 1373 sufficit,
1719 1331 1817 1374 erga

182 1402 305 1446 quam
342 1392 419 1432 erit
454 1392 618 1445 proprie
653 1392 901 1445 putativum,
937 1392 1010 1432 etsi
1046 1402 1125 1432 non
1160 1389 1278 1432 alteri
1313 1402 1390 1432 nec
1426 1388 1531 1444 aliis,
1566 1390 1604 1445 c>
1637 1388 1817 1432 celebra-

184 1465 269 1502 tam
301 1459 450 1518 faerit,
485 1465 610 1517 atque
634 1473 681 1503 ex
709 1465 806 1503 tunc
840 1460 993 1503 dicitur
1027 1459 1107 1503 tale
1140 1459 1269 1503 donec
1302 1466 1482 1517 atraque
1509 1473 1615 1517 pars
1649 1461 1817 1504 forsitan

184 1533 296 1587 prius
330 1533 473 1587 ignara
507 1530 558 1574 de
591 1530 773 1573 eiusdem
808 1530 1024 1584 nullitate,
1046 1543 1152 1588 quae
1180 1544 1275 1574 vera
1305 1536 1378 1585 est,
1404 1536 1517 1573 certa
1542 1531 1637 1588 (nec
1667 1531 1818 1575 sufficit

181 1604 481 1658 superveniens
514 1601 707 1659 dubium)
733 1601 885 1645 evadat
919 1601 971 1645 ol)
1005 1604 1185 1645 rationes
1219 1604 1431 1658 positivas‚
1455 1614 1562 1659 quae
1594 1604 1656 1645 sui
1690 1604 1818 1658 ipsius

182 1674 478 1715 conscientiam
515 1675 727 1728 corrigant
760 1673 811 1715 de
845 1686 986 1716 errore
1019 1678 1089 1716 aut
1123 1675 1368 1729 ignorantia.

303 1743 398 1786 404.
436 1744 543 1795 Quo
579 1745 684 1789 iure
717 1745 907 1800 regitur
940 1745 1318 1789 matrimonium.
1349 1768 1407 1773 —
1443 1741 1544 1787 Caii.
1579 1745 1704 1785 1016.
1738 1742 1818 1785 Ba-

180 1814 454 1871 ptizatorimz,
487 1817 577 1857 sive
622 1816 730 1857 inter
762 1828 805 1857 se
838 1817 928 1857 sive
961 1827 1054 1858 cum
1101 1827 1180 1857 non
1226 1813 1428 1870 baptizato
1472 1813 1529 1856 illi
1572 1813 1817 1857 contrahant

182 1884 515 1938 neatrimom'am,
541 1886 610 1942 qui
636 1889 888 1939 contractus,
914 1885 981 1927 ille
1005 1889 1146 1940 utpote
1169 1889 1491 1928 sacramentum.
1513 1886 1587 1927 iste
1619 1889 1814 1942 tauquam

181 1958 334 2012 proprii
384 1955 539 1999 subditi
576 1955 784 2011 baptizati,
818 1961 857 1998 et
891 1955 986 1998 inde
1028 1968 1288 2013 consequeus
1335 1955 1562 2009 vinculum,
1605 1953 1816 1998 Ecclesiae

181 2028 365 2078 interest,
386 2025 550 2082 reflam-
583 2026 677 2068 iare
709 2027 748 2082 a)
782 2039 862 2069 non
897 2025 1031 2069 solam
1065 2025 1222 2077 (livino,
1245 2028 1335 2069 sive
1369 2027 1546 2082 positivo
1579 2027 1669 2068 sive
1702 2030 1815 2068 natu-

181 2096 269 2148 rali,
296 2101 335 2139 ut
372 2098 411 2139 in
445 2109 535 2140 can.
573 2098 611 2150 6,
647 2096 690 2139 6⁰
723 2097 1008 2153 distinguitur,
1032 2095 1104 2139 sed
1137 2096 1265 2139 etiam
1299 2095 1514 2151 canonico,
1548 2109 1619 2139 seu
1654 2094 1705 2138 alJ
1736 2094 1812 2139 Ec-

179 2166 328 2210 clesiae
379 2166 686 2210 universalibus
735 2167 909 2223 legibus,
944 2169 996 2210 ita
1041 2172 1084 2209 ut
1117 2166 1308 2223 Episcopi
1361 2178 1490 2222 pauca
1540 2165 1683 2209 iubere
1722 2179 1811 2222 pos-

179 2239 273 2290 sint,
298 2239 372 2279 nisi
398 2238 765 2280 determinationes
787 2239 867 2280 sint
890 2237 1025 2295 quoad
1054 2239 1213 2293 praxim
1251 2237 1557 2293 praedictorum
1592 2248 1812 2288 canonum,

179 2321 459 2364 expressaque
494 2308 657 2351 illorum
693 2310 976 2363 concessione7
1008 2321 1083 2351 nec
1117 2307 1228 2364 leges
1260 2307 1408 2351 civiles
1442 2309 1575 2363 ipsum
1610 2309 1811 2362 attingant

179 2380 252 2421 etsi
287 2378 421 2434 quoad
450 2378 686 2432 liceitatem,
713 2383 852 2434 utpote
875 2383 1197 2432 sacramentum,
1223 2391 1315 2421 nam
1341 2378 1392 2421 de
1419 2377 1629 2420 validitate
1653 2380 1812 2420 constat

179 2448 341 2491 illarum
393 2448 577 2492 exclusio
621 2463 668 2492 ex
715 2455 819 2506 seq.s
852 2449 1058 2492 damnatis
1101 2451 1138 2491 in
1184 2447 1352 2505 Syllaho
1388 2448 1442 2490 Pii
1479 2447 1533 2490 lX
1567 2448 1809 2504 propositio-

179 2519 320 2563 nibus:
363 2535 381 2560 «
407 2518 580 2562 LXVlll.
617 2519 802 2563 Ecclesia
837 2533 915 2563 non
951 2519 1074 2563 habet
1110 2524 1352 2575 potestatem
1395 2519 1689 2575 impedimenta
1723 2529 1808 2560 ma-

178 2592 417 2633 trimonium
467 2591 703 2633 dirimentia
755 2591 994 2643 inducendi,
1027 2590 1098 2633 sed
1134 2602 1181 2633 ea
1217 2594 1395 2646 potestas
1428 2589 1540 2633 civili
1575 2589 1808 2632 auctoritati

177 2663 433 2716 competit,...
459 2677 478 2700 »
517 2666 556 2703 et
595 2676 614 2701 ((
638 2660 778 2703 Lxxt.
819 2660 1048 2704 Tridentini
1099 2662 1228 2703 l'orma
1266 2660 1342 2703 sub
1382 2660 1631 2702 infirmitatis
1680 2670 1807 2713 poena

178 2744 255 2773 non
291 2730 459 2787 obligat,
496 2730 563 2774 ubi
599 2730 662 2773 lex
697 2731 833 2774 civilis
865 2730 987 2774 aliam
1024 2732 1196 2774 formam
1239 2732 1494 2786 praestituat,
1528 2734 1568 2772 et
1602 2729 1699 2772 velit
1732 2727 1808 2771 hac

177 2813 283 2843 nova
332 2801 461 2843 torma
513 2802 816 2843 interveniente
856 2802 1166 2843 matrimonium
1218 2799 1420 2843 valere».
1456 2823 1509 2828 —
1543 2797 1655 2841 Haec
1698 2797 1807 2840 dicta

177 2871 477 2913 confirmantur
510 2883 558 2913 ex
595 2883 753 2913 canone
786 2873 845 2914 sic
879 2874 1177 2927 prosequente:
1207 2869 1326 2912 salva
1360 2868 1635 2926 competentia
1670 2866 1806 2910 civilis
