1971 3261
118 131 213 166 Gan.
239 129 398 166 S?9·880
646 131 730 166 ΤιΤ.
764 133 826 166 IV.
855 154 867 158 -
898 134 954 167 De
985 136 1227 170 l’oenz'lenticc
1680 142 1748 176 227

117 249 214 292 dum
252 250 461 305 propriam
496 251 790 292 conscientiam
831 254 1109 297 consessiones
1153 255 1306 300 audiat.
1344 256 1372 298 E
1406 264 1544 301 contra
1589 262 1619 300 si
1656 259 1749 315 Epi-

115 331 265 375 scopus
315 320 594 374 interrogatus
640 332 690 362 an
728 320 1055 365 iurisdictionem
1092 326 1360 381 interroganti
1411 329 1614 371 sacerdoti
1654 330 1746 372 velit

114 389 360 444 concedere,
393 389 979 434 affirmativam·voluntatem
1016 394 1097 436 sola
1138 397 1285 450 capitis
1335 397 1598 440 inclinatione
1643 405 1749 455 pate—

115 460 280 507 faceret.
316 472 395 503 non
431 464 538 502 esset
572 460 783 503 sufficiens
815 466 1042 517 concessio,
1076 467 1170 521 qnia
1206 468 1279 509 etsi
1319 482 1337 506 «
1373 481 1565 523 expressa
1595 486 1631 520 >›,
1671 483 1746 513 non

115 532 189 574 tuit
227 545 247 571 c(
271 532 426 587 scripto
463 529 525 572 vel
565 529 748 574 verbis»
787 544 997 576 concessa.

232 601 419 644 Alterum
445 612 615 644 servare
641 606 815 657 oportet:
843 607 885 645 ut
909 603 1010 647 liaeo
1046 606 1342 650 iurisdictionis
1375 608 1587 665 delegatio
1620 614 1750 665 gratis

113 672 249 726 detur,
281 671 390 728 quod
426 673 485 715 sic
510 673 698 715 enuntiat
730 672 759 730 ἓ
790 673 830 716 ⁶2.
862 672 940 716 Pro
969 676 1231 718 concessione
1252 677 1574 731 iza-istlieoonis,
1612 687 1748 737 utpote

120 758 142 783 «
166 744 222 786 rei
249 743 471 786 intrinsece
489 741 716 798 spiritualis
741 757 780 797 n,
805 743 916 786 m'lzz’l
945 760 963 783 «
990 748 1108 801 pretii
1136 748 1374 803 temporalis
1399 765 1417 789 ›)
1456 750 1569 805 arrisi
1598 757 1747 807 polest,

113 815 210 871 quia
243 817 350 857 esset
388 815 608 857 «simonia
635 815 736 856 iuris
759 813 891 856 divini
917 830 938 854 n
966 816 1015 858 ad
1042 830 1227 859 normam
1258 830 1348 861 can.
1374 820 1472 873 727,
1495 822 1522 878 ξ
1549 821 1583 863 1.

234 884 332 927 203·
369 886 638 932 Revocatio
673 888 723 931 et
755 888 1016 942 suspensio
1055 889 1404 936 iurisdictionis
1427 905 1485 936 ac
1524 894 1748 939 licentiae

113 969 203 1012 pro
226 957 576 1002 sacramentali
600 956 727 1001 foro.
749 981 801 986 —
825 954 927 998 Can.
947 960 1053 999 880.
1075 958 1104 1015 Β
1136 958 1168 1002 1.
1188 957 1287 1001 Lori
1313 960 1585 1016 (ti-(linarias,
1609 965 1676 1019 qni
1697 964 1745 1006 ad

116 1038 306 1070 normam
331 1038 424 1070 can.
449 1026 545 1079 874,
565 1026 593 1084 ξ
618 1026 656 1081 1,
681 1026 780 1080 875,
803 1026 831 1084 ξ
855 1027 893 1080 2,
928 1032 965 1070 et
992 1029 1136 1086 87ti,§
1160 1029 1197 1076 2,
1225 1029 1285 1072 rel
1304 1031 1506 1087 Superior
1524 1032 1747 1089 warmasia<

115 1096 328 1153 religionis
366 1096 572 1141 clericalis
595 1102 829 1154 exemptae,
854 1100 923 1155 qui
963 1101 1085 1141 etiam
1121 1100 1170 1142 ad
1206 1113 1392 1143 normam
1428 1115 1517 1144 can.
1544 1104 1685 1156 8753*
1714 1105 1747 1159 l,

114 1168 350 1211 concedunt
398 1167 734 1211 iurisdictionem
774 1168 837 1211 vel
869 1169 1066 1225 Superior
1100 1170 1316 1226 religiosus
1351 1171 1562 1228 religionis
1610 1177 1744 1217 cuius-

113 1251 294 1296 cumque
329 1241 367 1282 in
402 1252 482 1297 qua
516 1241 597 1282 sint
629 1239 880 1294 sacerdotes,
916 1242 985 1297 qui
1021 1240 1090 1283 dat
1123 1243 1181 1284 eis
1214 1241 1426 1284 licentiam
1471 1244 1519 1285 ad
1556 1257 1742 1288 normam

113 1321 203 1352 can.
239 1309 336 1363 874,
361 1312 386 1364 g
411 1309 448 1362 1,
482 1308 593 1353 illam
629 1314 670 1354 et
693 1312 812 1353 istam
837 1309 893 1353 ad
916 1311 1152 1354 cmcliemlas
1186 1312 1482 1370 consessione&
1505 1314 1742 1358 alterutrant

115 1382 348 1436 respective
382 1394 434 1423 ne
464 1386 656 1424 revocent
690 1381 728 1424 id
764 1386 847 1424 est:
883 1384 1049 1438 proprie
1085 1382 1303 1439 loquendo,
1340 1396 1388 1426 ne
1422 1388 1607 1427 :interant
1631 1399 1739 1429 rom-

114 1450 237 1507 plete‚
263 1453 315 1494 ita
341 1456 384 1495 ut
407 1454 740 1508 circumscriptio
759 1452 974 1509 amplioris
999 1456 1194 1509 praeviae
1227 1457 1506 1497 concessionis
1541 1458 1738 1498 minorem

113 1521 166 1565 ob
198 1534 366 1566 causam
402 1524 490 1566 lieri
527 1527 677 1579 posset,
711 1528 785 1566 aut
818 1523 1076 1581 suspendant
1109 1537 1285 1581 nempe:
1321 1525 1371 1568 ad
1398 1530 1559 1582 tempus
1592 1527 1741 1570 alteru-

112 1597 235 1647 tram,
272 1593 336 1636 vel
361 1606 412 1637 ne
445 1593 743 1638 iurisdictionis
768 1608 865 1638 usus
888 1593 1025 1638 licitus
1047 1597 1110 1649 sit,
1136 1597 1294 1638 etiamsi
1321 1601 1488 1652 propter
1511 1597 1737 1653 simplicem

114 1663 449 1720 prohibitionem,
475 1664 632 1722 absque
655 1678 787 1722 poena
814 1665 877 1709 vel
903 1678 1078 1709 censura
1103 1665 1369 1723 homonyma,
1397 1667 1479 1710 nisi
1506 1682 1673 1725 ysne-em
1699 1668 1744 1711 ob

112 1747 297 1790 eausam,
321 1737 440 1779 cuius
463 1737 649 1792 gravitas
684 1736 876 1792 prudenti
910 1749 1052 1780 eorum
1090 1737 1242 1780 iudicio
1278 1737 1538 1794 relinquitur,
1557 1739 1626 1781 sed
1663 1752 1740 1782 non

112 1806 322 1862 existeret,
345 1807 377 1849 si
417 1819 512 1849 cum
552 1806 623 1849 tali
657 1807 965 1851 confessionum
1003 1809 1229 1850 ministerio
1264 1808 1418 1851 nullam
1452 1808 1623 1852 haberet
1657 1823 1750 1853 con-

111 1877 345 1920 nexionem.
369 1876 544 1920 Notetur
569 1890 668 1921 vero
692 1890 893 1921 canonem
919 1880 1131 1921 continere
1157 1877 1494 1934 prohibitionem,
1518 1884 1642 1937 atque
1668 1893 1745 1922 non

110 1945 250 1990 addita
275 1949 463 1991 irritante
487 1947 686 2003 clausula,
710 1951 958 2005 supponitur
983 1948 1165 2004 legitima
1191 1948 1358 2004 regulae
1392 1949 1402 1991 l
1446 1951 1544 1992 iuris
1568 1949 1745 2006 applica-

111 2019 188 2062 tio:
227 2033 249 2058 «
271 2015 420 2062 Omnis
455 2032 519 2062 res
554 2032 626 2075 per
659 2032 946 2077 quascumque
969 2032 1115 2062 causas
1139 2022 1334 2074 nascitur,
1372 2033 1442 2076 per
1475 2020 1640 2063 easdem
1666 2021 1746 2064 dis-

109 2087 347 2144 solvitur»,
372 2103 445 2133 seu
471 2103 589 2146 posse
614 2091 840 2147 praelatam
882 2092 1191 2133 revocationem
1225 2103 1273 2133 ac
1305 2093 1619 2146 suspensionem
1658 2093 1743 2135 lieri

108 2172 273 2216 semper
309 2160 457 2220 valide,
505 2174 554 2205 ac
586 2162 837 2205 servandam
873 2175 975 2217 esse,
1010 2164 1203 2218 quamvis
1251 2161 1303 2205 ob
1336 2175 1485 2206 causae
1537 2162 1740 2206 defectum

109 2229 307 2275 alterutra
342 2233 491 2275 iniusta
525 2232 661 2277 fuerit.

202 2346 294 2392 Quia
319 2349 514 2385 iurisdictio
539 2350 697 2395 delegata
722 2351 765 2386 ad
793 2351 1012 2397 recipiendas
1029 2350 1266 2385 confessiones
1285 2351 1461 2386 confertur
1479 2352 1523 2385 ab
1544 2349 1743 2387 Ordinariis

109 2406 262 2443 locorum
304 2419 366 2454 pro
406 2409 666 2455 poenitentibus
706 2410 921 2456 quibuslibet
959 2410 1064 2445 etiam
1104 2409 1275 2455 religiosis
1313 2421 1351 2444 ac
1397 2410 1609 2445 monialibus
1653 2410 1745 2445 iuxta

108 2476 188 2502 can.
218 2464 301 2509 874,
323 2471 342 2510 ἓ
371 2467 403 2512 1,
424 2472 457 2503 et
484 2466 566 2513 876,
596 2471 611 2512 Ξ
631 2468 665 2510 2,
688 2469 855 2514 illamque
882 2481 901 2502 «ι
920 2468 1195 2504 iurisdictionem
1215 2468 1409 2513 delegatam
1439 2469 1473 2503 in
1494 2469 1660 2514 religione
1679 2469 1744 2504 cle-

108 2524 206 2561 ricali
233 2530 394 2572 exempta
431 2526 475 2562 ad
514 2527 735 2574 recipiendas
774 2527 1006 2573 quorumdam
1049 2527 1301 2573 poenitentium
1341 2527 1577 2563 confessiones
1611 2528 1743 2562 confort

108 2594 245 2630 quoque
272 2584 433 2631 proprius
459 2586 661 2622 eorumdem
689 2584 855 2632 Superior
881 2599 898 2618 >›
929 2588 1023 2629 (can.
1052 2583 1134 2627 875,
1155 2589 1174 2627 ξ
1203 2587 1261 2631 1);
1290 2586 1407 2631 quaeri
1432 2590 1561 2631 potest:
1592 2597 1675 2620 num
1695 2586 1745 2619 al-

107 2647 237 2679 teruter
264 2644 520 2690 praedictorum
548 2645 579 2680 vi
608 2656 687 2681 can.
730 2643 797 2680 880
837 2649 941 2690 queat
980 2644 1183 2679 alterutram
1212 2644 1489 2679 iurisdictionem
1530 2644 1741 2690 praedictam

108 2705 184 2737 tum
210 2713 384 2745 revocare,
414 2707 487 2739 tum
515 2705 750 2750 suspendere3
779 2714 863 2739 nam
889 2704 925 2737 in
957 2714 995 2738 eo
1021 2713 1156 2738 canone
1183 2702 1319 2738 videtur
1346 2703 1576 2749 praesupponi
1606 2703 1747 2748 quando

107 2760 256 2796 dicitur:
289 2775 307 2795 <‹
327 2762 404 2798 Loci
449 2760 662 2798 Ordinarius
688 2763 740 2799 vel
769 2761 934 2808 Superior
960 2761 1142 2806 religiosus
1169 2761 1445 2797 iurisdictionem
1485 2761 1527 2796 ad
1555 2761 1747 2796 audiendas

106 2819 347 2856 confessiones
375 2832 418 2857 ne
444 2826 606 2857 revocent
631 2826 691 2857 aut
718 2821 988 2868 suspendant».
1016 2841 1059 2845 —
1077 2819 1118 2855 Ut
1145 2820 1275 2866 liqueat
1301 2820 1493 2866 responsio,
1526 2819 1747 2854 distinctione

107 2888 194 2924 opus
218 2882 291 2923 est3
318 2889 359 2914 ac
385 2880 682 2926 praemittendum
710 2884 843 2926 oportet
869 2879 912 2915 ab
933 2879 995 2914 bac
1023 2879 1230 2924 quaestione
1249 2877 1451 2924 Superiores
1478 2878 1655 2921 religiosos
1675 2889 1741 2912 non
