1971 3261
217 156 286 190 584
618 156 703 191 Lm.
732 156 803 191 111.
830 177 844 182 -
869 156 980 191 PARS
1004 156 1034 191 Ι.
1060 176 1074 182 -
1099 156 1157 192 De
1181 156 1446 192 Sacram-entis
1522 156 1615 193 Can.
1643 157 1846 194 1074-1075

220 280 303 318 tum
338 274 472 331 quoad
508 274 643 318 locum
677 277 1016 318 commorationis
1058 279 1145 318 tum
1187 275 1323 332 quoad
1366 274 1570 319 inssuxum
1610 277 1699 319 eius
1732 279 1843 332 pote·

216 347 345 400 statis,
379 345 548 388 additur
579 347 690 388 euim
725 344 776 387 ll⁰
810 350 849 388 et
882 344 926 388 in
960 345 1047 389 loeo
1080 344 1120 402 a)
1156 350 1244 389 tuto
1277 359 1350 402 pro
1383 346 1580 402 pudicitia
1614 351 1654 389 et
1688 346 1845 390 indem-

219 418 344 459 nitate
379 415 564 458 mulieris
599 415 640 472 b)
673 430 722 458 ae
754 415 899 468 libero„
935 418 986 459 ita
1022 421 1065 459 ut
1098 416 1252 460 nullius
1301 418 1542 472 praesertim
1577 419 1753 473 raptoris
1785 419 1843 460 in-

218 486 375 529 ssuxum
410 498 582 542 gravem
620 489 800 542 patiatur
833 492 1021 543 respectu
1072 489 1341 540 matrimonii,
1388 487 1630 536 constituta,
1680 487 1846 543 quando

218 557 279 601 his
313 560 454 614 positis
488 557 608 601 illum
641 557 788 614 supple
826 574 848 599 «
872 563 1079 615 raptorem
1105 574 1127 599 ›>
1165 558 1221 616 (ξο
1248 558 1309 615 1⁰)
1335 558 1379 602 in
1402 558 1539 601 virum
1561 572 1733 615 nempe:
1761 571 1845 603 ma-

218 630 340 671 ritum
376 633 544 685 propter
578 630 759 672 futurum
797 631 1106 672 matrimonium
1142 628 1293 672 habe-re
1326 629 1598 683 consenserit,
1636 632 1705 687 qui
1749 643 1845 673 con-

215 712 361 742 sensus
410 699 735 743 manifestandus
784 704 844 743 est
890 699 1145 743 sufficienter
1176 700 1226 743 ad
1261 700 1371 743 illius
1413 699 1713 756 probationem,
1748 705 1846 744 tunc

215 769 444 813 secundum
483 769 736 826 probationis
770 773 854 813 vim
890 769 1024 828 quead
1060 770 1275 814 diversum
1309 770 1521 814 Ecclesiae
1555 770 1846 828 forum,impe-

215 839 443 883 dimentam
479 840 516 894 ξ’
551 840 588 883 1¹
622 846 771 895 cessat,
806 840 915 884 nulla
951 843 1255 884 interveniente
1298 845 1368 884 aut
1415 843 1647 884 necessaria
1681 841 1845 898 dispen-

215 913 386 966 satione,
422 924 528 968 quae
561 914 804 969 ceteroquin
841 913 926 955 fere
959 924 1186 969 numquam
1222 912 1356 956 datur.

334 982 376 1026 ld
410 982 518 1039 quod
554 996 603 1026 ex
640 984 806 1039 propria
843 982 959 1026 verbi
995 987 1136 1039 raptus
1167 984 1485 1038 significatione,
1518 985 1711 1041 quamvis
1744 985 1845 1027 irra-

216 1052 480 1108 tionabiliter,
516 1052 567 1096 ab
602 1053 901 1109 impedimento
936 1053 1243 1110 excluderetur,
1286 1053 1363 1097 sub
1406 1056 1604 1097 canonica
1637 1055 1845 1111 significa·

216 1126 326 1167 tione
359 1123 729 1180 comprehenditur
766 1126 804 1167 vi
836 1127 861 1179 ἓ
891 1126 934 1168 3.
963 1123 1084 1177 Quod
1107 1123 1163 1167 ad
1178 1124 1443 1168 matrimonii
1465 1123 1720 1179 militatem,
1746 1139 1846 1182 ergo

214 1194 476 1238 solummodo
509 1194 644 1252 quoad
680 1194 790 1238 hunc
822 1207 1022 1238 canonem
1059 1195 1433 1251 interpretandum,
1474 1195 1622 1253 raptui
1656 1209 1739 1253 par
1771 1194 1845 1238 lta-

215 1264 334 1308 belnr
365 1268 475 1309 circa
509 1265 552 1319 §³
582 1265 619 1307 1ί
654 1278 701 1309 ac
737 1265 774 1308 Ξῖ
810 1268 1078 1322 praescripta,
1103 1264 1144 1322 a)
1168 1265 1365 1321 violenta,
1400 1271 1521 1322 prout
1558 1278 1682 1322 supra
1716 1266 1847 1323 expli-

215 1340 304 1379 cata
340 1336 426 1388 fuit,
463 1349 540 1379 non
577 1338 655 1379 iam
691 1335 900 1391 abductio,
948 1336 1018 1380 sed
1069 1336 1154 1380 sola
1191 1336 1228 1390 b)
1261 1336 1441 1379 retentio
1479 1335 1686 1391 mulieris
1719 1349 1844 1394 quam

215 1405 443 1450 clausulam
477 1409 613 1450 statim
665 1408 963 1463 interpretatur
1009 1407 1245 1451 authentice
1294 1406 1507 1463 legislator
1543 1407 1719 1451 addens:
1753 1421 1845 1450 eum

215 1491 360 1534 nempe
391 1475 456 1519 vir
488 1477 707 1520 mulierem
740 1477 879 1528 (ambo
903 1482 947 1521 ut
968 1480 1109 1535 supra)
1133 1477 1174 1534 a)
1198 1477 1242 1520 in
1266 1477 1354 1521 loeo
1387 1477 1464 1521 sub
1487 1478 1752 1522 distinctione
1776 1478 1846 1522 nbi

215 1562 264 1591 ea
297 1553 581 1591 commoratur
611 1562 707 1592 cum
742 1548 879 1605 aliqua
915 1551 1299 1605 procrastinatione,
1347 1551 1542 1606 quamvis
1584 1562 1678 1592 cum
1711 1549 1845 1592 domi-

215 1618 323 1674 cilio,
358 1618 705 1676 quasi-domicilio
754 1624 826 1662 aut
872 1621 959 1663 sine
1009 1621 1109 1674 istis,
1157 1618 1221 1662 vel
1267 1618 1323 1662 ad
1356 1633 1474 1677 quem
1507 1619 1637 1663 libere
1668 1619 1845 1662 accessit

216 1690 384 1733 forsitan
419 1689 468 1733 ad
507 1689 716 1733 modicum
754 1695 928 1746 tempus,
966 1689 1006 1747 b)
1040 1690 1246 1733 violenter
1279 1693 1392 1734 iuxta
1415 1690 1698 1747 supradictam
1723 1703 1847 1747 expo-

215 1762 421 1815 sitionem,
470 1760 509 1816 c)
543 1760 702 1803 intuitu
750 1761 1015 1804 matrimonii
1061 1763 1184 1804 etiam
1237 1766 1279 1804 ut
1325 1773 1465 1818 supra,
1507 1761 1678 1814 detinet,
1714 1763 1768 1804 ita
1802 1766 1846 1804 ut

214 1831 430 1874 discedere
464 1830 530 1874 illa
566 1836 744 1888 nequeat
775 1833 863 1874 sine
897 1834 1016 1887 gravi
1051 1832 1331 1876 incommodo.

335 1901 431 1944 472.
453 1904 858 1958 *impedimentum
878 1904 1093 1949 criminis
1113 1902 1248 1960 quoad
1279 1918 1300 1944 «
1319 1905 1381 1946 ius
1403 1906 1520 1946 vetus
1538 1916 1587 1946 ex
1609 1904 1769 1958 integro
1787 1915 1847 1945 re·

217 1973 332 2028 ferti)
370 1977 475 2025 (can.
525 1974 562 2026 6,
613 1972 676 2029 2⁰)
725 1986 817 2017 ean.
866 1973 993 2016 1075
1026 1987 1075 2016 ex
1112 1972 1390 2016 Decretalium
1441 1971 1521 2018 tit.⁰
1565 1988 1584 2013 (ε
1608 1973 1658 2016 de
1692 1986 1741 2016 eo
1773 1974 1844 2030 qui

216 2043 334 2086 duxit
368 2045 406 2085 iu
442 2044 755 2091 matrimonium
790 2056 916 2100 quam
951 2043 1098 2100 polluit
1132 2057 1204 2099 per
1235 2043 1527 2087 adulterium»
1566 2041 1728 2100 (1V‚7).
1775 2041 1845 2086 Va·

215 2113 301 2156 lide
333 2113 583 2157 contrahere
616 2114 792 2158 relative
824 2128 895 2158 seu
919 2114 970 2158 ad
996 2116 1192 2169 invicem,
1218 2117 1257 2157 vi
1283 2114 1404 2158 liuius
1441 2117 1612 2158 canonis
1634 2120 1844 2172 nequeunt

215 2184 546 2239 matrimonium,
579 2185 760 2228 scilicet:
796 2185 895 2229 illud
931 2185 1039 2241 quod
1080 2187 1283 2242 «regitur
1315 2188 1405 2229 iure
1438 2187 1560 2229 etiam
1595 2188 1796 2229 canonico
1818 2201 1839 2227 2>

216 2255 326 2313 (can.
362 2255 506 2312 1016)
541 2268 589 2299 ac
624 2256 797 2312 proinde
831 2255 1021 2312 baptizati
1046 2260 1142 2299 suut
1164 2255 1368 2300 inhabiles
1390 2256 1439 2300 ad
1467 2255 1581 2299 illum
1601 2255 1846 2300 contrahen-

216 2326 314 2386 dum
350 2329 456 2370 inter
490 2340 533 2370 se
569 2327 632 2370 vel
667 2340 762 2370 cum
797 2340 876 2370 non
912 2326 1128 2384 baptizato,
1162 2327 1390 2371 dummodo
1423 2340 1573 2371 causae
1598 2326 1706 2370 illius
1729 2327 1842 2371 inha-

217 2396 386 2440 bilitatis
420 2400 642 2453 praeterito
674 2402 861 2454 tempore
894 2399 1047 2441 suerint
1080 2400 1249 2455 positae,
1282 2400 1451 2442 forsitan
1486 2398 1583 2441 dum
1618 2397 1676 2441 illi
1709 2402 1844 2442 essent

216 2467 352 2511 adhuc
387 2468 588 2522 intideles,
623 2471 678 2511 uti
716 2473 826 2524 patet
858 2471 938 2512 iam
974 2482 1023 2512 ex
1060 2468 1119 2511 n·⁰
1152 2468 1208 2512 1⁰.
1247 2468 1342 2524 Qui,
1377 2482 1550 2525 nempe:
1588 2471 1650 2511 vir
1682 2481 1730 2512 ac
1753 2482 1842 2512 mu·

217 2537 305 2594 lier‚
337 2538 611 2595 perdurante,
638 2544 855 2595 propterea
879 2552 1056 2596 quorum
1083 2540 1294 2583 vinculum
1320 2539 1537 2596 coniugale
1559 2539 1738 2583 solutum
1763 2553 1842 2583 non

215 2610 291 2652 fuit
312 2609 541 2652 secundum
578 2612 665 2653 iura
699 2609 849 2667 quibus
882 2616 1064 2667 regatur,
1097 2612 1238 2654 eodem
1271 2624 1320 2654 ex
1345 2610 1585 2654 alterutrius
1609 2615 1723 2667 parte
1746 2609 1845 2667 leqi-

217 2678 330 2734 tinto,
366 2679 469 2721 idest
502 2683 731 2722 secuudum
768 2682 855 2722 iura
888 2679 1040 2737 quibus
1074 2682 1231 2737 regitur
1268 2680 1403 2724 valide
1436 2679 1658 2734 celebrato,
1685 2685 1727 2723 ut
1751 2694 1840 2736 pro-

217 2750 304 2804 pria
342 2749 456 2792 verbi
490 2750 738 2806 significatio
772 2750 886 2793 salva
920 2752 972 2794 sit
1004 2751 1293 2807 amplectentis
1340 2764 1506 2808 quoque
1555 2750 1663 2808 (can.
1714 2751 1841 2805 1015,

213 2819 241 2876 ξ
275 2818 318 2875 3)
357 2821 710 2863 «matrimonium
747 2822 854 2863 intcr
887 2834 965 2863 non
1017 2821 1240 2878 baptizatos
1290 2821 1425 2865 valide
1463 2820 1764 2864 celebratum»
1803 2825 1838 2864 el

217 2892 364 2946 potiori
398 2890 448 2933 de
481 2902 604 2933 causa
640 2893 744 2934 inter
777 2905 861 2946 cos,
894 2904 1070 2949 quorum
1106 2897 1213 2935 unus
1243 2892 1388 2936 saltem
1413 2895 1464 2936 sit
1488 2892 1728 2948 baptizatus,
1752 2905 1839 2934 ma-
