1971 3261
162 124 232 159 388
565 123 650 158 Lus.
676 124 747 159 III.
774 144 786 150 -
813 124 924 159 PARS
949 124 978 159 I.
1006 143 1018 150 ·
1046 124 1103 159 De
1129 124 1394 160 Sacramentz‘s
1600 125 1694 162 Can.
1719 125 1790 161 972

166 248 277 287 recte
312 245 563 296 instituatur,
599 255 725 299 prona
759 245 811 286 sit
842 243 893 286 ad
928 243 1075 287 mundi
1107 243 1341 301 voluptates
1363 244 1618 302 sequenda83
1652 249 1692 288 et
1714 246 1791 289 nisi

164 328 184 358 a
221 317 371 358 teneris
404 316 521 357 annis
553 314 603 356 ad
655 316 847 370 pietatem
897 318 937 357 et
979 313 1221 371 religionem
1267 315 1523 370 informetur,
1567 319 1789 373 antequam

165 388 359 428 vitiorum
396 383 560 428 habitus
583 388 688 427 totos
711 383 900 428 homines
919 387 1141 441 possideat,
1166 398 1392 443 numquam
1419 385 1611 442 perfecte,
1629 398 1677 429 ac
1700 388 1790 430 sine

164 458 358 510 maximo,
410 468 457 499 ac
490 454 691 511 singulari
739 455 1038 512 propemodum
1084 455 1157 499 Dei
1205 458 1500 513 omnipotentis
1547 456 1717 512 auxilio,
1751 459 1790 500 in

162 526 378 583 disciplina
412 526 692 569 ecclesiastica
727 531 966 582 perseveret
982 542 1032 579 »;
1067 531 1190 584 atque
1226 532 1443 583 propterea
1484 527 1673 571 «Sancta
1715 527 1788 583 Sy-

162 598 295 641 nodus
327 599 481 651 statuit,
518 602 558 640 ut
593 596 780 653 singulae
814 597 1028 651 ecclesiae,
1063 602 1222 641 certum
1259 611 1480 654 puerorum
1506 611 1725 641 numerum
1750 600 1788 641 in

163 668 338 724 collegio
371 667 419 711 ad
457 667 534 711 hoc
567 667 694 721 alere,
729 680 776 711 ac
812 667 1002 724 religiose
1045 668 1237 716 educare,
1273 672 1312 711 et
1344 668 1636 712 ecclesiasticis
1668 669 1789 712 disci-

164 739 285 796 plinis
319 741 534 782 instituere
568 743 847 783 teneantur».
884 738 1054 795 Propter
1102 738 1212 782 illam
1249 741 1450 782 rationem
1495 742 1647 796 optime
1680 740 1789 783 idem

164 813 354 868 proponit
388 810 601 853 decretum
637 810 707 852 sed
742 812 890 865 aptiori
925 812 1056 853 t'orma
1090 823 1180 852 ean.
1215 811 1322 853 972.
1354 809 1383 867 ξ
1408 810 1445 855 1.
1474 809 1715 853 Curandum
1740 824 1789 854 ex

164 884 419 938 praescripto
454 883 566 924 iuxta
601 881 862 937 prudentiam
897 880 950 924 ob
982 882 1316 924 circumstantias
1354 881 1562 924 servando
1595 880 1635 938 a)
1660 887 1704 924 ut
1737 880 1792 925 ad

163 965 305 995 saeros
338 951 508 995 ordines
557 967 575 991 «
605 951 666 994 vel
713 953 891 994 maiores
916 949 934 992 >5
985 951 1094 1008 (can.
1135 951 1238 1005 949)
1284 951 1567 1009 adspirantes,
1611 951 1790 995 scilicet:

168 1039 187 1064 ((
211 1036 387 1080 quorum
424 1022 582 1065 indoles
614 1027 652 1064 et
690 1022 877 1065 voluntas
909 1035 1023 1079 spem
1059 1022 1216 1078 afferat,
1251 1035 1321 1065 eos
1354 1021 1644 1066 ecclesiasticis
1677 1024 1792 1064 mini-

161 1096 297 1138 steriis
332 1098 531 1149 perpetuo
566 1095 839 1136 inservituros
862 1109 902 1147 »,
927 1099 970 1136 ut
1002 1095 1058 1136 ait
1096 1091 1219 1137 Conc.
1246 1092 1356 1138 Trid.
1381 1093 1477 1150 (loc.
1501 1093 1602 1151 cit),
1629 1092 1669 1150 b)
1693 1092 1792 1136 inde

162 1179 186 1208 a
211 1164 367 1207 teneris
386 1164 526 1215 annis,
547 1177 717 1220 nempe:
743 1166 850 1221 «qui
869 1164 919 1207 ad
943 1166 1157 1207 minimum
1179 1163 1398 1207 duodecim
1419 1176 1548 1206 annos
1566 1166 1648 1206 nati
1667 1166 1747 1206 sint
1764 1179 1784 1205 >³

162 1235 256 1292 (loc.
292 1235 394 1291 cit),
429 1234 473 1276 in
507 1233 750 1277 Seminario
786 1234 1095 1291 interpretando
1131 1248 1203 1290 pro
1241 1233 1415 1278 aedibus
1447 1247 1520 1277 seu
1557 1233 1789 1290 «collegio,

162 1309 200 1349 in
235 1319 315 1363 quo
348 1312 486 1348 certus
518 1304 841 1348 adolescentium
888 1318 1087 1348 numerus
1128 1305 1177 1348 ad
1213 1309 1363 1348 statum
1408 1304 1641 1348 clericalem
1677 1306 1790 1348 insti-

163 1382 301 1421 tuatur
323 1392 345 1417 »
381 1380 484 1431 (can.
522 1376 646 1429 1354,
681 1376 708 1434 ἓ
746 1377 793 1429 l),
826 1376 1106 1434 recipiantur,
1131 1389 1211 1433 quo
1238 1375 1365 1419 verbo
1385 1378 1684 1433 praescriptum
1711 1375 1791 1419 huc

163 1462 292 1505 usque
328 1448 571 1504 intelligitur
603 1447 651 1490 ad
689 1445 933 1492 Ordinarios
967 1447 1151 1491 locorum
1186 1448 1406 1491 directum,

280 1520 465 1575 Sequens
497 1521 667 1562 canonis
711 1531 804 1574 pars
842 1518 1095 1562 ordinandos
1139 1520 1318 1574 respicit,
1363 1521 1499 1562 aiens:
1532 1517 1605 1561 sed
1636 1531 1788 1571 omnes,

162 1590 275 1634 nullo
309 1604 356 1633 ex
393 1592 493 1633 iuris
527 1594 668 1632 tenore
702 1595 891 1645 excepto,
925 1588 1074 1632 ibidem
1103 1592 1140 1631 in
1165 1602 1287 1645 supra
1313 1589 1523 1633 declarato
1545 1590 1790 1643 Seminario,

161 1662 230 1705 sed
269 1664 305 1703 in
343 1663 487 1704 maiori
527 1676 547 1701 ((
570 1662 602 1703 si
639 1659 731 1704 bina
767 1663 986 1703 constituta
1011 1663 1092 1703 sint
1113 1660 1358 1713 Seminaria,
1393 1663 1527 1703 minus
1550 1665 1589 1703 et
1614 1662 1782 1702 maius»

159 1737 264 1786 (can.
301 1731 411 1775 1354
445 1732 473 1788 ξ
507 1731 568 1786 ⁶2),
602 1731 855 1774 commorari
890 1735 1085 1773 tenentur
1126 1730 1318 1788 equidem
1357 1745 1428 1786 pro
1463 1730 1585 1773 modo
1619 1729 1787 1773 faculta-

160 1808 263 1857 tum,
295 1805 385 1846 sive
418 1804 614 1859 gratuito,
649 1804 680 1845 si
716 1815 945 1858 pauperum
983 1801 1067 1856 tilii,
1108 1817 1127 1842 (ς
1150 1814 1254 1859 quos
1288 1801 1410 1845 Conc.
1435 1800 1546 1844 Trid.
1567 1802 1789 1857 praecipue

161 1875 255 1931 eligi
295 1875 423 1917 vult»
462 1874 557 1931 (loc.
592 1872 695 1931 cit),
729 1876 818 1916 sive
854 1875 1001 1916 minori
1037 1875 1231 1930 pensione
1264 1873 1464 1916 solvenda
1500 1885 1571 1928 per
1593 1885 1676 1925 eos,
1699 1874 1788 1915 sive

165 1947 374 1989 «ditiores
395 1959 469 1988 suo
487 1949 653 2002 sumptu
677 1944 840 1988 alantur
860 1960 878 1985 i)
907 1944 1158 2001 completum
1186 1957 1356 2000 pensum
1380 1943 1600 1998 solventes,
1624 1942 1786 1997 saltem,

160 2031 208 2060 ex
245 2030 325 2074 quo
361 2015 487 2059 verbo
522 2016 775 2059 desiderium
827 2016 967 2072 patefit
1016 2014 1263 2070 legislatoris
1295 2019 1333 2057 et
1369 2019 1548 2071 potestas
1589 2013 1787 2070 implicite

161 2085 479 2132 Ordinariorum
516 2088 828 2143 recognoscitur
877 2085 1101 2142 ampliandi
1153 2087 1470 2142 praescriptum,
1504 2085 1672 2128 forsitan
1706 2087 1786 2127 iam

160 2160 360 2202 severiori
398 2160 576 2214 vigente,
606 2171 684 2215 per
715 2157 926 2215 inteqrum
949 2170 1097 2199 sacrae
1121 2155 1356 2213 theologiae
1379 2154 1649 2209 curriculum,
1678 2157 1786 2213 «qui
1816 2148 1818 2152 ’

161 2229 304 2272 saltem
341 2231 500 2284 integro
533 2228 809 2285 quadriennio
843 2230 1147 2271 contineatur»
1185 2226 1294 2283 (can.
1333 2226 1459 2275 1365,
1492 2226 1520 2284 ξ
1544 2225 1602 2282 ⁶2),
1636 2225 1788 2283 illaque

160 2299 343 2343 clausula
392 2299 707 2356 comprehendit
757 2312 917 2342 menses
969 2303 1107 2354 «post
1156 2298 1419 2341 medietatem
1459 2298 1594 2354 quarti
1628 2298 1787 2350 anni»,

160 2371 267 2421 (can.
299 2369 397 2424 976,
430 2368 457 2426 ἓ
492 2369 534 2426 2)
567 2373 757 2425 suscepto
790 2369 958 2412 forsitan
1006 2367 1306 2425 presbyteratu.
1344 2393 1396 2398 —
1432 2370 1519 2410 Hoc
1557 2366 1786 2410 secundum

157 2440 199 2499 ξι
234 2442 531 2496 praescriptum
567 2440 746 2483 admittit
779 2441 1046 2496 exceptiones
1069 2438 1120 2483 ab
1143 2439 1324 2494 homine,
1349 2438 1447 2481 dum
1481 2438 1669 2481 additur:
1704 2436 1788 2480 nisi

164 2509 423 2554 Ordinarius
474 2510 549 2553 loci
594 2510 646 2554 ob
684 2514 922 2554 contextum
958 2514 1000 2562 a)
1032 2510 1076 2553 in
1110 2509 1275 2552 casibus
1319 2507 1607 2567 peculiaribus
1640 2513 1679 2552 et
1712 2510 1785 2551 im-

160 2582 298 2638 plicite
332 2586 499 2638 propter
533 2581 790 2638 singulorum
826 2594 998 2625 casuum
1042 2583 1390 2634 circumstantias,
1424 2593 1501 2623 non
1535 2593 1585 2622 ex
1620 2580 1786 2636 proprio

160 2651 331 2696 arbitrio
365 2665 439 2695 nec
473 2652 525 2695 ob
558 2651 787 2709 quamlibet
821 2654 1038 2701 rationem,
1070 2651 1139 2694 sed
1175 2650 1219 2708 b)
1249 2651 1374 2708 qrani
1411 2649 1461 2694 de
1495 2664 1638 2704 causa,
1680 2661 1787 2707 quae

161 2723 252 2766 talis
285 2735 431 2766 revera
467 2725 705 2765 inveniatur
739 2726 826 2779 post
861 2722 1106 2779 prudentem
1150 2722 1540 2776 considerationem,
1579 2723 1690 2764 iuxta
1723 2733 1784 2763 se-

159 2798 353 2852 quentem
404 2793 650 2836 clausulam:
700 2793 740 2849 c)
790 2798 967 2836 onerata
1014 2792 1105 2835 eius
1154 2792 1410 2836 conscientia
1447 2791 1499 2835 ob
1537 2793 1783 2848 gravitatem
