1971 3261
126 125 195 160 238
529 122 612 156 Lm.
639 120 709 155 III.
737 139 749 145 -
776 119 887 153 PARS
911 118 944 152 I.
971 137 984 144 ·
1011 117 1068 152 De
1094 117 1360 152 Sam-amentis
1563 113 1656 149 Gan.
1681 112 1753 148 884

247 241 345 285 ⁶207.
370 239 723 286 iurisdictionis
746 238 974 282 limitatio
997 237 1208 282 relativa
1226 248 1289 281 ex
1311 235 1433 279 iure.
1457 258 1510 263 —
1535 232 1753 289 Postquam

132 316 169 356 in
191 311 353 356 duobus
372 308 718 368 praecedentibus
736 321 787 352 ss.
808 306 1038 350 canonibus
1057 305 1286 349 iurisdictio
1311 305 1386 347 fuit
1408 318 1428 347 a
1450 306 1538 346 iure
1556 302 1759 359 delegata,

130 386 168 427 in
204 383 409 440 praesenti
444 395 535 424 ean.
570 381 665 423 884
699 378 889 421 limitatio
920 376 1096 421 relativa
1120 375 1417 419 iurisdictionis
1449 372 1762 417 sacramentalis

131 456 266 497 forsan
303 463 513 509 possessae
547 451 756 504 statuitur,
791 448 986 506 equidem
1031 450 1311 503 congruenter
1345 448 1422 489 iuri
1456 446 1640 501 antiqu0,
1674 448 1758 487 tum

133 528 349 580 propterea
369 522 477 580 quod
518 520 657 563 «illud
683 533 733 563 ex
759 522 920 576 integro
944 519 1102 562 refert»
1141 529 1272 561 canon
1299 518 1374 560 iste
1392 515 1513 560 simul
1538 527 1647 558 cum.
1672 526 1763 558 can.

132 595 258 649 2367,
294 599 378 636 tum
414 594 510 650 quia
546 593 897 648 praescriptiones
929 589 1038 633 illius
1061 593 1224 632 ceterae
1259 590 1296 630 in
1322 586 1385 630 his
1407 585 1574 630 duabus
1607 586 1764 628 normis

132 678 209 707 non
244 664 466 720 explicitae
503 663 808 705 «continentur
832 659 1032 716 implicite
1056 674 1075 700 >)
1115 657 1166 701 ob
1200 656 1429 701 clausulam
1458 655 1623 699 finalem
1650 657 1766 698 istius

132 736 324 788 canonis,
360 735 485 789 igitur
518 732 567 776 ad
605 743 794 775 normam
829 743 920 774 can.
957 731 995 781 6,
1032 729 1075 772 <2⁰
1099 734 1139 772 et
1167 727 1210 771 6⁰
1249 741 1342 771 «ex
1376 729 1531 770 veteris
1566 728 1666 769 iuris
1698 738 1767 768 au-

132 807 336 859 ctoritate,
384 808 507 861 atque
543 803 634 845 ideo
668 816 716 845 ex
754 803 932 858 receptis
965 800 1075 856 apud
1116 798 1310 856 probatos
1343 802 1535 841 auctores
1569 799 1766 853 interpre-

133 875 356 919 tationibus
398 878 492 917 sunt
527 873 565 916 lii
600 886 780 916 canones
829 871 1116 915 aestimandi»
1157 895 1208 900 —
1248 867 1400 912 Vocavi
1437 880 1528 911 eam
1563 867 1770 910 limitatio·

135 960 226 990 nem
263 945 495 1000 relativam,
528 947 622 1002 quia
659 948 702 986 ut
734 945 872 986 statim
903 941 1070 999 patebit,
1095 939 1409 984 sacramentalis
1433 938 1664 982 iurisdictio
1697 938 1766 982 ha·

137 1017 217 1061 bita
252 1030 330 1059 non
366 1016 552 1059 aufertur
585 1017 661 1057 nisi
711 1014 891 1071 quodam
929 1015 967 1055 in
1002 1025 1100 1056 casu
1135 1012 1292 1068 peccati
1330 1015 1370 1053 et
1401 1009 1537 1067 quoad
1572 1009 1767 1053 determi-

137 1092 272 1130 natam
310 1098 526 1143 personam
562 1085 613 1129 ab
646 1085 792 1128 eodem
828 1083 1144 1127 absolvendam.

256 1180 371 1215 Primo
410 1179 611 1214 invenimus
648 1178 745 1213 illam
783 1178 956 1213 decretam
1001 1176 1037 1210 in
1082 1174 1119 1211 C.
1150 1174 1458 1211 «Sacramentum
1494 1173 1761 1209 Poenitentiac»

139 1239 276 1275 benedi.
312 1238 385 1273 xlv
415 1238 469 1273 bis
495 1237 628 1273 verbis:
673 1236 872 1272 «omnibus
910 1240 943 1271 et
969 1234 1118 1280 singulis
1156 1233 1394 1270 sacerdotibus
1421 1232 1580 1270 (nemine
1617 1236 1771 1278 excepto,

140 1303 277 1344 propter
303 1298 456 1333 adiectas
482 1297 670 1341 clausulas)
710 1295 847 1331 tametsi
874 1294 1033 1340 alioquin
1060 1294 1103 1330 ad
1130 1293 1367 1329 confessiones
1396 1291 1620 1338 excipiendas
1644 1301 1770 1337 appro-

141 1358 272 1393 batiS...
306 1356 516 1392 Auctoritate
537 1356 680 1402 Aplca...
703 1355 942 1401 probibemus,
963 1364 1007 1389 ne
1024 1352 1152 1399 aliquis
1171 1363 1305 1394 eorum,
1325 1355 1421 1387 extra
1446 1362 1566 1386 casum
1592 1354 1766 1386 extremae

138 1416 368 1457 necessitatis,
409 1416 579 1450 nimirum
607 1415 642 1449 in
671 1415 780 1461 ipsius
820 1413 941 1449 mortis
966 1412 1125 1455 articulo,
1161 1417 1195 1447 et
1219 1411 1403 1447 deficiente
1430 1415 1513 1446 tunc
1549 1419 1770 1456 quocumque

139 1475 207 1511 alio
233 1476 423 1516 sacerdote,
450 1476 507 1520 qui
536 1473 740 1510 confessarii
768 1483 898 1508 munus
924 1471 1020 1507 obire
1047 1471 1155 1518 possit
1182 1470 1354 1515 (clausula
1381 1470 1469 1506 bene
1495 1469 1651 1505 notanda
1679 1468 1774 1504 velut

139 1534 181 1570 ad
209 1545 351 1570 sensum
379 1533 639 1569 constitutionis
667 1532 776 1575 utilis)
802 1530 1058 1567 confessionem
1086 1529 1377 1565 sacramentalem
1406 1538 1572 1575 personae
1594 1527 1774 1573 complicis

142 1594 177 1628 in
206 1598 345 1639 peccato
372 1592 479 1638 turpi,
507 1597 613 1637 atque
639 1591 838 1633 inhonesto,
863 1594 985 1626 contra
1003 1594 1139 1625 sextum
1158 1588 1311 1633 decalogi
1341 1591 1562 1634 praeceptum
1589 1586 1775 1622 commisso

140 1653 296 1699 excipere
323 1652 460 1694 audeat,
486 1651 625 1686 sublata
653 1654 833 1696 propterea
860 1649 909 1684 illi
939 1649 1013 1695 ipso
1034 1648 1106 1683 iure
1124 1657 1346 1694 quacumque
1363 1646 1568 1682 auctoritate
1584 1650 1618 1681 et
1636 1645 1775 1680 iurisdi—

139 1712 252 1747 ctione
289 1712 331 1746 ad
359 1711 651 1756 qualemcumque
691 1719 875 1755 personam
901 1709 946 1743 ab
985 1707 1185 1742 huiusmodi
1224 1706 1327 1751 culpa
1365 1705 1635 1746 absolvendam3
1681 1706 1775 1749 [ergo

138 1770 402 1816 comprehendit
429 1774 502 1804 tum
532 1771 766 1815 poenitentem
794 1766 995 1802 huiusmodi
1024 1767 1100 1801 sine
1127 1765 1198 1801 ulla
1224 1765 1438 1811 exceptione,
1468 1769 1543 1799 tum
1569 1768 1602 1799 et
1628 1763 1770 1798 iurisdi-

138 1830 286 1865 ctionem
327 1829 628 1874 qualitercumque
656 1828 707 1863 vel
733 1839 753 1863 a
780 1836 1001 1873 quocumque
1042 1830 1177 1871 pastore
1215 1824 1408 1869 obtentam,
1451 1834 1521 1859 non
1562 1827 1684 1866 totam,
1714 1823 1773 1858 sed

139 1888 251 1935 quoad
291 1887 376 1923 illud
406 1888 597 1932 peccatum)
635 1887 720 1922 adeo
747 1886 902 1932 quidem,
944 1889 981 1920 ut
1006 1884 1191 1925 absolutio,
1231 1883 1257 1917 si
1285 1894 1392 1929 quam
1427 1882 1645 1928 impertierit,
1677 1881 1775 1917 nulla

138 1953 242 1994 atque
269 1947 367 1982 irrita
392 1947 537 1982 omnino
563 1946 620 1988 sit,
648 1951 819 1991 tanquam
848 1944 1023 1990 impertita
1049 1954 1069 1979 a
1095 1943 1284 1985 sacerdote,
1311 1942 1369 1988 qui
1407 1941 1703 1982 iurisdictione,...
1729 1941 1774 1976 ad

142 2006 254 2042 valide
278 2006 531 2041 absolvendum
552 2005 748 2040 necessaria
770 2004 924 2050 privatus
942 2002 1074 2046 existit,
1095 2012 1201 2048 quam
1220 2001 1249 2037 ei
1272 2012 1330 2047 per
1350 2005 1593 2047 praesentes..
1623 1999 1778 2035 adimere

144 2065 411 2101 intendimus».

263 2147 325 2191 ΑΙ)
360 2147 436 2191 hoc
462 2147 605 2190 ultimo
630 2148 833 2204 incipiens
858 2158 989 2189 canon
1014 2147 1090 2188 ait:
1123 2143 1355 2198 Absolutio,
1378 2156 1552 2199 nempe:
1572 2141 1778 2185 humanus

145 2224 260 2262 actus
308 2218 542 2275 proterendi
576 2217 877 2261 absolutoriam
911 2215 1134 2259 formulam
1181 2216 1430 2258 sacramenti
1482 2214 1776 2265 Poenitentiae,
1843 2216 1854 2217 i

146 2302 410 2346 quacumque
445 2290 670 2332 intentione
703 2292 774 2331 aut
798 2300 898 2331 vere
921 2286 1166 2330 absolvendi
1189 2290 1260 2329 aut
1293 2286 1387 2328 ficte
1410 2285 1559 2341 agendi
1586 2288 1775 2341 ponatur,

147 2360 240 2402 dala
275 2359 546 2402 asacerdote
580 2371 781 2414 personae
815 2356 1045 2414 complicis,
1069 2360 1159 2399 sive
1194 2358 1258 2398 vir
1291 2356 1427 2412 fuerit,
1459 2357 1550 2398 sive
1585 2355 1779 2407 foemina,

147 2432 236 2473 sive
271 2428 460 2484 impubes
493 2442 671 2487 quoque,
707 2430 831 2472 etiam
860 2441 1040 2486 quocum
1075 2428 1352 2470 confessarius
1374 2429 1469 2469 ante
1492 2425 1778 2469 Sacerdotium

149 2502 353 2558 peccavit,
390 2503 444 2543 uti
480 2504 639 2543 constat
672 2514 721 2543 ex
747 2500 1028 2543 declaratione
1051 2498 1090 2542 S.
1117 2498 1461 2541 Poenitentiariae
1480 2496 1508 2551 ²,
1542 2496 1586 2539 in
1604 2500 1775 2554 peccalo

152 2571 266 2628 turpi
298 2570 349 2614 de
383 2584 463 2628 quo
511 2572 570 2614 sic
604 2570 831 2614 edocemur
873 2583 921 2613 ex
956 2582 1062 2625 resp.
1096 2568 1135 2613 S.
1169 2566 1364 2613 Officii2:
1410 2583 1431 2609 «
1453 2580 1503 2611 an
1554 2566 1779 2624 probibitio

149 2640 393 2685 absolvendi
427 2641 676 2697 complicem
712 2643 750 2683 in
787 2642 958 2684 materia
993 2641 1102 2696 turpi
1136 2641 1330 2695 restringi
1363 2637 1513 2682 debeat
1543 2637 1592 2681 ad
1629 2641 1773 2690 tactus,

149 2724 199 2755 an
252 2724 349 2755 vero
402 2711 731 2767 comprehendat
779 2713 917 2753 omnia
966 2714 1135 2766 peccata
1183 2710 1330 2765 gravia
1363 2714 1506 2752 contra
1538 2709 1769 2752 castitatem

270 2865 346 2897 122
372 2864 454 2900 Ian.
482 2863 584 2898 1879.
614 2883 658 2887 ——
683 2863 773 2896 2Αᾱ
799 2862 963 2896 dubium
988 2861 1034 2895 28
1059 2861 1157 2895 Maii
1186 2861 1288 2896 1873.

1895 206 1917 226 »5⁴«
1892 185 1918 201 fi
1892 139 1917 175 ,a
1881 0 1921 133 mmm

1902 283 1920 330 „t

1920 927 1924 935 .
1911 888 1917 893 -
1903 510 1934 850 seim-2*
1893 403 1922 491 *m-
1907 384 1916 390 «
1910 344 1929 360 -4
