1971 3261
176 153 245 187 736
886 157 1089 182 APPEme

294 270 355 313 Ad
392 283 428 313 n.
465 269 528 312 ΙΙΙ.
565 294 616 299 ——
653 268 693 310 ln
730 271 817 310 iure
851 267 1048 311 babetur:
1096 266 1205 323 (can.
1241 267 1344 324 ⁶209)
1381 267 1468 311 «In
1503 282 1645 312 errore
1687 283 1797 313 com·
1834 280 1839 283 ’

178 344 290 384 muni
325 346 391 383 aut
428 343 466 382 in
500 339 626 383 dubio
660 341 836 395 positivo
870 342 909 380 et
943 336 1144 393 probabili
1177 340 1267 381 sive
1291 340 1392 382 iuris
1423 341 1513 382 sive
1546 339 1655 395 facti,
1681 342 1798 383 iuris-

175 413 403 455 dictionem
437 410 599 466 supplet
631 409 816 452 Ecclesia
865 421 938 464 pro
972 409 1058 451 loro
1106 413 1190 450 tum
1235 413 1408 452 externo
1455 413 1541 452 tum
1576 412 1798 454 interno».

178 482 263 525 Hoc
296 482 595 538 praescriptum
634 479 741 522 valet
773 491 938 535 quoque
972 491 1045 534 pro
1069 477 1332 522 lacultatibus
1359 491 1481 523 verae
1506 480 1802 524 iurisdictionis

173 566 224 595 ex
259 551 474 594 Formulis.
513 550 634 594 «Sed
671 553 870 606 potestate
905 547 1243 605 (iurisdictionis)
1277 563 1350 605 pro
1385 551 1472 593 foro
1511 553 1671 594 interno
1703 565 1799 595 con·

174 635 303 678 cessa,
337 626 453 664 actus
478 634 549 677 per
573 620 919 663 inadvertentiam
947 621 1115 675 positus,
1137 619 1276 676 elapso
1301 624 1486 676 tempore
1513 620 1574 664 vel
1599 621 1800 665 exhausto

174 705 344 735 casuum
380 705 567 745 numero,
605 690 766 733 validus
799 694 903 733 est»
941 689 1050 746 (can.
1086 690 1183 743 207,
1215 689 1244 748 ξ
1278 689 1335 746 ⁶2).
1369 690 1457 734 Hoc
1492 693 1529 734 in
1566 691 1613 734 ΙΙΙ
1658 685 1799 736 exten-

174 763 286 805 ditur
323 762 557 819 dupliciter,
592 774 762 817 nempe:
796 761 847 804 ad
882 764 1019 804 actum
1059 776 1082 817 ς(
1103 774 1155 803 eoe
1186 760 1392 804 oblivione
1412 774 1578 819 ›>-quae
1605 762 1656 806 ab
1691 763 1802 806 inad-

179 836 377 876 vertentia
412 833 561 884 diflert,
595 836 798 888 quatenus
830 830 932 874 haec
966 830 1089 875 habet
1122 831 1257 874 locum
1294 835 1331 875 in
1364 832 1564 889 singulari
1599 846 1695 877 casu
1721 834 1799 888 for-

172 906 277 947 sitan
313 906 347 946 ei
381 903 609 954 accidente,
643 905 711 959 qui
746 902 850 946 bene
883 901 1078 946 noscebat
1125 906 1311 946 tenorem
1345 916 1393 946 ac
1425 907 1590 960 tempus
1630 917 1798 948 suarum

174 974 429 1027 facultatum,
453 974 551 1016 dum
587 973 652 1016 illa
687 975 936 1029 cognitionis
968 972 1209 1016 alterutrius
1238 975 1512 1030 privationem
1538 974 1727 1031 designat
1749 974 1801 1019 ob

175 1044 402 1087 naturalem
438 1044 660 1087 defectum.
696 1043 795 1086 item
844 1043 943 1086 illud
978 1043 1029 1086 de
1061 1043 1347 1087 iurisdictione
1395 1046 1695 1101 praescriptum
1729 1058 1797 1102 ap-

176 1116 351 1171 plicatur
393 1115 549 1158 «hisce
588 1113 866 1168 facultatibus,
900 1116 933 1157 si
981 1111 1252 1158 Ordinarium
1304 1117 1360 1158 uti
1409 1118 1665 1172 contingat»
1704 1118 1801 1173 ipsis

172 1189 296 1229 etiam
334 1200 405 1242 per
437 1186 549 1229 alios.
583 1188 678 1242 quia
718 1184 1054 1239 «absolutiones,
1078 1185 1648 1244 dispensationes(utraeque
1681 1189 1799 1230 iuris-

172 1257 395 1305 dictionem
433 1255 847 1313 praesupponentes),
882 1258 1171 1300 concessiones
1213 1269 1357 1300 omnes
1389 1258 1539 1301 exinde
1572 1258 1714 1309 tidest:
1749 1257 1800 1301 ob

172 1327 417 1370 alterutrum
452 1324 662 1371 Ordinarii
697 1326 924 1383 defectum)
957 1328 1190 1383 impertitae
1235 1329 1291 1370 uti
1336 1332 1448 1371 ratae
1480 1332 1604 1386 atque
1639 1327 1801 1372 validae

173 1400 289 1454 (quia
324 1398 425 1440 tales
455 1402 560 1453 sunt,
596 1412 643 1441 eo
676 1397 784 1455 qnod
821 1397 985 1454 supplet
1017 1397 1095 1441 hac
1129 1398 1343 1442 voluntate
1375 1399 1500 1442 Sacra
1531 1397 1702 1455 Congr.)
1733 1398 1801 1442 ha-

176 1469 351 1512 beantur
374 1484 412 1510 )>.

293 1540 489 1596 Sequitur
521 1542 657 1582 cautio
691 1539 833 1590 altera,
871 1539 1088 1584 videlicet:
1142 1555 1164 1581 α
1188 1542 1356 1596 insuper
1402 1539 1516 1583 datis
1566 1539 1669 1597 (tum
1704 1540 1798 1585 sub-

174 1612 397 1666 scriptione
430 1609 573 1653 saltem
608 1610 826 1667 epistolae)
860 1609 912 1654 ab
944 1607 1168 1655 Ordinario
1197 1610 1392 1668 precibus
1420 1624 1500 1669 pro
1530 1611 1802 1655 renovatione

176 1680 243 1737 (ac
278 1682 411 1723 missis
442 1685 643 1737 qnantum
677 1683 715 1723 in
750 1681 894 1724 eodem
929 1680 998 1738 sit)
1032 1694 1103 1724 seu
1130 1683 1421 1737 prorogatione
1468 1682 1709 1725 earumdem
1744 1683 1800 1726 sa-

174 1751 390 1805 cultatum,
414 1754 525 1808 ipsae
544 1751 730 1808 (omnino
753 1752 940 1795 eiusdem
970 1751 1142 1809 tenoris)
1167 1754 1206 1795 in
1239 1765 1314 1795 suo
1349 1751 1496 1796 robore
1530 1765 1800 1809 perseverare

173 1827 422 1865 censeantur
445 1822 558 1879 (quia
582 1836 651 1866 eas
674 1836 821 1867 revera
848 1827 1042 1879 prorogat
1066 1825 1228 1866 interim
1253 1823 1291 1867 S.
1317 1822 1627 1881 Congregati0)‚
1650 1837 1799 1881 usque-

176 1893 271 1935 dum
309 1906 550 1948 responsum
584 1893 922 1951 (qualecumque)
954 1894 992 1937 S.
1025 1892 1193 1950 Congr.³
1223 1895 1273 1937 ad
1299 1895 1494 1938 eumdem
1528 1892 1800 1939 Ordinarium

175 1962 246 2018 (de
268 1962 391 2020 sacto)
428 1967 726 2020 pervenerit».
763 1990 814 1995 —
849 1964 1084 2008 Notandum
1111 1963 1215 2008 bene
1248 1964 1315 2008 liic
1353 1980 1375 2006 (t
1398 1967 1565 2008 nomine
1587 1962 1798 2010 Ordinarii

175 2033 316 2087 (etiam
352 2034 556 2092 eiusdem)
591 2034 807 2092 intelligi...
844 2037 940 2079 item
976 2037 1000 2078 ii
1035 2038 1103 2093 qui
1139 2036 1362 2092 praedictis
1396 2034 1580 2092 (Vicario
1612 2041 1652 2079 et
1687 2036 1802 2079 Prae-

177 2105 283 2147 fecto
317 2104 572 2163 Apostolico)
605 2105 896 2150 deficientibus
930 2109 1092 2149 interim
1128 2120 1176 2149 ex
1204 2108 1304 2150 iuris
1328 2109 1583 2163 praescripto
1606 2106 1798 2163 (nempe:

176 2187 266 2217 can.
302 2175 399 2229 309)
432 2177 660 2220 succedunt
683 2179 722 2219 in
748 2179 1006 2233 regimine».
1040 2175 1158 2230 Quod
1187 2179 1300 2234 viget
1321 2190 1488 2235 quoque
1523 2180 1562 2220 vi
1585 2190 1675 2221 ean.
1701 2177 1800 2232 310,

174 2245 204 2302 ς’
237 2245 260 2287 ⁶2
295 2246 634 2303 aequipollenter,
671 2247 880 2290 «illorum
932 2248 1216 2291 iurisdictione
1265 2248 1462 2304 impedita
1509 2247 1560 2291 ad
1611 2260 1796 2291 normam

174 2327 266 2358 can,
303 2316 399 2370 429,
430 2316 458 2373 g
492 2317 572 2358 1».
607 2316 983 2374 Comprehenditur
1015 2332 1181 2376 quoque
1218 2317 1404 2362 Vicarius
1441 2318 1674 2375 lJelegatus.

296 2420 419 2456 Datum
449 2421 586 2466 Romae,
616 2434 655 2459 ex
682 2424 835 2459 Aedibus
860 2424 986 2460 Sacrae
1012 2423 1300 2469 Congregationis
1318 2425 1360 2460 de
1377 2423 1606 2470 Propaganda
1631 2423 1725 2465 Fide,
1745 2423 1801 2460 die

367 2491 496 2515 menSis
802 2494 898 2518 anno
