1971 3261
177 156 246 190 634
579 155 664 190 [ΑΒ.
692 155 764 189 ΙΙΙ.
795 175 808 181 -
835 155 945 190 PARS
970 155 1000 189 Ι.
1031 175 1042 181 -
1068 155 1126 191 De
1150 156 1416 192 sacramentis
1588 156 1682 192 Can.
1711 156 1804 191 1096

176 280 392 319 censeatur
425 275 512 317 dari
549 275 803 329 mandatum,
827 277 1021 332 quamvis
1053 275 1258 322 certitudo
1292 278 1331 318 in
1366 276 1711 320 determinatione
1744 278 1804 320 in-

176 346 388 390 cludatur:
424 359 445 388 e
493 350 635 389 contra
679 345 974 402 superadditur
1018 345 1206 389 limitatio
1239 359 1370 404 usque
1413 346 1463 390 ad
1496 345 1690 391 Codicem
1724 360 1803 390 non

178 419 345 472 vigens:
380 415 436 458 ad
479 415 794 459 matrimonium
837 416 1063 472 singulare,
1096 419 1191 474 quia
1234 416 1573 473 determinatum,
1607 418 1706 461 dum
1746 420 1806 461 in-

178 492 384 543 terrogata
434 487 472 531 S.
505 485 655 543 Congr.
689 486 813 532 Conc.
859 487 886 528 ².
927 487 1152 531 «Dubium
1197 487 1260 530 lV.
1300 487 1447 532 Utrum
1496 488 1545 531 ad
1599 488 1734 532 valide
1768 493 1810 532 et

178 558 288 601 licite
324 559 595 600 matrimoniis
618 557 916 609 adsistentium,
940 558 990 601 ad
1026 561 1232 602 tramitem
1267 563 1341 602 art.
1372 557 1417 601 Vl
1452 558 1632 611 Decreti‚
1670 562 1808 617 requi·

180 633 293 672 ratur
325 642 490 684 semper
512 627 719 685 delegatio
751 628 956 684 specialis,
980 641 1030 672 an
1059 643 1156 672 vero
1189 629 1366 673 sufficiat
1389 629 1627 686 generalis?
1653 630 1715 674 Ad
1741 628 1810 673 IV.

179 697 324 752 Quoad
359 699 663 755 delegationem
699 698 798 742 nihil
824 712 912 743 esse
937 701 1215 754 immutatum,
1240 705 1415 757 excepta
1448 703 1693 744 necessitate
1716 713 1809 744 eam

180 770 355 814 lactendi
390 770 593 813 sacerdoti
619 770 893 813 determinato
926 775 965 813 et
998 776 1111 814 certo
1135 783 1183 814 ac
1216 773 1449 814 restrictam
1483 771 1532 814 ad
1560 773 1812 815 territorium

180 841 422 897 delegantis,
450 858 466 880 »
497 853 605 884 nunc
638 845 776 884 autem
823 844 1083 884 matrimonia
1132 841 1294 898 singula
1343 846 1438 885 sunt
1485 842 1741 899 designanda
1774 844 1813 885 in

181 914 446 955 concessione
491 911 682 955 licentiae
726 925 798 968 pro
843 925 1092 969 unoquoque
1128 917 1296 969 propter
1342 912 1595 957 clausulam:
1632 911 1815 955 eoeclusis
1852 926 1853 929 ¹

182 982 431 1041 quibuslibe!
464 982 812 1039 deleqatt'om'bus,
840 985 915 1026 etsi
952 996 1097 1039 parum
1128 982 1399 1041 qeneralz'bus
1430 984 1565 1042 quoad
1602 983 1816 1040 delegatos

181 1059 251 1097 aut
286 1056 562 1108 matrimonia,
597 1055 692 1110 quia
725 1067 774 1096 ex
810 1059 1005 1097 contextu
1041 1054 1131 1097 illos
1164 1059 1203 1097 et
1236 1053 1337 1098 haec
1369 1054 1495 1098 afficit
1529 1054 1714 1098 clausula
1748 1068 1819 1098 ex-

153 1116 354 1177 clusiva,
392 1137 470 1167 una
518 1123 650 1167 solum
684 1124 864 1168 admissa
912 1127 1181 1181 exceptione:
1215 1125 1301 1168 m'sz'
1344 1130 1500 1183 aqatur
1547 1124 1598 1168 de
1644 1124 1818 1168 vicariis

183 1194 536 1252 cooperatoribus,
573 1208 742 1251 nempe:
777 1195 900 1239 simul
934 1209 1026 1238 cum
1064 1196 1244 1252 parocho
1281 1198 1444 1239 vineam
1480 1195 1640 1239 Domini
1671 1208 1813 1252 paroe-

183 1265 330 1309 cialem
364 1265 662 1320 excolentibus,
698 1265 748 1309 de
781 1265 931 1323 quihus
967 1267 1148 1324 loquitur
1180 1278 1270 1309 can.
1297 1265 1394 1317 476,
1419 1265 1488 1310 ubi
1523 1266 1817 1309 adnotavimus

184 1335 234 1379 ad
267 1335 294 1394 ξ
327 1336 349 1379 6
385 1338 424 1379 in
458 1334 765 1380 Commentario
800 1340 949 1390 textus,
984 1336 1093 1394 quod
1129 1336 1167 1379 hi
1207 1339 1348 1380 vicarii
1375 1350 1453 1380 non
1488 1337 1671 1393 gaudent
1697 1336 1815 1393 plena
1963 1315 1971 1465 ἱ

186 1406 406 1463 paroeciali
443 1412 655 1463 potestate,
690 1421 765 1451 nec
800 1407 1076 1464 parochorum
1110 1410 1277 1451 nomine
1327 1410 1365 1451 in
1402 1410 1489 1451 iure
1527 1409 1735 1451 veniunt:>
1760 1409 1821 1450 in-
1940 1406 1952 1463 Ξ

185 1478 327 1534 digent
359 1492 457 1534 ergo
483 1478 558 1521 hac
582 1478 856 1535 delegatione,
881 1492 987 1534 quae
1009 1482 1041 1522 si
1066 1481 1118 1522 sit
1140 1479 1347 1536 generalis
1374 1479 1511 1536 quoad
1539 1480 1824 1533 matrimonia,
1939 1471 1971 1538 ξ’

187 1549 309 1595 debet
347 1552 383 1591 vi
418 1552 587 1593 canonis
621 1563 744 1607 quem
769 1555 1102 1593 commentamur
1135 1552 1194 1593 eis
1226 1550 1316 1594 dari
1346 1550 1479 1593 solum
1511 1563 1589 1608 pro
1621 1549 1823 1608 paroecia
1968 1501 1971 1635 l

186 1619 254 1662 eui
287 1619 449 1663 addicti
481 1624 579 1663 sunt
612 1634 690 1678 qua
727 1620 850 1673 tales,
875 1634 988 1664 secus
1021 1633 1070 1664 ac
1104 1623 1142 1664 in
1178 1625 1260 1664 toto
1293 1620 1339 1679 ἕο
1374 1621 1589 1676 designata
1622 1625 1683 1664 est
1716 1619 1827 1664 dele-
1951 1657 1959 1683 ,ι

189 1693 314 1747 gatio‚
348 1696 515 1747 propter
547 1690 727 1749 aliquem
763 1691 970 1735 detectum
1019 1691 1150 1734 irrita
1193 1697 1268 1742 est,
1301 1691 1410 1749 quod
1456 1696 1517 1735 est
1567 1691 1675 1734 idem
1710 1703 1758 1734 ac
1791 1693 1825 1734 si
1939 1686 1962 1734 Δ

194 1762 354 1806 deesset
387 1764 570 1807 omnin0.
1944 1759 1951 1774 ³

308 1830 553 1888 Opportune
603 1833 964 1877 animadvertatur
1015 1847 1064 1877 ex
1115 1832 1391 1877 Instructione
1443 1833 1482 1877 S.
1515 1831 1737 1889 Congreg.s
1778 1832 1829 1876 de

196 1903 465 1960 Propaganda
492 1903 588 1947 Fide
612 1903 640 1958 ²,
676 1918 713 1947 n.
748 1905 786 1947 7.
826 1921 847 1945 «
870 1904 912 1947 [n
947 1906 1096 1948 erectis
1129 1906 1474 1961 quasi-paroeciis
1508 1917 1579 1960 pro
1617 1905 1826 1947 matrimo-

196 1978 359 2019 niorum
392 1975 677 2019 celebratione
710 1975 949 2019 attendatur
981 1979 1144 2032 oportet
1176 1975 1227 2018 ad
1262 1988 1444 2019 canones
1477 1974 1591 2018 1096
1627 1979 1667 2018 et
1693 1974 1829 2023 1095;

198 2048 235 2089 in
270 2046 369 2090 locis
405 2060 503 2090 vero
539 2045 606 2090 ubi
643 2049 755 2103 ipsae
788 2049 1037 2090 constitutae
1088 2059 1167 2089 non
1201 2045 1308 2100 sunt,
1344 2045 1589 2089 Missionarii
1629 2045 1829 2089 censendi
1961 2063 1971 2117 ξ

195 2122 289 2161 sunt
323 2121 616 2174 cooperatores
653 2116 802 2161 Vicarii
838 2117 904 2160 vel
941 2117 1140 2160 Praefecti
1191 2116 1433 2174 Apostolici,
1481 2121 1605 2174 atque
1657 2116 1829 2172 proinde
1962 2123 1971 2162 ³.

198 2189 361 2232 licentia
411 2188 594 2245 generali
647 2188 698 2232 ab
745 2186 970 2233 Ordinario
1004 2200 1201 2232 concessa
1239 2188 1375 2231 valide
1408 2192 1446 2231 et
1482 2187 1592 2231 licite
1626 2187 1832 2231 adsistunt
1966 2180 1971 2204 ¹

200 2262 475 2304 matrimoniis
497 2276 536 2301 ›>.
1962 2234 1971 2382 1

316 2331 553 2375 Liceitatem
602 2331 733 2374 solam
783 2330 904 2374 liuius
952 2333 1229 2374 concessionis
1285 2332 1506 2385 respicitg
1546 2330 1582 2372 ἓ.
1619 2327 1834 2372 Paroa-ltus
1945 2379 1949 2393 ,Χ

198 2402 262 2445 vel
295 2402 375 2445 loci
413 2401 684 2453 Ordinarius,
720 2388 761 2445 u⁹t
796 2404 833 2444 in
866 2402 912 2460 ξ)
949 2402 991 2444 ⁶2⁰
1026 2408 1132 2445 can.⁸
1167 2401 1385 2457 praeced⁸.,
1420 2400 1635 2444 licentiam
1669 2400 1720 2443 de
1753 2411 1833 2457 qua
1943 2411 1951 2458 j<

203 2473 416 2530 hucusque
450 2487 498 2515 ne
530 2472 743 2526 concedat,
766 2472 851 2516 nisi
884 2471 1062 2530 eoeplelis
1095 2471 1284 2515 omnibus
1308 2485 1414 2530 quae
1447 2472 1514 2514 ius
1541 2474 1686 2527 vigens
1709 2470 1837 2529 quod·

201 2557 393 2601 cumque,
431 2546 671 2599 praesertim
708 2546 746 2587 in
780 2542 944 2598 Codice,
979 2543 1200 2586 constituit
1241 2543 1487 2600 obligatorie
1525 2555 1606 2600 pro
1641 2541 1838 2584 libertate
1939 2532 1971 2606 {72³

203 2614 254 2659 ab
297 2615 604 2670 impedimentis
646 2615 696 2658 ad
747 2617 1057 2658 matrimonium
1101 2614 1447 2666 contrahendum,
1480 2612 1662 2656 scilicet:
1697 2617 1835 2655 status

206 2697 416 2741 personae,
452 2687 519 2742 qui
557 2684 715 2729 iuribus
746 2698 794 2728 ac
828 2685 973 2728 officiis
1006 2688 1094 2728 cius
1125 2685 1298 2738 constat,
1328 2681 1653 2741 comprobanda.
1681 2682 1835 2739 Eapro-
1964 2662 1971 2714 ⁵³

325 2839 335 2859 1
362 2837 406 2872 27
422 2837 495 2871 Iul.
514 2837 613 2878 1908,
630 2837 728 2871 Acta
747 2837 784 2871 S.
807 2837 917 2871 Sedis
936 2837 1009 2871 vol.
1027 2836 1131 2871 XLI.
1159 2857 1199 2861 —
1220 2836 1232 2858 Ξ
1247 2837 1292 2870 25
1308 2835 1384 2869 Iul.
1407 2835 1509 2869 1920.
1532 2834 1608 2870 CO.
1631 2836 1721 2876 ΧΠ,
1751 2835 1834 2869 33⁶2.
