1971 3261
224 164 269 197 48
639 160 719 193 [ΑΒ.
747 159 816 192 III.
845 179 854 183 -
884 158 993 191 PARS
1021 158 1047 191 Ι.
1075 178 1085 182 -
1114 158 1170 192 De
1196 158 1460 193 Suc-ramentis
1665 159 1756 195 Can.
1786 161 1853 196 755

225 281 272 323 lis
295 286 331 323 et
355 279 599 331 actionibus,
623 289 725 334 quas
760 279 796 318 in
839 276 1029 331 baptismi
1053 275 1410 320 administratione
1434 279 1496 320 ius
1521 277 1850 322 ecclesiasticum

223 350 450 394 servandas
483 350 707 398 constituit,
740 346 809 389 sed
846 347 969 389 etiam
1005 345 1056 388 de
1088 358 1196 404 aqua
1219 348 1256 389 in
1282 347 1469 390 eiusdem
1495 347 1713 392 collatione
1737 349 1853 393 adhi-

227 422 371 465 benda.
400 420 455 462 De
479 419 541 461 liis
565 423 703 461 autem
730 418 950 459 memorari
986 420 1178 472 praestat,
1204 430 1310 475 quae
1333 420 1389 461 ait
1415 417 1457 460 D.
1483 417 1555 461 Tb.
1582 418 1594 440 ¹
1624 419 1851 464 «Ecclesia

227 494 382 547 regitur
414 491 565 545 Spiritu
601 489 764 535 Sancto,
798 488 867 544 qui
904 486 1002 529 nibil
1049 488 1328 532 inordinatum
1374 494 1632 545 operatur»,
1676 495 1715 534 et
1748 492 1851 534 insi-a

224 565 261 604 in
297 574 468 616 corpore
502 564 575 603 art.
614 558 760 600 borum
798 559 948 599 rituum
975 562 1014 600 et
1037 561 1393 602 caeremoniarum
1429 560 1645 616 generales
1671 564 1850 604 rationes

223 635 280 675 sic
315 631 470 673 reddit:

345 701 503 755 «Quae
537 699 703 757 quidem
740 698 993 743 adhibentur
1027 702 1064 742 in
1099 705 1360 744 sacramento
1386 706 1552 757 propter
1576 704 1676 745 tria:
1717 705 1850 758 primo

223 773 388 830 quidem
424 771 472 814 ad
508 769 819 813 exercitandam
867 769 1132 814 devotionem
1176 771 1360 814 fidelium
1405 777 1444 815 et
1487 774 1762 816 reverentiam
1798 773 1848 816 ad

222 846 541 886 sacramentum.
575 840 613 883 Si
649 842 758 882 enim
791 839 1037 896 simpliciter
1070 842 1187 884 tieret
1221 841 1377 884 ablutio
1412 844 1449 884 in
1475 854 1581 900 aqua
1606 843 1762 900 absque
1785 856 1848 886 so-

223 914 446 966 lemnitate,
480 911 530 955 de
563 910 668 954 facili
704 910 755 954 ab
789 910 998 968 aliquibus
1030 913 1322 954 aestimaretur
1355 915 1470 968 quasi
1505 914 1710 970 quaedam
1736 927 1849 957 com·

224 986 356 1026 munis
389 982 556 1026 ablutio.
591 981 782 1025 Secundo
814 981 863 1024 ad
899 981 1086 1024 lidelium
1120 981 1448 1025 instructionem.
1483 984 1701 1039 Simplices
1723 986 1848 1040 euim,

220 1057 288 1111 qui
324 1054 468 1096 litteris
502 1065 579 1095 non
625 1052 886 1106 erudiuntur,
932 1056 1093 1108 oportet
1135 1052 1304 1095 erudire
1349 1066 1420 1108 per
1463 1053 1599 1110 aliqua
1638 1053 1849 1097 sensibilia

219 1128 349 1181 signa„
383 1129 477 1180 puta
514 1137 584 1179 per
620 1125 801 1179 picturas
834 1129 872 1166 ct
905 1122 1043 1180 aliqua
1079 1122 1339 1175 huiusmodi3
1374 1128 1413 1166 et.
1448 1137 1520 1179 per
1544 1123 1652 1167 hunc
1679 1124 1846 1167 modum

222 1209 292 1251 per
325 1207 369 1238 ea
404 1206 508 1251 quae
543 1196 580 1236 in
615 1196 887 1237 sacramentis
930 1198 1125 1250 aguntur,
1172 1193 1233 1237 vel
1280 1196 1553 1249 instruuntur,
1601 1193 1663 1238 vel
1698 1194 1847 1238 sollici-

220 1271 357 1309 tantur
390 1266 438 1309 ad
474 1265 760 1322 quaerendum
794 1265 846 1308 de
880 1264 941 1308 bis
973 1277 1080 1322 quae
1112 1278 1185 1321 per
1218 1264 1456 1308 huiusmodi
1495 1264 1706 1309 sensibilia
1731 1267 1847 1321 signa

218 1338 516 1394 significantur.
551 1335 599 1379 Et
634 1336 726 1379 ideo
759 1338 856 1393 quia
882 1341 1045 1392 praeter
1069 1336 1340 1392 principalem
1364 1338 1612 1379 sacramenti
1637 1336 1845 1389 effectum,

220 1413 379 1464 oportet
412 1407 616 1464 quaedam
651 1406 731 1450 alia
763 1409 870 1450 scire
917 1409 1029 1450 circa
1079 1406 1342 1463 baptismum,
1393 1409 1648 1450 conveniens
1696 1408 1772 1450 fuit
1805 1411 1848 1450 ut

219 1481 341 1522 etiam
361 1477 607 1535 quibusdam
625 1476 903 1520 exterioribus
920 1473 1050 1533 signis
1067 1481 1492 1533 repraesentarentur.
1507 1476 1644 1520 Tertio
1658 1479 1754 1534 quia
1776 1491 1848 1533 per

218 1552 423 1592 orationes
455 1553 495 1591 et
527 1548 838 1592 benedictiones
860 1552 900 1591 et
922 1547 1003 1591 alia
1026 1547 1261 1591 huiusmodi
1286 1547 1504 1591 cohibetur
1540 1549 1600 1591 vis
1633 1548 1848 1591 daemonis

219 1619 269 1663 ab
303 1619 596 1674 impedimento
629 1617 942 1662 sacramentalis
964 1618 1178 1662 effectus»
1216 1618 1468 1675 suscipiendi
1494 1623 1532 1662 et
1555 1618 1848 1662 conservandi.

336 1691 402 1733 40.
430 1692 564 1736 Ordo
590 1704 847 1736 canonum.
887 1714 914 1721 -
950 1687 1038 1732 Non
1063 1702 1164 1732 vero
1187 1689 1238 1732 de
1259 1689 1452 1733 omnibus
1471 1689 1618 1733 ritibus
1641 1701 1688 1733 ac
1706 1702 1846 1733 caere-

219 1764 366 1804 moniis
388 1760 525 1805 Codex
553 1760 747 1818 loquitur,
771 1760 843 1803 sed
868 1759 1022 1803 relictis
1042 1762 1079 1802 in
1102 1762 1245 1816 vigore
1264 1762 1427 1813 ceteris,
1445 1759 1696 1816 generaliter
1720 1759 1846 1816 loqui-

218 1838 283 1875 tur
306 1833 356 1875 (le
380 1832 654 1875 sollemnitate
678 1844 768 1875 can.
795 1831 893 1880 755,
918 1835 958 1874 et
981 1830 1032 1874 de
1055 1831 1266 1888 sequendo
1302 1833 1381 1874 ritu
1415 1833 1521 1874 inter
1545 1833 1683 1874 varios
1705 1830 1845 1874 catho-

218 1903 316 1946 licos
350 1916 421 1959 pro
457 1915 707 1960 unoquoque
743 1902 948 1958 baptismo
982 1901 1107 1945 edicit
1139 1913 1228 1944 can.
1264 1902 1363 1951 756,
1388 1901 1439 1945 de
1472 1914 1575 1959 aqua
1613 1900 1844 1957 baptismali

216 1986 345 2031 eaque
389 1973 528 2017 utendi
577 1973 697 2016 modo
741 1977 837 2016 sunt
881 1984 1063 2016 canones
1103 1972 1203 2026 757,
1236 1973 1336 2027 758,
1384 1973 1435 2015 de
1483 1974 1706 2015 omissione
1753 1984 1844 2015 cae-

219 2046 494 2088 remoniarum
530 2044 664 2101 deque
700 2043 762 2086 bis
794 2043 1038 2100 supplendis
1081 2042 1148 2086 alii
1198 2043 1279 2086 duo
1321 2056 1499 2086 canones
1532 2043 1630 2097 759,
1665 2043 1749 2085 760
1783 2055 1844 2085 se-

217 2120 411 2172 quuntury
456 2120 578 2172 atque
624 2119 856 2171 postremus
899 2114 977 2156 761
1028 2119 1089 2157 est
1120 2113 1172 2156 de
1205 2116 1370 2157 nomine
1415 2113 1663 2169 imponendo
1704 2115 1739 2155 ei
1773 2114 1842 2169 qui

220 2185 457 2241 baptizatur.
1891 2183 1893 2185 ’

336 2256 403 2298 41.
439 2257 512 2302 De
534 2259 768 2314 baptismi
792 2258 1137 2303 sollemnitate.
1161 2280 1184 2286 -
1219 2254 1445 2312 Tamquam
1467 2254 1673 2310 generalis
1697 2266 1844 2296 norma

217 2330 449 2371 servandus
483 2342 573 2370 can.
610 2330 718 2371 755.
750 2327 778 2385 g
812 2328 849 2371 1.
885 2326 1128 2385 Baptismus
1169 2325 1432 2369 sollemniter
1464 2327 1570 2381 (can.
1606 2325 1706 2378 737,
1739 2324 1767 2382 ξ
1801 2323 1844 2380 ⁶2)

218 2398 477 2455 conseratur,
512 2400 630 2441 cuius
666 2397 832 2454 regulae
866 2399 1055 2454 exceptio
1089 2402 1166 2440 est:
1201 2395 1316 2438 salvo
1347 2395 1613 2453 praescripto
1638 2409 1730 2437 ean.
1751 2396 1844 2437 759

219 2470 321 2511 infra
356 2469 628 2525 explanando.

337 2539 376 2582 ln
412 2539 561 2583 Rituali
597 2539 782 2582 Romano
814 2538 890 2581 Tit.
927 2538 957 2581 ll
992 2542 1087 2581 sunt
1119 2537 1200 2579 duo
1232 2538 1367 2591 capita
1389 2538 1448 2578 sic
1473 2537 1697 2591 inscripta:
1727 2550 1748 2575 «
1769 2532 1842 2578 Ca-

219 2615 289 2665 put
325 2610 365 2652 ll.
400 2607 514 2654 Ordo
561 2609 750 2666 baptismi
796 2608 1064 2665 parvulorum
1090 2623 1130 2658 »‚
1180 2606 1353 2662 «Caput
1397 2604 1460 2648 tv.
1496 2603 1611 2650 Ordo
1652 2605 1841 2661 baptismi

217 2680 515 2723 adultorum».
551 2680 662 2723 Haec
701 2682 866 2736 respicit
898 2683 1097 2723 statutum
1130 2678 1158 2736 ἓ
1191 2678 1228 2720 ⁶2.
1263 2676 1363 2720 Loci
1400 2675 1659 2719 Ordinarius
1689 2680 1842 2733 potest.

218 2751 325 2806 quod
369 2753 399 2793 si
445 2764 521 2793 non
567 2752 886 2806 exprimeretur,
938 2762 1004 2792 «a
1038 2747 1301 2804 generalibus
1346 2747 1553 2790 Ecclesiae
1595 2746 1752 2803 legibus
1787 2744 1843 2786 illi

334 2906 344 2925 ¹
371 2904 429 2937 III
457 2905 499 2937 P.
529 2916 563 2948 q.
595 2905 737 2946 LXVI,
764 2910 837 2938 art.
869 2905 936 2947 103
965 2903 1038 2937 Sed
1066 2906 1217 2936 contra.
