<?xml version="1.0" encoding="UTF-8"?>
<!DOCTYPE html PUBLIC "-//W3C//DTD XHTML 1.0 Transitional//EN"
    "http://www.w3.org/TR/xhtml1/DTD/xhtml1-transitional.dtd">
<html xmlns="http://www.w3.org/1999/xhtml" xml:lang="en" lang="en">
 <head>
  <title>
</title>
<meta http-equiv="Content-Type" content="text/html;charset=utf-8" />
  <meta name='ocr-system' content='tesseract 3.04.00' />
  <meta name='ocr-capabilities' content='ocr_page ocr_carea ocr_par ocr_line ocrx_word'/>
</head>
<body>
  <div class='ocr_page' id='page_1' title='image "./p1commentariumte03blatuoft_0193.png"; bbox 0 0 1971 3261; ppageno 0'>
   <div class='ocr_carea' id='block_1_1' title="bbox 0 274 4 1151">
    <p class='ocr_par' dir='ltr' id='par_1_1' title="bbox 0 274 4 1151">
     <span class='ocr_line' id='line_1_1' title="bbox 0 274 4 1151; baseline 0 0"><span class='ocrx_word' id='word_1_1' title='bbox 0 274 4 1151; x_wconf 95' lang='lat' dir='ltr'> </span> 
     </span>
    </p>
   </div>
   <div class='ocr_carea' id='block_1_2' title="bbox 138 129 1768 172">
    <p class='ocr_par' dir='ltr' id='par_1_2' title="bbox 138 129 1768 172">
     <span class='ocr_line' id='line_1_2' title="bbox 138 129 1768 172; baseline 0.004 -6"><span class='ocrx_word' id='word_1_2' title='bbox 138 130 231 167; x_wconf 80' lang='lat' dir='ltr'>Can.</span> <span class='ocrx_word' id='word_1_3' title='bbox 257 129 412 166; x_wconf 81' lang='grc'><strong>846-847</strong></span> <span class='ocrx_word' id='word_1_4' title='bbox 527 131 612 165; x_wconf 68' lang='lat' dir='ltr'>Tm.</span> <span class='ocrx_word' id='word_1_5' title='bbox 640 131 712 165; x_wconf 90' lang='lat'>111.</span> <span class='ocrx_word' id='word_1_6' title='bbox 742 152 754 156; x_wconf 99' lang='lat'>-</span> <span class='ocrx_word' id='word_1_7' title='bbox 781 132 837 167; x_wconf 85' lang='lat' dir='ltr'>De</span> <span class='ocrx_word' id='word_1_8' title='bbox 862 135 1115 168; x_wconf 76' lang='lat' dir='ltr'>sanctissima</span> <span class='ocrx_word' id='word_1_9' title='bbox 1142 135 1395 169; x_wconf 67' lang='lat' dir='ltr'>Eucharistia</span> <span class='ocrx_word' id='word_1_10' title='bbox 1700 137 1768 172; x_wconf 83' lang='lat'>179</span> 
     </span>
    </p>
   </div>
   <div class='ocr_carea' id='block_1_3' title="bbox 547 193 1751 201">
    <p class='ocr_par' dir='ltr' id='par_1_3' title="bbox 547 193 1751 201">
     <span class='ocr_line' id='line_1_3' title="bbox 547 193 1751 201; baseline 0 0"><span class='ocrx_word' id='word_1_11' title='bbox 547 193 1751 201; x_wconf 95' lang='lat' dir='ltr'> </span> 
     </span>
    </p>
   </div>
   <div class='ocr_carea' id='block_1_4' title="bbox 134 249 1771 1717">
    <p class='ocr_par' dir='ltr' id='par_1_4' title="bbox 134 249 1771 1717">
     <span class='ocr_line' id='line_1_4' title="bbox 140 249 1767 301; baseline 0.004 -16"><span class='ocrx_word' id='word_1_12' title='bbox 140 254 362 296; x_wconf 86' lang='lat' dir='ltr'>praeceptum</span> <span class='ocrx_word' id='word_1_13' title='bbox 391 249 552 296; x_wconf 87' lang='lat' dir='ltr'>paschale</span> <span class='ocrx_word' id='word_1_14' title='bbox 576 249 842 296; x_wconf 88' lang='lat' dir='ltr'>adimplendum</span> <span class='ocrx_word' id='word_1_15' title='bbox 871 255 931 285; x_wconf 89' lang='lat' dir='ltr'>aut</span> <span class='ocrx_word' id='word_1_16' title='bbox 957 251 1150 287; x_wconf 85' lang='lat' dir='ltr'>devotionis</span> <span class='ocrx_word' id='word_1_17' title='bbox 1174 263 1291 289; x_wconf 88' lang='lat' dir='ltr'>causa.</span> <span class='ocrx_word' id='word_1_18' title='bbox 1322 253 1476 300; x_wconf 85' lang='lat' dir='ltr'>ldipsum</span> <span class='ocrx_word' id='word_1_19' title='bbox 1497 254 1619 301; x_wconf 79' lang='lat' dir='ltr'>liquet,</span> <span class='ocrx_word' id='word_1_20' title='bbox 1641 260 1713 291; x_wconf 93' lang='lat' dir='ltr'>tum</span> <span class='ocrx_word' id='word_1_21' title='bbox 1729 267 1767 291; x_wconf 89' lang='lat' dir='ltr'>ex</span> 
     </span>
     <span class='ocr_line' id='line_1_5' title="bbox 141 307 1767 355; baseline 0.002 -11"><span class='ocrx_word' id='word_1_22' title='bbox 141 308 281 344; x_wconf 86' lang='lat' dir='ltr'>Decreto</span> <span class='ocrx_word' id='word_1_23' title='bbox 311 307 421 343; x_wconf 84' lang='lat' dir='ltr'>«Post</span> <span class='ocrx_word' id='word_1_24' title='bbox 445 308 580 343; x_wconf 88' lang='lat' dir='ltr'>editum</span> <span class='ocrx_word' id='word_1_25' title='bbox 600 322 613 339; x_wconf 65' lang='grc' dir='ltr'>ι)</span> <span class='ocrx_word' id='word_1_26' title='bbox 644 307 680 344; x_wconf 89' lang='lat' dir='ltr'>S.</span> <span class='ocrx_word' id='word_1_27' title='bbox 699 307 736 344; x_wconf 91' lang='lat' dir='ltr'>C.</span> <span class='ocrx_word' id='word_1_28' title='bbox 752 308 790 344; x_wconf 90' lang='lat' dir='ltr'>C.</span> <span class='ocrx_word' id='word_1_29' title='bbox 822 309 913 344; x_wconf 82' lang='lat' dir='ltr'>intra</span> <span class='ocrx_word' id='word_1_30' title='bbox 940 310 1121 346; x_wconf 84' lang='lat' dir='ltr'>referendo</span> <span class='ocrx_word' id='word_1_31' title='bbox 1147 311 1182 346; x_wconf 92' lang='lat' dir='ltr'>in</span> <span class='ocrx_word' id='word_1_32' title='bbox 1202 323 1281 348; x_wconf 87' lang='lat' dir='ltr'>can.</span> <span class='ocrx_word' id='word_1_33' title='bbox 1300 310 1380 355; x_wconf 76' lang='lat'>858,</span> <span class='ocrx_word' id='word_1_34' title='bbox 1409 318 1483 348; x_wconf 89' lang='lat' dir='ltr'>tum</span> <span class='ocrx_word' id='word_1_35' title='bbox 1502 324 1542 349; x_wconf 88' lang='lat' dir='ltr'>ex</span> <span class='ocrx_word' id='word_1_36' title='bbox 1563 313 1629 349; x_wconf 87' lang='lat' dir='ltr'>Rit.</span> <span class='ocrx_word' id='word_1_37' title='bbox 1652 313 1767 350; x_wconf 79' lang='lat' dir='ltr'>Rom.¹</span> 
     </span>
     <span class='ocr_line' id='line_1_6' title="bbox 144 365 1771 418; baseline 0.006 -19"><span class='ocrx_word' id='word_1_38' title='bbox 144 365 337 402; x_wconf 81' lang='lat' dir='ltr'>«Hortetur</span> <span class='ocrx_word' id='word_1_39' title='bbox 365 366 538 402; x_wconf 87' lang='lat' dir='ltr'>Parocbus</span> <span class='ocrx_word' id='word_1_40' title='bbox 577 366 771 409; x_wconf 88' lang='lat' dir='ltr'>infirmum,</span> <span class='ocrx_word' id='word_1_41' title='bbox 799 373 835 403; x_wconf 90' lang='lat' dir='ltr'>ut</span> <span class='ocrx_word' id='word_1_42' title='bbox 861 379 996 404; x_wconf 87' lang='lat' dir='ltr'>sacram</span> <span class='ocrx_word' id='word_1_43' title='bbox 1031 371 1315 407; x_wconf 86' lang='lat' dir='ltr'>communionem</span> <span class='ocrx_word' id='word_1_44' title='bbox 1352 376 1480 413; x_wconf 85' lang='lat' dir='ltr'>sumat,</span> <span class='ocrx_word' id='word_1_45' title='bbox 1509 373 1614 408; x_wconf 90' lang='lat' dir='ltr'>etiam</span> <span class='ocrx_word' id='word_1_46' title='bbox 1642 373 1668 408; x_wconf 91' lang='lat' dir='ltr'>si</span> <span class='ocrx_word' id='word_1_47' title='bbox 1697 384 1771 418; x_wconf 88' lang='lat' dir='ltr'>gra—</span> 
     </span>
     <span class='ocr_line' id='line_1_7' title="bbox 139 427 1769 474; baseline 0.003 -12"><span class='ocrx_word' id='word_1_48' title='bbox 139 427 227 462; x_wconf 91' lang='lat' dir='ltr'>viter</span> <span class='ocrx_word' id='word_1_49' title='bbox 252 437 321 462; x_wconf 91' lang='lat' dir='ltr'>non</span> <span class='ocrx_word' id='word_1_50' title='bbox 348 430 512 470; x_wconf 77' lang='lat' dir='ltr'>aegrotet,</span> <span class='ocrx_word' id='word_1_51' title='bbox 538 431 597 461; x_wconf 88' lang='lat' dir='ltr'>aut</span> <span class='ocrx_word' id='word_1_52' title='bbox 624 427 745 462; x_wconf 88' lang='lat' dir='ltr'>mortis</span> <span class='ocrx_word' id='word_1_53' title='bbox 774 428 965 474; x_wconf 88' lang='lat' dir='ltr'>periculum</span> <span class='ocrx_word' id='word_1_54' title='bbox 996 440 1063 463; x_wconf 85' lang='lat' dir='ltr'>non</span> <span class='ocrx_word' id='word_1_55' title='bbox 1084 429 1281 473; x_wconf 87' lang='lat' dir='ltr'>immineat,</span> <span class='ocrx_word' id='word_1_56' title='bbox 1302 430 1452 467; x_wconf 85' lang='lat' dir='ltr'>maxime</span> <span class='ocrx_word' id='word_1_57' title='bbox 1470 431 1496 466; x_wconf 90' lang='lat' dir='ltr'>si</span> <span class='ocrx_word' id='word_1_58' title='bbox 1519 432 1593 467; x_wconf 86' lang='lat' dir='ltr'>festi</span> <span class='ocrx_word' id='word_1_59' title='bbox 1621 432 1769 469; x_wconf 86' lang='lat' dir='ltr'>alicuius</span> 
     </span>
     <span class='ocr_line' id='line_1_8' title="bbox 139 485 1767 532; baseline 0.002 -9"><span class='ocrx_word' id='word_1_60' title='bbox 139 485 319 523; x_wconf 80' lang='lat' dir='ltr'>celebritas</span> <span class='ocrx_word' id='word_1_61' title='bbox 346 485 378 520; x_wconf 92' lang='lat' dir='ltr'>id</span> <span class='ocrx_word' id='word_1_62' title='bbox 406 485 562 522; x_wconf 88' lang='lat' dir='ltr'>suadeat.</span> <span class='ocrx_word' id='word_1_63' title='bbox 592 496 705 531; x_wconf 87' lang='lat' dir='ltr'>neque</span> <span class='ocrx_word' id='word_1_64' title='bbox 733 486 914 532; x_wconf 89' lang='lat' dir='ltr'>ipseillam</span> <span class='ocrx_word' id='word_1_65' title='bbox 936 487 1135 524; x_wconf 86' lang='lat' dir='ltr'>ministrare</span> <span class='ocrx_word' id='word_1_66' title='bbox 1162 489 1383 525; x_wconf 87' lang='lat' dir='ltr'>recusabit».</span> <span class='ocrx_word' id='word_1_67' title='bbox 1415 489 1523 526; x_wconf 90' lang='lat' dir='ltr'>lmmo</span> <span class='ocrx_word' id='word_1_68' title='bbox 1539 491 1635 527; x_wconf 70' lang='lat' dir='ltr'>Alex.</span> <span class='ocrx_word' id='word_1_69' title='bbox 1657 491 1710 527; x_wconf 74' lang='lat' dir='ltr'>vn</span> <span class='ocrx_word' id='word_1_70' title='bbox 1730 491 1767 528; x_wconf 90' lang='lat' dir='ltr'>C.</span> 
     </span>
     <span class='ocr_line' id='line_1_9' title="bbox 143 544 1767 595; baseline 0.005 -17"><span class='ocrx_word' id='word_1_71' title='bbox 143 544 455 582; x_wconf 55' lang='grc' dir='ltr'>«δίκη-0511116111)2</span> <span class='ocrx_word' id='word_1_72' title='bbox 480 544 547 580; x_wconf 86' lang='lat' dir='ltr'>ait:</span> <span class='ocrx_word' id='word_1_73' title='bbox 590 545 769 590; x_wconf 83' lang='lat' dir='ltr'>«aegrotis</span> <span class='ocrx_word' id='word_1_74' title='bbox 798 546 897 581; x_wconf 91' lang='lat' dir='ltr'>morti</span> <span class='ocrx_word' id='word_1_75' title='bbox 940 547 1107 592; x_wconf 75' lang='lat' dir='ltr'>proximis</span> <span class='ocrx_word' id='word_1_76' title='bbox 1145 548 1397 595; x_wconf 88' lang='lat' dir='ltr'>cuiuscumque</span> <span class='ocrx_word' id='word_1_77' title='bbox 1435 550 1507 585; x_wconf 93' lang='lat' dir='ltr'>sint</span> <span class='ocrx_word' id='word_1_78' title='bbox 1541 551 1767 591; x_wconf 83' lang='lat' dir='ltr'>conditionis,</span> 
     </span>
     <span class='ocr_line' id='line_1_10' title="bbox 140 604 1766 652; baseline 0.002 -11"><span class='ocrx_word' id='word_1_79' title='bbox 140 605 298 652; x_wconf 85' lang='lat' dir='ltr'>quamvis</span> <span class='ocrx_word' id='word_1_80' title='bbox 325 604 360 639; x_wconf 92' lang='lat' dir='ltr'>in</span> <span class='ocrx_word' id='word_1_81' title='bbox 388 604 528 640; x_wconf 88' lang='lat' dir='ltr'>sordido</span> <span class='ocrx_word' id='word_1_82' title='bbox 554 616 592 640; x_wconf 87' lang='lat' dir='ltr'>ac</span> <span class='ocrx_word' id='word_1_83' title='bbox 621 604 678 639; x_wconf 84' lang='lat' dir='ltr'>vili</span> <span class='ocrx_word' id='word_1_84' title='bbox 699 606 828 650; x_wconf 84' lang='lat' dir='ltr'>degant</span> <span class='ocrx_word' id='word_1_85' title='bbox 847 605 919 641; x_wconf 88' lang='lat' dir='ltr'>loco</span> <span class='ocrx_word' id='word_1_86' title='bbox 937 611 996 641; x_wconf 90' lang='lat' dir='ltr'>aut</span> <span class='ocrx_word' id='word_1_87' title='bbox 1016 609 1165 651; x_wconf 75' lang='lat' dir='ltr'>tugurio,</span> <span class='ocrx_word' id='word_1_88' title='bbox 1187 620 1323 643; x_wconf 86' lang='lat' dir='ltr'>sacrum</span> <span class='ocrx_word' id='word_1_89' title='bbox 1350 608 1583 646; x_wconf 84' lang='lat' dir='ltr'>Eucharistiae</span> <span class='ocrx_word' id='word_1_90' title='bbox 1603 610 1766 646; x_wconf 84' lang='lat' dir='ltr'>viaticum</span> 
     </span>
     <span class='ocr_line' id='line_1_11' title="bbox 138 664 1768 715; baseline 0.003 -15"><span class='ocrx_word' id='word_1_91' title='bbox 138 664 324 705; x_wconf 79' lang='lat' dir='ltr'>deferatur,</span> <span class='ocrx_word' id='word_1_92' title='bbox 353 675 432 700; x_wconf 90' lang='lat' dir='ltr'>cum</span> <span class='ocrx_word' id='word_1_93' title='bbox 458 664 550 710; x_wconf 89' lang='lat' dir='ltr'>apud</span> <span class='ocrx_word' id='word_1_94' title='bbox 581 664 687 700; x_wconf 88' lang='lat' dir='ltr'>Deum</span> <span class='ocrx_word' id='word_1_95' title='bbox 727 665 824 700; x_wconf 90' lang='lat' dir='ltr'>nulla</span> <span class='ocrx_word' id='word_1_96' title='bbox 852 666 894 700; x_wconf 91' lang='lat' dir='ltr'>sit</span> <span class='ocrx_word' id='word_1_97' title='bbox 921 667 1075 712; x_wconf 79' lang='lat' dir='ltr'>acceptio</span> <span class='ocrx_word' id='word_1_98' title='bbox 1105 678 1330 713; x_wconf 84' lang='lat' dir='ltr'>personarum</span> <span class='ocrx_word' id='word_1_99' title='bbox 1359 680 1398 704; x_wconf 83' lang='lat' dir='ltr'>ac</span> <span class='ocrx_word' id='word_1_100' title='bbox 1426 680 1486 715; x_wconf 90' lang='lat' dir='ltr'>pro</span> <span class='ocrx_word' id='word_1_101' title='bbox 1514 674 1630 705; x_wconf 83' lang='lat' dir='ltr'>nostra</span> <span class='ocrx_word' id='word_1_102' title='bbox 1658 670 1768 705; x_wconf 86' lang='lat' dir='ltr'>salute</span> 
     </span>
     <span class='ocr_line' id='line_1_12' title="bbox 139 723 1767 771; baseline 0.002 -11"><span class='ocrx_word' id='word_1_103' title='bbox 139 734 201 760; x_wconf 90' lang='lat' dir='ltr'>nec</span> <span class='ocrx_word' id='word_1_104' title='bbox 227 723 403 759; x_wconf 84' lang='lat' dir='ltr'>stabulum</span> <span class='ocrx_word' id='word_1_105' title='bbox 431 735 494 759; x_wconf 89' lang='lat' dir='ltr'>nec</span> <span class='ocrx_word' id='word_1_106' title='bbox 521 725 633 759; x_wconf 86' lang='lat' dir='ltr'>crucis</span> <span class='ocrx_word' id='word_1_107' title='bbox 653 725 884 769; x_wconf 85' lang='lat' dir='ltr'>ignominiam</span> <span class='ocrx_word' id='word_1_108' title='bbox 900 725 1119 761; x_wconf 82' lang='lat' dir='ltr'>exhorruerit</span> <span class='ocrx_word' id='word_1_109' title='bbox 1140 741 1167 760; x_wconf 66' lang='grc' dir='ltr'>ι).</span> <span class='ocrx_word' id='word_1_110' title='bbox 1200 726 1330 763; x_wconf 83' lang='lat' dir='ltr'>Deinde</span> <span class='ocrx_word' id='word_1_111' title='bbox 1358 739 1393 762; x_wconf 94' lang='lat' dir='ltr'>n.</span> <span class='ocrx_word' id='word_1_112' title='bbox 1409 728 1428 762; x_wconf 87' lang='lat'>6</span> <span class='ocrx_word' id='word_1_113' title='bbox 1449 729 1616 764; x_wconf 88' lang='lat' dir='ltr'>statuitur</span> <span class='ocrx_word' id='word_1_114' title='bbox 1634 730 1767 771; x_wconf 88' lang='lat' dir='ltr'>modus;</span> 
     </span>
     <span class='ocr_line' id='line_1_13' title="bbox 137 782 1768 834; baseline 0.004 -17"><span class='ocrx_word' id='word_1_115' title='bbox 137 782 286 818; x_wconf 83' lang='lat' dir='ltr'>scilicet:</span> <span class='ocrx_word' id='word_1_116' title='bbox 319 797 332 815; x_wconf 73' lang='lat' dir='ltr'><em>u</em></span> <span class='ocrx_word' id='word_1_117' title='bbox 348 782 476 818; x_wconf 83' lang='lat' dir='ltr'>Deferri</span> <span class='ocrx_word' id='word_1_118' title='bbox 503 788 619 819; x_wconf 86' lang='lat' dir='ltr'>autem</span> <span class='ocrx_word' id='word_1_119' title='bbox 643 783 743 819; x_wconf 90' lang='lat' dir='ltr'>debet</span> <span class='ocrx_word' id='word_1_120' title='bbox 771 784 833 819; x_wconf 89' lang='lat' dir='ltr'>boc</span> <span class='ocrx_word' id='word_1_121' title='bbox 852 790 1012 819; x_wconf 87' lang='lat' dir='ltr'>sanctum</span> <span class='ocrx_word' id='word_1_122' title='bbox 1034 784 1300 821; x_wconf 83' lang='lat' dir='ltr'>Sacramentum</span> <span class='ocrx_word' id='word_1_123' title='bbox 1321 786 1366 821; x_wconf 89' lang='lat' dir='ltr'>ab</span> <span class='ocrx_word' id='word_1_124' title='bbox 1387 786 1537 822; x_wconf 82' lang='lat' dir='ltr'>Ecclesia</span> <span class='ocrx_word' id='word_1_125' title='bbox 1553 787 1595 822; x_wconf 89' lang='lat' dir='ltr'>ad</span> <span class='ocrx_word' id='word_1_126' title='bbox 1617 788 1768 834; x_wconf 84' lang='lat' dir='ltr'>privatas</span> 
     </span>
     <span class='ocr_line' id='line_1_14' title="bbox 135 842 1767 892; baseline 0.002 -14"><span class='ocrx_word' id='word_1_127' title='bbox 135 842 391 888; x_wconf 85' lang='lat' dir='ltr'>aegrotantium</span> <span class='ocrx_word' id='word_1_128' title='bbox 419 842 539 878; x_wconf 90' lang='lat' dir='ltr'>domos</span> <span class='ocrx_word' id='word_1_129' title='bbox 557 842 692 878; x_wconf 86' lang='lat' dir='ltr'>decenti</span> <span class='ocrx_word' id='word_1_130' title='bbox 714 843 849 883; x_wconf 86' lang='lat' dir='ltr'>babitu,</span> <span class='ocrx_word' id='word_1_131' title='bbox 871 844 1088 889; x_wconf 85' lang='lat' dir='ltr'>superposito</span> <span class='ocrx_word' id='word_1_132' title='bbox 1103 845 1235 880; x_wconf 90' lang='lat' dir='ltr'>mundo</span> <span class='ocrx_word' id='word_1_133' title='bbox 1255 846 1439 890; x_wconf 75' lang='lat' dir='ltr'>velamine,</span> <span class='ocrx_word' id='word_1_134' title='bbox 1463 847 1646 883; x_wconf 84' lang='lat' dir='ltr'>manifeste</span> <span class='ocrx_word' id='word_1_135' title='bbox 1664 851 1767 892; x_wconf 89' lang='lat' dir='ltr'>atque</span> 
     </span>
     <span class='ocr_line' id='line_1_15' title="bbox 138 902 1766 952; baseline 0.003 -15"><span class='ocrx_word' id='word_1_136' title='bbox 138 902 341 943; x_wconf 78' lang='lat' dir='ltr'>honorifice,</span> <span class='ocrx_word' id='word_1_137' title='bbox 369 907 451 938; x_wconf 89' lang='lat' dir='ltr'>ante</span> <span class='ocrx_word' id='word_1_138' title='bbox 478 907 597 948; x_wconf 87' lang='lat' dir='ltr'>pectus</span> <span class='ocrx_word' id='word_1_139' title='bbox 623 913 702 938; x_wconf 90' lang='lat' dir='ltr'>cum</span> <span class='ocrx_word' id='word_1_140' title='bbox 730 903 824 938; x_wconf 92' lang='lat' dir='ltr'>omni</span> <span class='ocrx_word' id='word_1_141' title='bbox 852 903 1049 939; x_wconf 88' lang='lat' dir='ltr'>reverentia</span> <span class='ocrx_word' id='word_1_142' title='bbox 1075 908 1107 939; x_wconf 90' lang='lat' dir='ltr'>et</span> <span class='ocrx_word' id='word_1_143' title='bbox 1132 904 1269 941; x_wconf 75' lang='lat' dir='ltr'>timore.</span> <span class='ocrx_word' id='word_1_144' title='bbox 1307 916 1443 951; x_wconf 86' lang='lat' dir='ltr'>semper</span> <span class='ocrx_word' id='word_1_145' title='bbox 1470 906 1602 942; x_wconf 90' lang='lat' dir='ltr'>lumine</span> <span class='ocrx_word' id='word_1_146' title='bbox 1630 917 1766 952; x_wconf 85' lang='lat' dir='ltr'>praece-</span> 
     </span>
     <span class='ocr_line' id='line_1_16' title="bbox 136 960 1767 1012; baseline 0.002 -15"><span class='ocrx_word' id='word_1_147' title='bbox 136 962 239 998; x_wconf 87' lang='lat' dir='ltr'>dente</span> <span class='ocrx_word' id='word_1_148' title='bbox 256 976 287 996; x_wconf 84' lang='lat'>».</span> <span class='ocrx_word' id='word_1_149' title='bbox 317 960 438 1006; x_wconf 90' lang='lat' dir='ltr'>Quoad</span> <span class='ocrx_word' id='word_1_150' title='bbox 467 962 549 998; x_wconf 86' lang='lat' dir='ltr'>baec</span> <span class='ocrx_word' id='word_1_151' title='bbox 575 967 709 1008; x_wconf 81' lang='lat' dir='ltr'>oportet</span> <span class='ocrx_word' id='word_1_152' title='bbox 735 962 822 998; x_wconf 89' lang='lat' dir='ltr'>scire</span> <span class='ocrx_word' id='word_1_153' title='bbox 849 967 1028 1008; x_wconf 83' lang='lat' dir='ltr'>tamquam</span> <span class='ocrx_word' id='word_1_154' title='bbox 1059 962 1333 999; x_wconf 88' lang='lat' dir='ltr'>Declarationem</span> <span class='ocrx_word' id='word_1_155' title='bbox 1354 975 1503 1010; x_wconf 84' lang='lat' dir='ltr'>sequens</span> <span class='ocrx_word' id='word_1_156' title='bbox 1524 964 1674 1000; x_wconf 80' lang='lat' dir='ltr'>Dubium</span> <span class='ocrx_word' id='word_1_157' title='bbox 1696 976 1767 1012; x_wconf 84' lang='lat' dir='ltr'>pro-</span> 
     </span>
     <span class='ocr_line' id='line_1_17' title="bbox 139 1019 1766 1070; baseline 0.002 -14"><span class='ocrx_word' id='word_1_158' title='bbox 139 1021 287 1068; x_wconf 87' lang='lat' dir='ltr'>positum</span> <span class='ocrx_word' id='word_1_159' title='bbox 315 1021 350 1057; x_wconf 85' lang='lat' dir='ltr'>S.</span> <span class='ocrx_word' id='word_1_160' title='bbox 374 1019 412 1057; x_wconf 88' lang='lat' dir='ltr'>C.</span> <span class='ocrx_word' id='word_1_161' title='bbox 433 1021 475 1057; x_wconf 89' lang='lat' dir='ltr'>de</span> <span class='ocrx_word' id='word_1_162' title='bbox 493 1021 681 1067; x_wconf 81' lang='lat' dir='ltr'>disciplina</span> <span class='ocrx_word' id='word_1_163' title='bbox 709 1020 893 1057; x_wconf 78' lang='lat' dir='ltr'>Sacramm.</span> <span class='ocrx_word' id='word_1_164' title='bbox 917 1023 930 1044; x_wconf 81' lang='lat'><strong>3</strong></span> <span class='ocrx_word' id='word_1_165' title='bbox 961 1036 974 1054; x_wconf 72' lang='grc' dir='ltr'>(ι</span> <span class='ocrx_word' id='word_1_166' title='bbox 992 1021 1046 1056; x_wconf 93' lang='lat' dir='ltr'>lll.</span> <span class='ocrx_word' id='word_1_167' title='bbox 1065 1024 1118 1057; x_wconf 77' lang='lat' dir='ltr'>An</span> <span class='ocrx_word' id='word_1_168' title='bbox 1146 1021 1324 1058; x_wconf 84' lang='lat' dir='ltr'>Ordinarii</span> <span class='ocrx_word' id='word_1_169' title='bbox 1348 1023 1544 1069; x_wconf 84' lang='lat' dir='ltr'>permittere</span> <span class='ocrx_word' id='word_1_170' title='bbox 1564 1025 1711 1070; x_wconf 84' lang='lat' dir='ltr'>possint,</span> <span class='ocrx_word' id='word_1_171' title='bbox 1730 1030 1766 1060; x_wconf 88' lang='lat' dir='ltr'>ut</span> 
     </span>
     <span class='ocr_line' id='line_1_18' title="bbox 137 1079 1767 1125; baseline 0.002 -11"><span class='ocrx_word' id='word_1_172' title='bbox 137 1079 228 1115; x_wconf 86' lang='lat' dir='ltr'>mala</span> <span class='ocrx_word' id='word_1_173' title='bbox 254 1079 387 1115; x_wconf 77' lang='lat' dir='ltr'>affectis</span> <span class='ocrx_word' id='word_1_174' title='bbox 414 1079 621 1119; x_wconf 80' lang='lat' dir='ltr'>valetudine,</span> <span class='ocrx_word' id='word_1_175' title='bbox 651 1079 708 1125; x_wconf 86' lang='lat' dir='ltr'>qui</span> <span class='ocrx_word' id='word_1_176' title='bbox 737 1079 840 1116; x_wconf 93' lang='lat' dir='ltr'>domo</span> <span class='ocrx_word' id='word_1_177' title='bbox 866 1079 979 1124; x_wconf 87' lang='lat' dir='ltr'>egredi</span> <span class='ocrx_word' id='word_1_178' title='bbox 1001 1086 1177 1125; x_wconf 84' lang='lat' dir='ltr'>nequeant</span> <span class='ocrx_word' id='word_1_179' title='bbox 1204 1086 1237 1115; x_wconf 85' lang='lat' dir='ltr'>et</span> <span class='ocrx_word' id='word_1_180' title='bbox 1265 1080 1300 1116; x_wconf 79' lang='lat' dir='ltr'>S.</span> <span class='ocrx_word' id='word_1_181' title='bbox 1331 1081 1623 1117; x_wconf 70' lang='lat' dir='ltr'>Communionem</span> <span class='ocrx_word' id='word_1_182' title='bbox 1652 1082 1695 1117; x_wconf 90' lang='lat' dir='ltr'>ob</span> <span class='ocrx_word' id='word_1_183' title='bbox 1713 1083 1767 1118; x_wconf 90' lang='lat' dir='ltr'>de-</span> 
     </span>
     <span class='ocr_line' id='line_1_19' title="bbox 137 1139 1767 1187; baseline 0.002 -15"><span class='ocrx_word' id='word_1_184' title='bbox 137 1139 310 1174; x_wconf 82' lang='lat' dir='ltr'>votionem</span> <span class='ocrx_word' id='word_1_185' title='bbox 340 1143 472 1185; x_wconf 73' lang='lat' dir='ltr'>petant,</span> <span class='ocrx_word' id='word_1_186' title='bbox 501 1150 579 1173; x_wconf 90' lang='lat' dir='ltr'>cum</span> <span class='ocrx_word' id='word_1_187' title='bbox 621 1139 822 1185; x_wconf 86' lang='lat' dir='ltr'>praesertim</span> <span class='ocrx_word' id='word_1_188' title='bbox 852 1139 886 1173; x_wconf 91' lang='lat' dir='ltr'>in</span> <span class='ocrx_word' id='word_1_189' title='bbox 915 1139 1032 1185; x_wconf 83' lang='lat' dir='ltr'>aliqua</span> <span class='ocrx_word' id='word_1_190' title='bbox 1074 1140 1231 1186; x_wconf 79' lang='lat' dir='ltr'>paroecia</span> <span class='ocrx_word' id='word_1_191' title='bbox 1260 1141 1374 1186; x_wconf 86' lang='lat' dir='ltr'>plures</span> <span class='ocrx_word' id='word_1_192' title='bbox 1403 1146 1534 1187; x_wconf 74' lang='lat' dir='ltr'>petant,</span> <span class='ocrx_word' id='word_1_193' title='bbox 1563 1142 1613 1176; x_wconf 70' lang='lat' dir='ltr'>vel</span> <span class='ocrx_word' id='word_1_194' title='bbox 1640 1141 1767 1187; x_wconf 88' lang='lat' dir='ltr'>aliquis</span> 
     </span>
     <span class='ocr_line' id='line_1_20' title="bbox 137 1197 1765 1246; baseline 0.001 -12"><span class='ocrx_word' id='word_1_195' title='bbox 137 1203 229 1244; x_wconf 85' lang='lat' dir='ltr'>petat</span> <span class='ocrx_word' id='word_1_196' title='bbox 258 1198 467 1244; x_wconf 63' lang='lat' dir='ltr'>frequenter,</span> <span class='ocrx_word' id='word_1_197' title='bbox 498 1197 533 1233; x_wconf 89' lang='lat' dir='ltr'>S.</span> <span class='ocrx_word' id='word_1_198' title='bbox 565 1197 780 1233; x_wconf 85' lang='lat' dir='ltr'>Eucharistia</span> <span class='ocrx_word' id='word_1_199' title='bbox 809 1199 984 1244; x_wconf 84' lang='lat' dir='ltr'>privatim.</span> <span class='ocrx_word' id='word_1_200' title='bbox 1016 1210 1075 1234; x_wconf 85' lang='lat' dir='ltr'>seu</span> <span class='ocrx_word' id='word_1_201' title='bbox 1104 1210 1172 1234; x_wconf 91' lang='lat' dir='ltr'>non</span> <span class='ocrx_word' id='word_1_202' title='bbox 1193 1199 1383 1235; x_wconf 71' lang='lat' dir='ltr'>observatis</span> <span class='ocrx_word' id='word_1_203' title='bbox 1404 1199 1549 1235; x_wconf 85' lang='lat' dir='ltr'>Ritualis</span> <span class='ocrx_word' id='word_1_204' title='bbox 1578 1201 1765 1246; x_wconf 86' lang='lat' dir='ltr'>praescrip-</span> 
     </span>
     <span class='ocr_line' id='line_1_21' title="bbox 137 1255 1763 1305; baseline 0.002 -14"><span class='ocrx_word' id='word_1_205' title='bbox 137 1256 303 1293; x_wconf 82' lang='lat' dir='ltr'>tionibus,</span> <span class='ocrx_word' id='word_1_206' title='bbox 333 1256 377 1291; x_wconf 89' lang='lat' dir='ltr'>ab</span> <span class='ocrx_word' id='word_1_207' title='bbox 406 1255 555 1292; x_wconf 85' lang='lat' dir='ltr'>Ecclesia</span> <span class='ocrx_word' id='word_1_208' title='bbox 593 1257 736 1292; x_wconf 90' lang='lat' dir='ltr'>domum</span> <span class='ocrx_word' id='word_1_209' title='bbox 776 1256 999 1293; x_wconf 81' lang='lat' dir='ltr'>deferatur».</span> <span class='ocrx_word' id='word_1_210' title='bbox 1036 1257 1073 1292; x_wconf 88' lang='lat' dir='ltr'>Et</span> <span class='ocrx_word' id='word_1_211' title='bbox 1101 1257 1225 1294; x_wconf 86' lang='lat' dir='ltr'>Emmi.</span> <span class='ocrx_word' id='word_1_212' title='bbox 1255 1257 1315 1292; x_wconf 87' lang='lat' dir='ltr'>PP.</span> <span class='ocrx_word' id='word_1_213' title='bbox 1344 1269 1381 1294; x_wconf 90' lang='lat' dir='ltr'>re</span> <span class='ocrx_word' id='word_1_214' title='bbox 1421 1263 1554 1294; x_wconf 89' lang='lat' dir='ltr'>mature</span> <span class='ocrx_word' id='word_1_215' title='bbox 1581 1270 1763 1305; x_wconf 87' lang='lat' dir='ltr'>perpensa,</span> 
     </span>
     <span class='ocr_line' id='line_1_22' title="bbox 135 1315 1763 1361; baseline 0.002 -12"><span class='ocrx_word' id='word_1_216' title='bbox 135 1320 438 1361; x_wconf 76' lang='lat' dir='ltr'>resposuerunt2...</span> <span class='ocrx_word' id='word_1_217' title='bbox 469 1315 520 1350; x_wconf 77' lang='lat' dir='ltr'>Ad</span> <span class='ocrx_word' id='word_1_218' title='bbox 549 1315 601 1350; x_wconf 83' lang='grc' dir='ltr'><strong>ΙΙΙ.</strong></span> <span class='ocrx_word' id='word_1_219' title='bbox 631 1316 844 1351; x_wconf 68' lang='lat' dir='ltr'>Affirmative</span> <span class='ocrx_word' id='word_1_220' title='bbox 870 1327 909 1351; x_wconf 79' lang='lat' dir='ltr'>ex</span> <span class='ocrx_word' id='word_1_221' title='bbox 938 1317 1029 1351; x_wconf 84' lang='lat' dir='ltr'>iusta</span> <span class='ocrx_word' id='word_1_222' title='bbox 1055 1322 1088 1352; x_wconf 89' lang='lat' dir='ltr'>et</span> <span class='ocrx_word' id='word_1_223' title='bbox 1114 1317 1314 1352; x_wconf 86' lang='lat' dir='ltr'>rationabili</span> <span class='ocrx_word' id='word_1_224' title='bbox 1342 1328 1456 1359; x_wconf 85' lang='lat' dir='ltr'>causa,</span> <span class='ocrx_word' id='word_1_225' title='bbox 1483 1322 1617 1353; x_wconf 74' lang='lat' dir='ltr'>servato</span> <span class='ocrx_word' id='word_1_226' title='bbox 1643 1318 1763 1353; x_wconf 88' lang='lat' dir='ltr'>saltem</span> 
     </span>
     <span class='ocr_line' id='line_1_23' title="bbox 136 1373 1765 1420; baseline 0.002 -12"><span class='ocrx_word' id='word_1_227' title='bbox 136 1375 204 1409; x_wconf 89' lang='lat' dir='ltr'>ritu</span> <span class='ocrx_word' id='word_1_228' title='bbox 233 1374 406 1420; x_wconf 88' lang='lat' dir='ltr'>proposito</span> <span class='ocrx_word' id='word_1_229' title='bbox 432 1385 451 1409; x_wconf 90' lang='lat' dir='ltr'>a</span> <span class='ocrx_word' id='word_1_230' title='bbox 480 1373 606 1410; x_wconf 88' lang='lat' dir='ltr'>Bened.</span> <span class='ocrx_word' id='word_1_231' title='bbox 636 1374 707 1409; x_wconf 63' lang='lat' dir='ltr'>xlx·</span> <span class='ocrx_word' id='word_1_232' title='bbox 738 1375 773 1409; x_wconf 91' lang='lat' dir='ltr'>in</span> <span class='ocrx_word' id='word_1_233' title='bbox 803 1375 895 1410; x_wconf 72' lang='lat' dir='ltr'>Det-⁰.</span> <span class='ocrx_word' id='word_1_234' title='bbox 931 1390 945 1406; x_wconf 74' lang='grc' dir='ltr'><em>α</em></span> <span class='ocrx_word' id='word_1_235' title='bbox 966 1375 1057 1411; x_wconf 88' lang='lat' dir='ltr'>lnter</span> <span class='ocrx_word' id='word_1_236' title='bbox 1082 1376 1291 1420; x_wconf 66' lang='lat' dir='ltr'>omnigenas</span> <span class='ocrx_word' id='word_1_237' title='bbox 1306 1392 1318 1408; x_wconf 84' lang='lat'>›&gt;</span> <span class='ocrx_word' id='word_1_238' title='bbox 1342 1379 1353 1398; x_wconf 79' lang='lat'>⁴</span> <span class='ocrx_word' id='word_1_239' title='bbox 1384 1377 1532 1412; x_wconf 88' lang='lat' dir='ltr'>scilicet:</span> <span class='ocrx_word' id='word_1_240' title='bbox 1563 1376 1765 1412; x_wconf 86' lang='lat' dir='ltr'>«Sacerdos</span> 
     </span>
     <span class='ocr_line' id='line_1_24' title="bbox 136 1433 1763 1483; baseline 0.001 -14"><span class='ocrx_word' id='word_1_241' title='bbox 136 1433 258 1469; x_wconf 89' lang='lat' dir='ltr'>stolam</span> <span class='ocrx_word' id='word_1_242' title='bbox 282 1443 419 1479; x_wconf 87' lang='lat' dir='ltr'>semper</span> <span class='ocrx_word' id='word_1_243' title='bbox 447 1433 572 1469; x_wconf 88' lang='lat' dir='ltr'>babeat</span> <span class='ocrx_word' id='word_1_244' title='bbox 589 1435 736 1480; x_wconf 87' lang='lat' dir='ltr'>propriis</span> <span class='ocrx_word' id='word_1_245' title='bbox 754 1439 950 1480; x_wconf 85' lang='lat' dir='ltr'>coopertam</span> <span class='ocrx_word' id='word_1_246' title='bbox 981 1435 1154 1476; x_wconf 79' lang='lat' dir='ltr'>vestibus3</span> <span class='ocrx_word' id='word_1_247' title='bbox 1182 1436 1216 1469; x_wconf 89' lang='lat' dir='ltr'>in</span> <span class='ocrx_word' id='word_1_248' title='bbox 1245 1436 1382 1472; x_wconf 83' lang='lat' dir='ltr'>saeculo</span> <span class='ocrx_word' id='word_1_249' title='bbox 1400 1447 1459 1471; x_wconf 87' lang='lat' dir='ltr'>seu</span> <span class='ocrx_word' id='word_1_250' title='bbox 1480 1436 1583 1471; x_wconf 86' lang='lat' dir='ltr'>bursa</span> <span class='ocrx_word' id='word_1_251' title='bbox 1604 1436 1763 1483; x_wconf 75' lang='lat' dir='ltr'>pyxidem</span> 
     </span>
     <span class='ocr_line' id='line_1_25' title="bbox 135 1492 1766 1541; baseline 0.001 -13"><span class='ocrx_word' id='word_1_252' title='bbox 135 1492 313 1529; x_wconf 81' lang='lat' dir='ltr'>recondat.</span> <span class='ocrx_word' id='word_1_253' title='bbox 343 1504 448 1538; x_wconf 88' lang='lat' dir='ltr'>quam</span> <span class='ocrx_word' id='word_1_254' title='bbox 471 1503 530 1538; x_wconf 90' lang='lat' dir='ltr'>per</span> <span class='ocrx_word' id='word_1_255' title='bbox 550 1493 722 1529; x_wconf 81' lang='lat' dir='ltr'>funiculos</span> <span class='ocrx_word' id='word_1_256' title='bbox 742 1494 829 1529; x_wconf 93' lang='lat' dir='ltr'>collo</span> <span class='ocrx_word' id='word_1_257' title='bbox 846 1505 1039 1540; x_wconf 85' lang='lat' dir='ltr'>appensam</span> <span class='ocrx_word' id='word_1_258' title='bbox 1060 1494 1096 1529; x_wconf 93' lang='lat' dir='ltr'>in</span> <span class='ocrx_word' id='word_1_259' title='bbox 1116 1496 1197 1530; x_wconf 91' lang='lat' dir='ltr'>sinu</span> <span class='ocrx_word' id='word_1_260' title='bbox 1217 1500 1383 1540; x_wconf 90' lang='lat' dir='ltr'>reponat;</span> <span class='ocrx_word' id='word_1_261' title='bbox 1410 1501 1442 1531; x_wconf 88' lang='lat' dir='ltr'>et</span> <span class='ocrx_word' id='word_1_262' title='bbox 1461 1507 1653 1541; x_wconf 87' lang='lat' dir='ltr'>numquam</span> <span class='ocrx_word' id='word_1_263' title='bbox 1674 1496 1766 1530; x_wconf 91' lang='lat' dir='ltr'>solus</span> 
     </span>
     <span class='ocr_line' id='line_1_26' title="bbox 136 1548 1762 1598; baseline 0.002 -12"><span class='ocrx_word' id='word_1_264' title='bbox 136 1548 311 1598; x_wconf 83' lang='lat' dir='ltr'>procedat,</span> <span class='ocrx_word' id='word_1_265' title='bbox 338 1552 397 1587; x_wconf 91' lang='lat' dir='ltr'>sed</span> <span class='ocrx_word' id='word_1_266' title='bbox 425 1563 495 1587; x_wconf 90' lang='lat' dir='ltr'>uno</span> <span class='ocrx_word' id='word_1_267' title='bbox 521 1552 644 1587; x_wconf 86' lang='lat' dir='ltr'>saltem</span> <span class='ocrx_word' id='word_1_268' title='bbox 673 1552 776 1593; x_wconf 87' lang='lat' dir='ltr'>fideli,</span> <span class='ocrx_word' id='word_1_269' title='bbox 805 1553 840 1587; x_wconf 91' lang='lat' dir='ltr'>in</span> <span class='ocrx_word' id='word_1_270' title='bbox 867 1553 1003 1589; x_wconf 80' lang='lat' dir='ltr'>defectu</span> <span class='ocrx_word' id='word_1_271' title='bbox 1029 1553 1158 1595; x_wconf 86' lang='lat' dir='ltr'>clerici,</span> <span class='ocrx_word' id='word_1_272' title='bbox 1176 1555 1366 1589; x_wconf 83' lang='lat' dir='ltr'>associetur</span> <span class='ocrx_word' id='word_1_273' title='bbox 1388 1570 1418 1589; x_wconf 66' lang='grc' dir='ltr'>υ.</span> <span class='ocrx_word' id='word_1_274' title='bbox 1441 1576 1483 1580; x_wconf 88' lang='grc'>-</span> <span class='ocrx_word' id='word_1_275' title='bbox 1505 1554 1579 1590; x_wconf 42' lang='lat' dir='ltr'>lloc.</span> <span class='ocrx_word' id='word_1_276' title='bbox 1606 1555 1662 1591; x_wconf 88' lang='lat' dir='ltr'>cit.</span> <span class='ocrx_word' id='word_1_277' title='bbox 1681 1555 1762 1590; x_wconf 73' lang='lat' dir='ltr'>Rite.</span> 
     </span>
     <span class='ocr_line' id='line_1_27' title="bbox 135 1609 1764 1658; baseline 0.001 -12"><span class='ocrx_word' id='word_1_278' title='bbox 135 1610 259 1646; x_wconf 74' lang='lat' dir='ltr'>nomm.</span> <span class='ocrx_word' id='word_1_279' title='bbox 285 1611 402 1646; x_wconf 90' lang='lat' dir='ltr'>addit:</span> <span class='ocrx_word' id='word_1_280' title='bbox 430 1609 461 1646; x_wconf 79' lang='lat'>5.</span> <span class='ocrx_word' id='word_1_281' title='bbox 494 1625 507 1643; x_wconf 77' lang='grc' dir='ltr'>α</span> <span class='ocrx_word' id='word_1_282' title='bbox 530 1610 595 1647; x_wconf 84' lang='lat' dir='ltr'>Sed</span> <span class='ocrx_word' id='word_1_283' title='bbox 622 1612 726 1648; x_wconf 85' lang='lat' dir='ltr'>alicui</span> <span class='ocrx_word' id='word_1_284' title='bbox 753 1613 796 1648; x_wconf 89' lang='lat' dir='ltr'>ad</span> <span class='ocrx_word' id='word_1_285' title='bbox 823 1613 1043 1648; x_wconf 89' lang='lat' dir='ltr'>adorandum</span> <span class='ocrx_word' id='word_1_286' title='bbox 1064 1613 1190 1658; x_wconf 85' lang='lat' dir='ltr'>sotum,</span> <span class='ocrx_word' id='word_1_287' title='bbox 1212 1625 1270 1649; x_wconf 85' lang='lat' dir='ltr'>seu</span> <span class='ocrx_word' id='word_1_288' title='bbox 1291 1614 1500 1657; x_wconf 72' lang='lat' dir='ltr'>devotionis,</span> <span class='ocrx_word' id='word_1_289' title='bbox 1526 1625 1584 1650; x_wconf 86' lang='lat' dir='ltr'>seu</span> <span class='ocrx_word' id='word_1_290' title='bbox 1612 1614 1764 1649; x_wconf 73' lang='lat' dir='ltr'>cuiusvis</span> 
     </span>
     <span class='ocr_line' id='line_1_28' title="bbox 134 1671 1093 1717; baseline 0.003 -11"><span class='ocrx_word' id='word_1_291' title='bbox 134 1671 181 1707; x_wconf 92' lang='lat' dir='ltr'>rei</span> <span class='ocrx_word' id='word_1_292' title='bbox 212 1676 390 1717; x_wconf 82' lang='lat' dir='ltr'>praetextu</span> <span class='ocrx_word' id='word_1_293' title='bbox 417 1672 459 1706; x_wconf 87' lang='lat' dir='ltr'>ad</span> <span class='ocrx_word' id='word_1_294' title='bbox 486 1672 742 1707; x_wconf 89' lang='lat' dir='ltr'>ostendendum</span> <span class='ocrx_word' id='word_1_295' title='bbox 772 1683 840 1707; x_wconf 90' lang='lat' dir='ltr'>non</span> <span class='ocrx_word' id='word_1_296' title='bbox 869 1673 1093 1709; x_wconf 75' lang='lat' dir='ltr'>deleratur».</span> 
     </span>
    </p>
   </div>
   <div class='ocr_carea' id='block_1_5' title="bbox 102 1779 1763 2760">
    <p class='ocr_par' dir='ltr' id='par_1_5' title="bbox 134 1779 1763 2263">
     <span class='ocr_line' id='line_1_29' title="bbox 254 1779 1763 1838; baseline 0.001 -15"><span class='ocrx_word' id='word_1_297' title='bbox 254 1779 327 1823; x_wconf 90' lang='lat' dir='ltr'>His</span> <span class='ocrx_word' id='word_1_298' title='bbox 359 1780 480 1824; x_wconf 85' lang='lat' dir='ltr'>dictis</span> <span class='ocrx_word' id='word_1_299' title='bbox 513 1783 703 1837; x_wconf 83' lang='lat' dir='ltr'>congruit</span> <span class='ocrx_word' id='word_1_300' title='bbox 740 1781 858 1837; x_wconf 86' lang='lat' dir='ltr'>plene</span> <span class='ocrx_word' id='word_1_301' title='bbox 901 1794 947 1825; x_wconf 85' lang='lat' dir='ltr'>ac</span> <span class='ocrx_word' id='word_1_302' title='bbox 992 1782 1108 1825; x_wconf 78' lang='lat' dir='ltr'>t&#39;acile</span> <span class='ocrx_word' id='word_1_303' title='bbox 1154 1781 1397 1838; x_wconf 81' lang='lat' dir='ltr'>intelligitur</span> <span class='ocrx_word' id='word_1_304' title='bbox 1434 1796 1523 1824; x_wconf 78' lang='lat' dir='ltr'>can.</span> <span class='ocrx_word' id='word_1_305' title='bbox 1559 1784 1664 1825; x_wconf 64' lang='lat'>847.</span> <span class='ocrx_word' id='word_1_306' title='bbox 1699 1781 1763 1824; x_wconf 69' lang='lat' dir='ltr'>Ad</span> 
     </span>
     <span class='ocr_line' id='line_1_30' title="bbox 136 1850 1756 1909; baseline 0.001 -17"><span class='ocrx_word' id='word_1_307' title='bbox 136 1850 323 1906; x_wconf 72' lang='lat' dir='ltr'>infirmos</span> <span class='ocrx_word' id='word_1_308' title='bbox 353 1850 518 1908; x_wconf 75' lang='lat' dir='ltr'>publice</span> <span class='ocrx_word' id='word_1_309' title='bbox 560 1865 684 1894; x_wconf 79' lang='lat' dir='ltr'>sacra</span> <span class='ocrx_word' id='word_1_310' title='bbox 729 1851 962 1894; x_wconf 62' lang='lat' dir='ltr'>commemo</span> <span class='ocrx_word' id='word_1_311' title='bbox 997 1850 1231 1909; x_wconf 74' lang='lat' dir='ltr'>deferatur,</span> <span class='ocrx_word' id='word_1_312' title='bbox 1266 1865 1435 1908; x_wconf 85' lang='lat' dir='ltr'>nempe:</span> <span class='ocrx_word' id='word_1_313' title='bbox 1486 1852 1534 1894; x_wconf 82' lang='lat' dir='ltr'>ad</span> <span class='ocrx_word' id='word_1_314' title='bbox 1572 1864 1756 1894; x_wconf 84' lang='lat' dir='ltr'>normam</span> 
     </span>
     <span class='ocr_line' id='line_1_31' title="bbox 134 1921 1758 1977; baseline -0.001 -13"><span class='ocrx_word' id='word_1_315' title='bbox 134 1923 299 1965; x_wconf 82' lang='lat' dir='ltr'>citatam</span> <span class='ocrx_word' id='word_1_316' title='bbox 334 1921 428 1966; x_wconf 73' lang='lat' dir='ltr'>Rw.</span> <span class='ocrx_word' id='word_1_317' title='bbox 463 1921 611 1977; x_wconf 60' lang='lat' dir='ltr'>Romi„</span> <span class='ocrx_word' id='word_1_318' title='bbox 662 1922 746 1965; x_wconf 76' lang='lat' dir='ltr'>nisi</span> <span class='ocrx_word' id='word_1_319' title='bbox 780 1922 891 1965; x_wconf 72' lang='lat' dir='ltr'>iusta</span> <span class='ocrx_word' id='word_1_320' title='bbox 940 1928 978 1965; x_wconf 83' lang='lat' dir='ltr'>e!</span> <span class='ocrx_word' id='word_1_321' title='bbox 1028 1921 1299 1965; x_wconf 76' lang='lat' dir='ltr'>rationabilis</span> <span class='ocrx_word' id='word_1_322' title='bbox 1333 1936 1473 1976; x_wconf 72' lang='lat' dir='ltr'>causa,</span> <span class='ocrx_word' id='word_1_323' title='bbox 1517 1922 1602 1965; x_wconf 81' lang='lat' dir='ltr'>sola</span> <span class='ocrx_word' id='word_1_324' title='bbox 1636 1924 1758 1965; x_wconf 83' lang='lat' dir='ltr'>etiam</span> 
     </span>
     <span class='ocr_line' id='line_1_32' title="bbox 135 1990 1760 2050; baseline 0 -15"><span class='ocrx_word' id='word_1_325' title='bbox 135 2005 212 2035; x_wconf 93' lang='lat' dir='ltr'>non</span> <span class='ocrx_word' id='word_1_326' title='bbox 249 1995 446 2050; x_wconf 79' lang='lat' dir='ltr'>requisito</span> <span class='ocrx_word' id='word_1_327' title='bbox 469 1990 683 2037; x_wconf 83' lang='lat' dir='ltr'>Ordinarii</span> <span class='ocrx_word' id='word_1_328' title='bbox 717 2007 934 2042; x_wconf 81' lang='lat' dir='ltr'>consensu,</span> <span class='ocrx_word' id='word_1_329' title='bbox 973 2007 1008 2037; x_wconf 68' lang='lat' dir='ltr'>v.</span> <span class='ocrx_word' id='word_1_330' title='bbox 1044 2007 1104 2049; x_wconf 76' lang='lat' dir='ltr'>gr.</span> <span class='ocrx_word' id='word_1_331' title='bbox 1140 1994 1396 2036; x_wconf 85' lang='lat' dir='ltr'>consuetudo</span> <span class='ocrx_word' id='word_1_332' title='bbox 1432 1995 1623 2049; x_wconf 78' lang='lat' dir='ltr'>regionis,</span> <span class='ocrx_word' id='word_1_333' title='bbox 1658 1997 1760 2035; x_wconf 90' lang='lat' dir='ltr'>tem-</span> 
     </span>
     <span class='ocr_line' id='line_1_33' title="bbox 135 2061 1759 2121; baseline -0.001 -15"><span class='ocrx_word' id='word_1_334' title='bbox 135 2077 233 2120; x_wconf 86' lang='lat' dir='ltr'>pore</span> <span class='ocrx_word' id='word_1_335' title='bbox 266 2066 557 2107; x_wconf 87' lang='lat' dir='ltr'>commotionis</span> <span class='ocrx_word' id='word_1_336' title='bbox 591 2065 813 2120; x_wconf 71' lang='lat' dir='ltr'>pomilaris=</span> <span class='ocrx_word' id='word_1_337' title='bbox 859 2070 927 2108; x_wconf 82' lang='lat' dir='ltr'>ant</span> <span class='ocrx_word' id='word_1_338' title='bbox 964 2067 1225 2121; x_wconf 76' lang='lat' dir='ltr'>permittente</span> <span class='ocrx_word' id='word_1_339' title='bbox 1268 2061 1509 2118; x_wconf 74' lang='lat' dir='ltr'>Ordinario,</span> <span class='ocrx_word' id='word_1_340' title='bbox 1550 2063 1615 2106; x_wconf 65' lang='lat' dir='ltr'>vel</span> <span class='ocrx_word' id='word_1_341' title='bbox 1651 2063 1759 2106; x_wconf 89' lang='lat' dir='ltr'>aliud</span> 
     </span>
     <span class='ocr_line' id='line_1_34' title="bbox 134 2134 1760 2191; baseline -0.001 -14"><span class='ocrx_word' id='word_1_342' title='bbox 134 2136 335 2178; x_wconf 75' lang='lat' dir='ltr'>motivum</span> <span class='ocrx_word' id='word_1_343' title='bbox 374 2137 728 2191; x_wconf 86' lang='lat' dir='ltr'>proportionatum</span> <span class='ocrx_word' id='word_1_344' title='bbox 754 2141 791 2179; x_wconf 88' lang='lat' dir='ltr'>ct</span> <span class='ocrx_word' id='word_1_345' title='bbox 815 2136 1043 2179; x_wconf 86' lang='lat' dir='ltr'>secundum</span> <span class='ocrx_word' id='word_1_346' title='bbox 1081 2138 1278 2178; x_wconf 84' lang='lat' dir='ltr'>rationein</span> <span class='ocrx_word' id='word_1_347' title='bbox 1316 2134 1436 2178; x_wconf 76' lang='lat' dir='ltr'>aliud</span> <span class='ocrx_word' id='word_1_348' title='bbox 1468 2134 1660 2188; x_wconf 71' lang='lat' dir='ltr'>suadeat,</span> <span class='ocrx_word' id='word_1_349' title='bbox 1683 2137 1760 2177; x_wconf 90' lang='lat' dir='ltr'>sci·</span> 
     </span>
     <span class='ocr_line' id='line_1_35' title="bbox 134 2206 1070 2263; baseline 0.001 -15"><span class='ocrx_word' id='word_1_350' title='bbox 134 2206 250 2250; x_wconf 84' lang='lat' dir='ltr'>licet:</span> <span class='ocrx_word' id='word_1_351' title='bbox 285 2207 335 2250; x_wconf 83' lang='lat' dir='ltr'>ad</span> <span class='ocrx_word' id='word_1_352' title='bbox 372 2206 462 2250; x_wconf 86' lang='lat' dir='ltr'>illos</span> <span class='ocrx_word' id='word_1_353' title='bbox 496 2208 629 2263; x_wconf 83' lang='lat' dir='ltr'>ipsam</span> <span class='ocrx_word' id='word_1_354' title='bbox 664 2209 857 2263; x_wconf 82' lang='lat' dir='ltr'>privatim</span> <span class='ocrx_word' id='word_1_355' title='bbox 894 2207 1070 2250; x_wconf 82' lang='lat' dir='ltr'>deterre.</span> 
     </span>
    </p>

    <p class='ocr_par' dir='ltr' id='par_1_6' title="bbox 102 2278 1760 2760">
     <span class='ocr_line' id='line_1_36' title="bbox 256 2278 1756 2335; baseline 0 -15"><span class='ocrx_word' id='word_1_356' title='bbox 256 2278 348 2320; x_wconf 78' lang='lat'>165.</span> <span class='ocrx_word' id='word_1_357' title='bbox 384 2279 458 2323; x_wconf 85' lang='lat' dir='ltr'>Ad</span> <span class='ocrx_word' id='word_1_358' title='bbox 482 2292 607 2335; x_wconf 89' lang='lat' dir='ltr'>quos</span> <span class='ocrx_word' id='word_1_359' title='bbox 631 2280 877 2335; x_wconf 86' lang='lat' dir='ltr'>pertineat</span> <span class='ocrx_word' id='word_1_360' title='bbox 900 2280 1094 2335; x_wconf 84' lang='lat' dir='ltr'>publice</span> <span class='ocrx_word' id='word_1_361' title='bbox 1117 2278 1324 2323; x_wconf 80' lang='lat' dir='ltr'>infirmis</span> <span class='ocrx_word' id='word_1_362' title='bbox 1346 2278 1542 2322; x_wconf 83' lang='lat' dir='ltr'>deferre</span> <span class='ocrx_word' id='word_1_363' title='bbox 1565 2290 1756 2322; x_wconf 85' lang='lat' dir='ltr'>sacram</span> 
     </span>
     <span class='ocr_line' id='line_1_37' title="bbox 102 2348 1757 2404; baseline -0.004 -9"><span class='ocrx_word' id='word_1_364' title='bbox 102 2351 537 2399; x_wconf 57' lang='lat' dir='ltr'>.communionem.</span> <span class='ocrx_word' id='word_1_365' title='bbox 569 2374 626 2380; x_wconf 90' lang='lat'>—-</span> <span class='ocrx_word' id='word_1_366' title='bbox 658 2348 716 2392; x_wconf 91' lang='lat' dir='ltr'>De</span> <span class='ocrx_word' id='word_1_367' title='bbox 752 2349 872 2391; x_wconf 81' lang='lat' dir='ltr'>modo</span> <span class='ocrx_word' id='word_1_368' title='bbox 914 2348 1076 2404; x_wconf 84' lang='lat' dir='ltr'>publice</span> <span class='ocrx_word' id='word_1_369' title='bbox 1120 2348 1334 2391; x_wconf 74' lang='lat' dir='ltr'>deserendi</span> <span class='ocrx_word' id='word_1_370' title='bbox 1377 2360 1536 2391; x_wconf 82' lang='lat' dir='ltr'>sacram</span> <span class='ocrx_word' id='word_1_371' title='bbox 1573 2360 1757 2390; x_wconf 83' lang='lat' dir='ltr'>commu—</span> 
     </span>
     <span class='ocr_line' id='line_1_38' title="bbox 133 2417 1760 2477; baseline -0.003 -15"><span class='ocrx_word' id='word_1_372' title='bbox 133 2422 298 2463; x_wconf 87' lang='lat' dir='ltr'>nionem</span> <span class='ocrx_word' id='word_1_373' title='bbox 332 2420 516 2463; x_wconf 85' lang='lat' dir='ltr'>decernit</span> <span class='ocrx_word' id='word_1_374' title='bbox 551 2434 642 2462; x_wconf 78' lang='lat' dir='ltr'>can.</span> <span class='ocrx_word' id='word_1_375' title='bbox 676 2422 784 2464; x_wconf 65' lang='grc'>848.</span> <span class='ocrx_word' id='word_1_376' title='bbox 828 2420 855 2477; x_wconf 62' lang='grc' dir='ltr'>ξ</span> <span class='ocrx_word' id='word_1_377' title='bbox 892 2421 924 2463; x_wconf 91' lang='lat' dir='ltr'>l.</span> <span class='ocrx_word' id='word_1_378' title='bbox 964 2419 1031 2463; x_wconf 75' lang='lat' dir='ltr'>lus</span> <span class='ocrx_word' id='word_1_379' title='bbox 1069 2432 1165 2475; x_wconf 83' lang='lat' dir='ltr'>prae</span> <span class='ocrx_word' id='word_1_380' title='bbox 1208 2418 1494 2462; x_wconf 80' lang='lat' dir='ltr'>sacerdotibus</span> <span class='ocrx_word' id='word_1_381' title='bbox 1526 2418 1576 2460; x_wconf 87' lang='lat' dir='ltr'>(le</span> <span class='ocrx_word' id='word_1_382' title='bbox 1610 2417 1760 2472; x_wconf 73' lang='lat' dir='ltr'>quibus</span> 
     </span>
     <span class='ocr_line' id='line_1_39' title="bbox 134 2490 1758 2548; baseline -0.002 -15"><span class='ocrx_word' id='word_1_383' title='bbox 134 2493 171 2533; x_wconf 90' lang='lat' dir='ltr'>in</span> <span class='ocrx_word' id='word_1_384' title='bbox 204 2490 251 2548; x_wconf 69' lang='lat'>§0</span> <span class='ocrx_word' id='word_1_385' title='bbox 287 2490 344 2543; x_wconf 69' lang='lat'>20,</span> <span class='ocrx_word' id='word_1_386' title='bbox 378 2496 417 2533; x_wconf 81' lang='lat' dir='ltr'>e!</span> <span class='ocrx_word' id='word_1_387' title='bbox 452 2490 642 2548; x_wconf 75' lang='lat' dir='ltr'>officinm,</span> <span class='ocrx_word' id='word_1_388' title='bbox 677 2505 748 2534; x_wconf 85' lang='lat' dir='ltr'>seu</span> <span class='ocrx_word' id='word_1_389' title='bbox 783 2491 980 2547; x_wconf 76' lang='lat' dir='ltr'>obligatio</span> <span class='ocrx_word' id='word_1_390' title='bbox 1015 2502 1112 2546; x_wconf 78' lang='lat' dir='ltr'>erga</span> <span class='ocrx_word' id='word_1_391' title='bbox 1149 2491 1348 2544; x_wconf 74' lang='lat' dir='ltr'>infirmos,</span> <span class='ocrx_word' id='word_1_392' title='bbox 1382 2502 1545 2530; x_wconf 66' lang='lat' dir='ltr'>sacram</span> <span class='ocrx_word' id='word_1_393' title='bbox 1582 2501 1758 2530; x_wconf 65' lang='lat' dir='ltr'>sortimu-</span> 
     </span>
     <span class='ocr_line' id='line_1_40' title="bbox 132 2561 1757 2619; baseline -0.002 -16"><span class='ocrx_word' id='word_1_394' title='bbox 132 2561 297 2604; x_wconf 77' lang='lat' dir='ltr'>m&#39;onem</span> <span class='ocrx_word' id='word_1_395' title='bbox 332 2561 473 2619; x_wconf 81' lang='lat' dir='ltr'>(causa</span> <span class='ocrx_word' id='word_1_396' title='bbox 510 2563 769 2605; x_wconf 81' lang='lat' dir='ltr'>ministrandi</span> <span class='ocrx_word' id='word_1_397' title='bbox 805 2575 913 2605; x_wconf 48' lang='lat' dir='ltr'>eam*</span> <span class='ocrx_word' id='word_1_398' title='bbox 944 2561 1124 2619; x_wconf 73' lang='lat' dir='ltr'>publice,</span> <span class='ocrx_word' id='word_1_399' title='bbox 1162 2566 1202 2604; x_wconf 85' lang='lat' dir='ltr'>ut</span> <span class='ocrx_word' id='word_1_400' title='bbox 1237 2561 1486 2617; x_wconf 78' lang='lat' dir='ltr'>explicatum</span> <span class='ocrx_word' id='word_1_401' title='bbox 1513 2566 1570 2602; x_wconf 76' lang='lat' dir='ltr'>est</span> <span class='ocrx_word' id='word_1_402' title='bbox 1598 2562 1633 2600; x_wconf 93' lang='lat' dir='ltr'>in</span> <span class='ocrx_word' id='word_1_403' title='bbox 1669 2571 1757 2601; x_wconf 83' lang='lat' dir='ltr'>can.</span> 
     </span>
     <span class='ocr_line' id='line_1_41' title="bbox 134 2630 1758 2690; baseline -0.002 -16"><span class='ocrx_word' id='word_1_404' title='bbox 134 2644 285 2688; x_wconf 57' lang='lat' dir='ltr'>praec„</span> <span class='ocrx_word' id='word_1_405' title='bbox 319 2632 376 2675; x_wconf 80' lang='lat' dir='ltr'>ml</span> <span class='ocrx_word' id='word_1_406' title='bbox 406 2632 594 2689; x_wconf 71' lang='lat' dir='ltr'>infirmos</span> <span class='ocrx_word' id='word_1_407' title='bbox 626 2633 750 2675; x_wconf 78' lang='lat' dir='ltr'>eliam</span> <span class='ocrx_word' id='word_1_408' title='bbox 788 2647 866 2675; x_wconf 75' lang='lat' dir='ltr'>non</span> <span class='ocrx_word' id='word_1_409' title='bbox 888 2632 1180 2690; x_wconf 72' lang='lat' dir='ltr'>paroecianos,</span> <span class='ocrx_word' id='word_1_410' title='bbox 1215 2634 1309 2689; x_wconf 74' lang='lat' dir='ltr'>quia</span> <span class='ocrx_word' id='word_1_411' title='bbox 1336 2645 1413 2675; x_wconf 88' lang='lat' dir='ltr'>non</span> <span class='ocrx_word' id='word_1_412' title='bbox 1438 2630 1758 2686; x_wconf 72' lang='lat' dir='ltr'>comprehensos</span> 
     </span>
     <span class='ocr_line' id='line_1_42' title="bbox 134 2702 1755 2760; baseline -0.002 -15"><span class='ocrx_word' id='word_1_413' title='bbox 134 2705 171 2745; x_wconf 94' lang='lat' dir='ltr'>in</span> <span class='ocrx_word' id='word_1_414' title='bbox 206 2715 295 2746; x_wconf 81' lang='lat' dir='ltr'>can.</span> <span class='ocrx_word' id='word_1_415' title='bbox 332 2703 383 2746; x_wconf 74' lang='lat'>94</span> <span class='ocrx_word' id='word_1_416' title='bbox 421 2709 609 2760; x_wconf 85' lang='lat' dir='ltr'>respectu</span> <span class='ocrx_word' id='word_1_417' title='bbox 644 2706 852 2759; x_wconf 62' lang='lat' dir='ltr'>suiipsius,</span> <span class='ocrx_word' id='word_1_418' title='bbox 877 2702 1176 2746; x_wconf 83' lang='lat' dir='ltr'>decumbentes</span> <span class='ocrx_word' id='word_1_419' title='bbox 1213 2702 1273 2745; x_wconf 67' lang='lat' dir='ltr'>rel</span> <span class='ocrx_word' id='word_1_420' title='bbox 1311 2702 1529 2758; x_wconf 84' lang='lat' dir='ltr'>impeditos</span> <span class='ocrx_word' id='word_1_421' title='bbox 1552 2706 1672 2743; x_wconf 66' lang='lat' dir='ltr'>estro</span> <span class='ocrx_word' id='word_1_422' title='bbox 1697 2714 1755 2742; x_wconf 75' lang='lat' dir='ltr'>ec-</span> 
     </span>
    </p>
   </div>
   <div class='ocr_carea' id='block_1_6' title="bbox 131 2843 1752 2937">
    <p class='ocr_par' dir='ltr' id='par_1_7' title="bbox 131 2843 1752 2937">
     <span class='ocr_line' id='line_1_43' title="bbox 250 2843 1752 2886; baseline -0.003 -7"><span class='ocrx_word' id='word_1_423' title='bbox 250 2846 260 2867; x_wconf 78' lang='lat'>1</span> <span class='ocrx_word' id='word_1_424' title='bbox 292 2845 371 2879; x_wconf 71' lang='lat' dir='ltr'>Tit.</span> <span class='ocrx_word' id='word_1_425' title='bbox 412 2845 480 2886; x_wconf 87' lang='lat' dir='ltr'>IV,</span> <span class='ocrx_word' id='word_1_426' title='bbox 510 2845 550 2879; x_wconf 86' lang='lat' dir='ltr'>C.</span> <span class='ocrx_word' id='word_1_427' title='bbox 580 2845 646 2879; x_wconf 63' lang='lat' dir='ltr'>IV.</span> <span class='ocrx_word' id='word_1_428' title='bbox 677 2857 714 2878; x_wconf 86' lang='lat' dir='ltr'>n.</span> <span class='ocrx_word' id='word_1_429' title='bbox 745 2846 765 2877; x_wconf 75' lang='lat'>2</span> <span class='ocrx_word' id='word_1_430' title='bbox 807 2865 847 2869; x_wconf 94' lang='lat'>——</span> <span class='ocrx_word' id='word_1_431' title='bbox 876 2845 888 2866; x_wconf 69' lang='lat'><em>²</em></span> <span class='ocrx_word' id='word_1_432' title='bbox 917 2846 959 2878; x_wconf 75' lang='lat'>18</span> <span class='ocrx_word' id='word_1_433' title='bbox 986 2844 1066 2878; x_wconf 75' lang='lat' dir='ltr'>[an.</span> <span class='ocrx_word' id='word_1_434' title='bbox 1097 2844 1198 2878; x_wconf 18' lang='lat'>1658*</span> <span class='ocrx_word' id='word_1_435' title='bbox 1244 2864 1283 2869; x_wconf 90' lang='lat'>—-</span> <span class='ocrx_word' id='word_1_436' title='bbox 1325 2846 1338 2865; x_wconf 68' lang='grc'>3</span> <span class='ocrx_word' id='word_1_437' title='bbox 1373 2845 1418 2876; x_wconf 70' lang='lat'>2⁴&gt;</span> <span class='ocrx_word' id='word_1_438' title='bbox 1461 2844 1550 2877; x_wconf 85' lang='lat' dir='ltr'>Dec.</span> <span class='ocrx_word' id='word_1_439' title='bbox 1596 2843 1685 2877; x_wconf 74' lang='lat'>1912</span> <span class='ocrx_word' id='word_1_440' title='bbox 1713 2843 1752 2876; x_wconf 87' lang='lat' dir='ltr'>in</span> 
     </span>
     <span class='ocr_line' id='line_1_44' title="bbox 131 2891 1599 2937; baseline -0.001 -11"><span class='ocrx_word' id='word_1_441' title='bbox 131 2891 206 2926; x_wconf 91' lang='lat' dir='ltr'>CO.</span> <span class='ocrx_word' id='word_1_442' title='bbox 234 2892 295 2932; x_wconf 84' lang='lat' dir='ltr'>1V,</span> <span class='ocrx_word' id='word_1_443' title='bbox 324 2893 404 2927; x_wconf 77' lang='lat'>725.</span> <span class='ocrx_word' id='word_1_444' title='bbox 432 2913 475 2917; x_wconf 87' lang='lat'>——</span> <span class='ocrx_word' id='word_1_445' title='bbox 502 2894 515 2914; x_wconf 75' lang='lat'>⁴</span> <span class='ocrx_word' id='word_1_446' title='bbox 534 2892 625 2926; x_wconf 84' lang='lat' dir='ltr'>Feb.</span> <span class='ocrx_word' id='word_1_447' title='bbox 650 2893 755 2932; x_wconf 78' lang='lat'>1744,</span> <span class='ocrx_word' id='word_1_448' title='bbox 784 2895 802 2937; x_wconf 58' lang='grc' dir='ltr'>ς’</span> <span class='ocrx_word' id='word_1_449' title='bbox 828 2892 884 2926; x_wconf 70' lang='grc'>9-3.</span> <span class='ocrx_word' id='word_1_450' title='bbox 1597 2912 1599 2915; x_wconf 49' lang='grc'><strong>&lt;</strong></span> 
     </span>
    </p>
   </div>
  </div>
 </body>
</html>
