1971 3261
134 135 204 167 224
538 134 623 167 [AB.
652 133 723 169 III.
749 153 760 159 ·
789 133 899 168 PARS
925 134 954 168 J..
981 133 1085 179 -‚Det
1102 134 1368 171 Saeramentz's
1454 135 1456 138 ’
1489 136 1584 172 Can.
1610 136 1766 173 876-877

135 254 326 297 fessarios
359 251 583 298 Ordinario
633 257 881 309 praesentat,
915 255 1033 296 cuius
1066 258 1127 297 est
1159 254 1325 298 eosdem
1362 268 1435 311 pro
1468 255 1688 299 audiendis
1722 256 1767 299 il-

137 323 267 367 larum
304 324 545 367 monialium
580 323 909 367 confessionibus
941 323 1239 380 approbare»,
1273 329 1313 369 et
1355 328 1394 368 vi
1427 329 1698 370 commentati
1729 326 1769 384 ξι

137 395 461 438 iurisdictionem
498 396 775 438 necessariam
809 395 1012 447 conferre,
1053 410 1074 436 ((
1097 400 1135 438 et
1153 396 1389 452 Superioris
1423 396 1766 453 negligentiam»

136 467 175 507 in
210 465 525 522 praesentando,
567 480 585 506 ε(
610 467 643 508 si
667 478 770 521 opus
792 467 857 516 sit,
891 465 1085 522 supplere
1108 481 1149 510 )).
1187 465 1294 510 Hinc
1313 467 1538 510 'evidenter
1561 467 1772 524 colligitur

135 533 380 580 Ordinarios
415 536 627 592 regulares
660 536 796 594 quoad
824 536 1022 580 moniales
1055 539 1154 593 ipsis
1185 536 1394 581 subiectas
1420 543 1609 595 respectu
1632 551 1769 582 sacra-

138 609 261 650 menti
298 610 574 663 poenitentiae
607 610 669 650 ius
701 607 836 651 solum
863 608 1151 664 praesentandi
1185 610 1459 652 confessarios
1495 612 1686 665 retinere,
1712 623 1771 653 re-

136 678 228 721 licta
264 677 340 721 sub
372 677 564 734 Episcopi
600 677 832 722 rationabili
869 679 1022 722 iudicio
1055 681 1301 723 auctoritate
1349 681 1622 724 confessarios
1656 683 1767 724 insti-

135 750 275 792 tuendi
310 749 359 793 ad
410 762 597 793 normam
648 749 770 793 liuius
803 751 972 793 canonis
1020 762 1068 793 ac
1115 753 1326 808 sequentis
1369 756 1409 794 et
1451 752 1673 795 amovendi
1717 752 1767 796 ad

136 833 322 863 norman]
358 832 447 865 can.
484 820 580 864 527.

228 912 308 948 200.
342 916 399 949 De
427 916 681 949 idoneitatis
708 917 922 949 examine.
950 935 995 939 ——
1021 904 1128 950 Cone.
1158 913 1253 949 Trid.
1276 916 1287 936 1
1314 914 1444 950 edixit:
1472 928 1486 947 «
1503 913 1674 958 Quamvis
1688 927 1764 962 pre-

135 973 264 1020 sbyteri
293 973 328 1008 in
357 984 418 1008 sua
445 973 667 1009 ordinatione
692 984 713 1009 a
739 974 890 1020 peccatis
915 973 1120 1009 absolvendi
1149 978 1355 1020 potestatem
1383 974 1585 1020 accipiant;
1616 975 1773 1011 decernit

134 1037 252 1068 tamen
280 1031 315 1066 S
346 1031 517 1078 Synodus,
546 1031 683 1067 nullum
722 1032 827 1068 etiam
867 1032 1075 1077 regularem,
1118 1043 1217 1078 posse
1252 1032 1490 1068 confessiones
1524 1033 1770 1076 saecularium,

135 1091 242 1126 etiam
269 1091 504 1133 sacerdotum,
536 1091 670 1132 audire,
699 1102 763 1127 nec
789 1091 833 1126 ad
860 1091 894 1126 id
922 1091 1086 1126 idoneum
1115 1092 1290 1137 reputari;
1320 1091 1387 1126 nisi
1415 1096 1475 1127 aut
1503 1092 1699 1138 parochiale
1716 1092 1773 1128 be-

136 1149 315 1191 neficium,
345 1154 404 1185 aut
429 1150 473 1185 ab
500 1150 670 1196 episcopis
698 1162 758 1197 per
783 1161 945 1192 examen,
972 1150 999 1185 si
1028 1150 1097 1184 illis
1126 1150 1299 1186 videbitur
1325 1162 1399 1186 esse
1433 1151 1684 1192 necessarium,
1712 1158 1773 1187 aut

135 1209 222 1244 alias
248 1209 394 1246 idoneus
421 1210 608 1250 iudicetur,
636 1214 667 1245 et
694 1209 997 1256 approbationem,
1025 1220 1113 1256 quae
1147 1210 1256 1254 gratis
1283 1210 1393 1252 detur,
1433 1210 1608 1246 obtineat:
1639 1211 1773 1257 privile-

134 1268 202 1314 giis
227 1273 259 1304 et
285 1269 539 1304 consuetudine
566 1279 800 1315 quacumque.
830 1269 933 1304 etiam
963 1268 1248 1314 immemorabili,
1279 1280 1347 1304 non
1377 1269 1646 1305 obstantibus».
1680 1269 1773 1306 Haec

135 1328 341 1374 approbatio
367 1328 410 1363 ad
437 1328 651 1363 validitatem
689 1328 951 1363 absolutionum
980 1328 1188 1370 necessaria,
1215 1332 1248 1364 et
1278 1339 1367 1374 quae
1406 1333 1453 1364 tot
1478 1329 1772 1365 declarationibus

137 1385 199 1423 SS.
225 1385 543 1432 Congregationum
570 1391 601 1422 et
629 1385 855 1422 Summornm
885 1386 1092 1422 Pontificum
1121 1386 1185 1422 fuit
1213 1387 1398 1428 elucidata,
1417 1387 1451 1421 in
1470 1386 1594 1423 Codice
1620 1388 1684 1423 sub
1713 1399 1772 1424 no—

136 1445 233 1481 tabili
262 1446 456 1481 mutatione
485 1446 546 1481 tuit
573 1446 685 1491 quoad
721 1446 957 1481 substantiam
986 1446 1212 1492 praescripta.
1257 1446 1444 1482 Videlicet:
1477 1447 1771 1482 considerandum

135 1510 187 1540 est
215 1505 249 1539 in
279 1505 516 1540 Poenitentiae
545 1505 705 1540 ministro
731 1505 957 1540 idoneitatem
986 1505 1029 1540 ad
1057 1505 1285 1540 iudicandum
1314 1505 1465 1541 maxime
1491 1506 1635 1551 requiri,
1668 1511 1773 1552 atque

135 1563 336 1599 animarum
366 1564 563 1599 pastoribus
590 1564 819 1599 confessarios
845 1564 911 1599 sibi
939 1563 1216 1599 adsciscentibus
1243 1564 1277 1598 in
1298 1575 1417 1599 earum
1433 1565 1653 1600 sanationem
1680 1564 1775 1601 debi—

137 1628 211 1658 tum
238 1623 337 1658 otlicii
367 1623 582 1669 impendere,
613 1628 650 1658 ut
676 1623 825 1668 seligant
852 1622 1052 1658 huiusmodi
1080 1623 1255 1668 operarios
1281 1623 1423 1658 idoneos
1450 1624 1541 1669 quod
1576 1624 1771 1665 scientiam,

139 1682 360 1728 prudentiam
387 1687 420 1718 et
448 1682 630 1724 virtutem3
669 1693 709 1717 ac
736 1682 890 1728 idipsum
928 1682 971 1717 ad
999 1692 1056 1717 eos
1094 1681 1268 1727 pertinere
1306 1681 1438 1727 absque
1464 1682 1535 1718 ulla
1572 1683 1772 1718 diversitate

139 1741 393 1786 poenitentium
420 1741 472 1776 eis
497 1741 732 1777 subiectorum
758 1745 791 1776 et
818 1741 1060 1776 ministrorum
1088 1740 1214 1786 quibus
1246 1741 1535 1777 sacramentalem
1564 1741 1772 1777 iurisdictio-

140 1811 219 1836 nem
246 1800 482 1835 committant.

257 1883 329 1927 His
348 1884 631 1939 consideratis,
657 1887 811 1940 optime
835 1883 988 1940 Codex,
1010 1887 1160 1928 omissa
1185 1883 1370 1927 nullitate
1389 1883 1695 1927 absolutionum
1720 1897 1771 1927 ex

138 1956 265 2000 solius
298 1955 609 2013 approbationis
642 1956 820 2010 defectu,
857 1957 1023 1999 retinuit
1055 1968 1102 1999 ac
1137 1955 1437 1999 determinavit
1462 1955 1535 1998 l'P.
1567 1954 1770 1998 Tridenti-

140 2041 287 2070 norum
324 2032 503 2070 mentem
538 2029 576 2069 in
612 2041 703 2069 can.
737 2029 846 2072 877.
878 2026 907 2084 g
941 2027 979 2069 1.
1019 2025 1118 2070 Tum
1151 2026 1336 2070 locorum
1374 2025 1600 2069 Orclinariz'
1642 2025 1770 2069 iuris-

139 2097 363 2141 dietionem
397 2099 444 2141 ad
482 2111 668 2141 normam
705 2111 796 2141 can.
831 2098 931 2152 874,
959 2098 1028 2152 §1
1067 2102 1106 2140 et
1139 2097 1288 2156 876,§
1321 2098 1359 2152 2,
1400 2103 1485 2140 tum
1524 2096 1772 2155 Superiores

138 2168 332 2226 relv'qiosi
368 2168 702 2212 iurisclielionem
745 2169 794 2213 ad
830 2182 1019 2212 normam
1070 2182 1160 2213 can.
1197 2169 1295 2223 875,
1327 2168 1355 2226 ξ
1389 2168 1408 2211 1
1445 2173 1519 2210 aut
1557 2167 1772 2210 licentiam

140 2239 189 2283 ad
226 2252 412 2282 normam
447 2253 537 2284 can.
573 2240 655 2283 874
691 2241 968 2283 necessariam
1021 2238 1331 2282 audiendarum
1380 2238 1690 2295 confessionum
1723 2252 1798 2299 ne·

141 2309 368 2353 concedant
391 2324 533 2353 eorum
559 2311 724 2366 singuli,
746 2311 805 2368 (et
822 2315 1127 2368 consequenter
1150 2312 1319 2353 canonis
1339 2311 1639 2366 praescriptum
1663 2311 1773 2365 viget

138 2381 269 2424 solnm
299 2394 369 2437 pro
409 2381 693 2425 iurisdictione
718 2380 1008 2424 sacramentali
1033 2380 1238 2436 delegata,
1258 2384 1461 2437 urgetque
1495 2379 1771 2423 concedentes

142 2453 270 2507 ipsam
306 2457 374 2494 aut
409 2451 652 2509 licentiam),
685 2451 771 2494 m'sz'
804 2451 858 2494 iis
892 2451 963 2509 qui
997 2449 1139 2494 idonei
1171 2451 1222 2494 ad
1262 2450 1362 2494 illud
1397 2463 1547 2493 munus
1580 2462 1771 2493 exercen-

141 2522 240 2565 dum
272 2535 349 2579 per
390 2536 562 2564 examen
598 2525 796 2577 taxanve,
829 2522 940 2579 quod
977 2522 1196 2578 prudentia
1228 2521 1375 2565 suadet
1407 2523 1446 2564 in
1482 2534 1525 2564 re
1559 2522 1658 2564 tanti
1692 2533 1774 2563 mo-

144 2596 284 2645 menti,
320 2592 454 2649 (inniti
505 2598 641 2636 autem
675 2593 854 2636 diversis
903 2592 1184 2650 praetextibus
1218 2591 1412 2636 volebant
1443 2605 1486 2635 se
1528 2590 1773 2635 subtrahere

142 2662 193 2706 ab
227 2665 327 2719 ipSO,
363 2665 395 2705 si
429 2663 721 2707 attendebatur
756 2666 893 2707 mitior
925 2665 1064 2707 statuti
1102 2663 1248 2706 modus
1280 2676 1330 2706 ex
1365 2661 1489 2707 Conc.
1532 2661 1678 2718 Trid.),
1712 2675 1771 2704 -re-

138 2733 252 2791 perti
270 2732 445 2790 fuerint,
466 2736 564 2791 quin
589 2734 766 2777 addatur
791 2733 965 2790 verbum
991 2733 1185 2790 explicite
1219 2733 1270 2776 de
1292 2732 1590 2790 approbatione
1622 2732 1772 2784 danda‚

261 2887 271 2908 1
302 2885 391 2930 Gap.
422 2888 463 2921 15
491 2897 584 2920 sess.
615 2886 754 2920 XXIII
781 2886 827 2920 de
854 2886 939 2920 Res.
