1971 3261
193 129 288 165 Can.
315 128 472 163 9154-966
765 127 850 160 T1T.
881 127 945 160 VI.
977 147 984 152 -
1016 128 1071 162 De
1102 128 1245 161 Ordine
1752 126 1822 160 379

192 246 431 283 conterminas
456 245 623 280 ecclesias
648 245 876 280 cathedrales,
906 244 972 279 {lor
1014 245 1078 281 ius.
1107 246 1148 279 ad
1179 245 1344 280 Abbatias
1370 250 1401 280 et
1444 244 1660 280 Praelaturas
1695 244 1829 279 nullius

195 305 283 352 quod
310 305 447 345 attinet,
473 304 683 348 abrogatum
712 309 761 339 est
787 304 829 338 ad
871 315 1028 339 normam
1058 316 1134 339 ran.
1162 303 1242 341 9358,
1273 309 1291 347 ξ
1321 304 1351 341 l.
1382 316 1416 338 n.
1447 302 1485 338 [ν’
1510 308 1542 339 et
1582 302 1642 337 961
1686 303 1730 338 ibi
1770 314 1825 338 ex-

194 364 361 410 positam.

311 457 382 501 His
417 460 747 514 praesuppositis
780 463 838 501 est
863 459 993 501 facilis
1023 461 1305 514 interpretatio
1330 474 1419 503 ean.
1444 461 1551 501 965.
1579 457 1828 515 Episcopus,

193 531 312 572 cuius
346 531 510 572 nomine
538 530 647 571 venit
690 545 708 569 (ι
729 527 868 571 Abbas
895 529 956 571 vol
997 529 1205 571 l'raelatus
1238 529 1429 572 nullius»
1458 529 1567 584 (can.
1596 529 1694 581 ⁵215,
1715 528 1743 585 ξ
1767 527 1830 584 2),

192 598 249 643 ad
282 613 399 656 quem
435 598 638 655 Superior
674 598 901 655 reliqiosus
935 612 1012 655 qua
1051 599 1153 647 talis,
1188 599 1368 641 scilicet:
1405 599 1638 642 roni-edens
1674 598 1834 641 litteras

191 672 446 713 dimissorias
482 672 519 711 vi
569 681 658 712 can.
694 669 792 721 964,
845 669 1016 725 proinde
1055 669 1116 711 101
1165 672 1363 725 Superior
1414 672 1543 713 maior
1591 673 1829 724 exemptus,

193 741 337 799 (num³.
376 741 417 782 2⁰
453 739 527 788 3⁰²),
556 740 617 783 vel
647 740 787 784 Abbas
820 740 870 783 de
907 743 1122 795 regimine,
1150 740 1211 782 rel
1240 740 1377 783 Abbas
1417 740 1576 782 nullius
1611 740 1831 795 religiosus

191 818 229 855 et
261 812 502 856 charactere
535 811 761 868 episcopali
800 824 877 854 non
915 813 1146 867 insignitus,
1181 812 1315 868 quoad
1353 812 1604 853 ordinandffl
1639 813 1675 852 in
1701 811 1830 852 sacris

195 885 315 940 «ipsi
349 882 535 926 subditos
571 885 609 924 vi
647 884 913 938 professionis
947 882 1090 925 saltem
1142 882 1341 937 simplicis
1365 900 1385 921 »
1425 882 1556 938 (num.
1598 881 1669 937 l0),
1709 894 1828 923 unus-

186 957 365 1012 quisque
400 956 582 1010 ipsorum
618 959 713 997 tunc
737 953 907 996 lilleras
932 952 1202 995 (1¹imissorias
1227 953 1391 994 mittere
1423 952 1549 995 delmi.
1580 966 1659 1008 quo
1687 951 1828 994 verbo,

194 1031 234 1069 ut
270 1028 307 1068 in
342 1037 477 1082 praec.
515 1027 616 1079 iure,
639 1024 761 1068 simul
796 1038 889 1068 cum
916 1023 1168 1080 obligatione
1204 1024 1402 1066 limitatur
1425 1037 1566 1066 earum
1595 1024 1822 1065 litterarum

192 1096 431 1153 legitimitas
450 1098 681 1139 necessaria
715 1095 938 1148 ordinanti,
965 1095 1024 1138 vel
1061 1094 1264 1151 Episcopo
1292 1097 1327 1136 vi
1354 1108 1442 1137 030.
1469 1094 1551 1137 962
1576 1094 1625 1137 ad
1661 1094 1823 1137 ordina-

194 1169 318 1210 tionis
352 1167 572 1210 liceitaten]
610 1166 672 1209 vel
710 1166 894 1209 Praelato
931 1168 967 1207 vi
1002 1179 1092 1209 can.
1127 1166 1208 1208 957
1245 1166 1294 1208 ad
1334 1165 1443 1208 illius
1480 1165 1747 1218 validitatem,
1771 1169 1832 1206 es(

187 1241 229 1291 3)
264 1237 498 1295 Episcopus
530 1236 733 1279 dioecesis
765 1250 827 1290 30,
859 1242 899 1279 01
933 1250 1072 1293 supra,
1112 1235 1291 1280 «Abbas
1325 1250 1490 1293 quoque
1518 1236 1579 1278 vel
1621 1235 1831 1278 l'raelatus

193 1308 384 1352 nullius»
423 1307 532 1364 (can.
559 1308 654 1359 215,
683 1306 712 1365 ξ
745 1307 801 1364 2),
841 1306 884 1363 1))
918 1307 960 1349 iii
997 1321 1077 1365 quo
1111 1307 1195 1349 sita
1228 1313 1288 1348 es!
1324 1306 1472 1348 (lomus
1508 1306 1721 1361 reliqiosa,
1747 1319 1825 1348 nou

192 1382 229 1422 in
265 1391 346 1437 qua
380 1378 636 1421 ordinandus
670 1378 792 1434 degat
828 1378 1203 1436 qualitercumque,
1228 1378 1297 1420 sed
1323 1378 1363 1435 c)
1389 1377 1444 1419 ad
1468 1377 1586 1419 caius
1616 1376 1829 1434 [mitiliani

188 1453 306 1493 iuxta
339 1451 655 1493 constitutiones
699 1449 912 1505 religionis
951 1449 1136 1506 pertiae!
1186 1448 1452 1491 ordimzmlns
1502 1448 1695 1506 equidem
1743 1447 1832 1490 reli-

193 1523 347 1578 giosus,
388 1536 407 1562 ((
428 1522 547 1564 cuius
580 1520 787 1563 ordinatio
821 1533 900 1563 non
937 1523 1095 1577 regitur
1129 1522 1218 1563 iure
1252 1519 1572 1563 saecularium»
1601 1518 1709 1575 (can.
1733 1519 1830 1563 964,

190 1592 266 1649 4⁰),
294 1592 345 1635 de
368 1604 448 1649 qua
474 1592 734 1635 ordinatione
774 1607 792 1632 «
815 1594 904 1634 iure
939 1592 1222 1635 saecularium
1246 1607 1264 1631 ))
1304 1596 1397 1634 sunt
1415 1590 1609 1634 servandi
1635 1602 1724 1637 can,
1750 1590 1833 1632 958

188 1668 229 1706 et
264 1663 340 1706 961
383 1662 472 1706 1000
505 1662 641 1717 huius,
666 1665 761 1719 quia
796 1675 886 1706 can.
925 1662 1006 1705 691
1047 1665 1302 1705 contrarium
1339 1661 1433 1704 huic
1467 1661 1670 1704 concedit.
1697 1686 1747 1690 -
1774 1659 1831 1703 De

188 1734 351 1778 Abbate
397 1738 536 1777 autem
582 1733 743 1776 nullius
779 1733 961 1789 obligato
997 1733 1047 1776 ad
1098 1746 1285 1776 normani
1322 1746 1410 1776 can
1448 1733 1531 1775 9⁴55
1582 1735 1618 1774 in
1654 1731 1831 1786 casibus,

189 1805 371 1849 scilicet:
411 1818 483 1861 pro
517 1818 686 1847 suorum
726 1804 988 1848 subditorum
1037 1804 1292 1860 regularium
1329 1804 1587 1847 ordinatione
1632 1805 1668 1844 in
1704 1804 1832 1845 sacris

187 1875 242 1920 *ob
276 1888 365 1920 can.
402 1875 502 1929 964,
530 1874 590 1927 ⁶20,
623 1880 662 1918 et
697 1889 770 1932 pro
803 1875 1034 1918 minoribns
1069 1874 1285 1918 ordinibus
1320 1877 1517 1930 ipsorum,¹
1542 1873 1707 1931 quando
1742 1872 1831 1915 illos

193 1960 263 2003 per
281 1960 325 1990 se
345 1959 424 1989 non
449 1947 680 2000 conserant,
706 1949 817 1989 iuxta
842 1959 932 1990 can.
959 1947 1041 1989 964
1069 1947 1125 1988 n0.
1162 1945 1220 2000 3⁰,
1259 1962 1280 1987 «
1306 1945 1535 2002 Episcopus
1579 1945 1784 1987 dioecesis
1806 1959 1828 1984 »

189 2022 250 2061 est
285 2017 620 2074 interpretandus
645 2018 695 2061 de
724 2020 914 2061 viciniori
940 2017 1121 2060 dioecesi
1147 2017 1355 2060 declarata
1390 2029 1462 2073 per
1494 2016 1527 2058 S.
1557 2014 1707 2071 Congr.
1730 2013 1831 2059 Con-

186 2088 273 2132 01111
309 2091 421 2131 iuxta
456 2090 738 2131 testimonium
773 2087 894 2133 Card.
934 2088 1051 2132 Petra
1086 2101 1210 2144 supra
1244 2090 1430 2131 citatum.

311 2158 408 2201 314.
449 2160 766 2215 Exceptionis
798 2160 1146 2216 praecedentis
1179 2160 1399 2203 canonis.
1436 2183 1486 2187 —
1523 2158 1655 2211 Quam
1697 2159 1827 2199 nosci-

192 2242 282 2272 mus
325 2228 587 2285 disciplinam
640 2231 678 2272 in
728 2234 858 2272 const.
897 2229 1048 2272 Bened.
1085 2226 1173 2270 xlv
1223 2227 1447 2283 «impositi
1497 2226 1666 2269 Nobis»
1704 2239 1826 2282 supra

186 2302 312 2343 citata
347 2301 505 2356 optime
540 2302 786 2356 expositam,
821 2314 869 2343 ex
908 2304 1022 2356 parte
1058 2304 1214 2341 tantum
1253 2300 1434 2351 retinuit,
1467 2311 1643 2355 eamque
1676 2297 1829 2353 simpli-

151 2415 154 2419 ,
184 2373 344 2413 -ciorem
382 2370 561 2413 reddidit
596 2385 687 2414 caii.
718 2373 813 2414 ‚966
850 2370 880 2428 ξι
912 2373 946 2413 1.
981 2369 1089 2414 Tunc
1123 2375 1299 2423 ratitum,
1333 2383 1432 2424 ergo
1466 2374 1581 2411 extra
1607 2372 1828 2424 sequentes

186 2454 322 2495 casus,
350 2443 424 2484 nisi
461 2441 665 2485 habeatur
689 2443 956 2499 privilegium
982 2441 1139 2483 directe
1162 2453 1404 2483 concessum
1440 2444 1527 2496 post
1552 2438 1676 2483 Cone.
1700 2438 1826 2490 'l‘rid.,

187 2512 423 2556 servandus
452 2517 512 2555 est
545 2526 636 2557 can.
672 2514 772 2567 965,
798 2512 1003 2570 Superior
1037 2511 1262 2567 reliqiosas
1297 2513 1333 2553 in
1369 2513 1551 2554 011030.
1592 2510 1827 2553 declaratus

191 2582 246 2626 ad
279 2582 411 2626 alium
445 2581 701 2642 Episcopum
736 2598 833 2640 prae
872 2583 1115 2639 «Episcopo
1149 2582 1390 2625 dioecesis»
1429 2581 1638 2625 declarato
1684 2583 1720 2623 in
1756 2583 1822 2624 cit.

190 2667 296 2707 can„
334 2653 392 2696 vel
435 2669 454 2695 c<
478 2655 527 2698 ad
564 2655 689 2699 alium
725 2655 928 2699 Abbatem
969 2654 1030 2696 1οΙ
1079 2652 1309 2696 l'raelatum
1346 2652 1541 2695 nullius»
1580 2652 1688 2709 (can.
1726 2652 1823 2697 215,

188 2724 218 2783 ξ
251 2725 292 2779 ’2)
328 2727 438 2768 iuxta
473 2727 640 2769 citatam
675 2726 998 2770 declarationem
1035 2723 1203 2766 litteras
1235 2722 1505 2766 dimissorias
1541 2726 1577 2765 vi
1613 2735 1703 2766 can.
1739 2723 1819 2765 964

188 2795 357 2838 mittere
385 2800 522 2852 potes!
554 2797 735 2841 scilicet:
770 2815 792 2838 ι(
810 2797 858 2840 3(1
894 2807 1203 2853 quemcumque
1228 2797 1564 2838 communionem
1590 2807 1682 2837 cum
1716 2793 1822 2837 Sede

189 2865 426 2923 Apostolica
461 2865 697 2920 habentem,
730 2872 906 2923 excepto
941 2870 1114 2920 tantum,
1148 2867 1252 2908 citra
1286 2864 1559 2921 apostolicum
1602 2864 1821 2914 indultum,
