1971 3261
69 122 141 155 220
478 122 561 155 LIB.
592 121 663 155 ΙΙΙ.
694 143 702 145 -
730 121 840 155 PARS
865 121 897 154 Ι.
926 141 939 147 -
964 121 1021 156 De
1046 121 1312 163 Sciet-amentis
1433 121 1511 156 Can
1547 121 1699 157 874-875

69 240 349 284 subiectorum
384 241 632 283 sacramenti
668 241 957 295 poenitentiae,
977 243 1015 292 3)
1036 239 1122 282 sice
1144 239 1428 282 saecularium
1452 239 1697 284 clericorum

71 315 107 354 et
134 311 333 354 laicorum
364 313 579 366 utriusque
602 323 740 362 sexus,
775 309 816 364 b)
839 309 924 352 sice
945 309 1242 366 reliqiosorum
1268 313 1421 366 pariter
1453 311 1699 354 clericorum

71 387 107 425 et
143 381 342 425 laicorum
377 383 592 437 utriusque
624 393 761 427 sexus,
796 385 1085 436 exemplorum
1126 384 1265 435 etiam,
1291 386 1429 437 utpote
1467 386 1701 424 «revocato

71 452 252 509 {molinet
305 453 513 495 contrario
548 451 808 507 privilegio»
864 454 902 494 in
937 451 1014 495 hac
1048 465 1092 495 re
1126 451 1233 509 (can.
1271 453 1367 507 519,
1404 451 1505 509 5⁶22)
1539 451 1700 511 confert

72 521 360 565 sacerdotibus
389 521 515 565 veluti
556 523 794 565 «ministris
818 521 940 565 liuius
962 525 1252 565 sacramenti»
1281 523 1386 579 (can.
1413 522 1514 580 871)
1549 522 1589 580 a)
1616 527 1700 565 tum

71 592 362 635 saecularibus
398 591 440 649 b)
477 597 560 634 leem
594 591 809 649 religliosis
843 593 949 645 (can.
976 593 1074 647 488,
1108 592 1185 649 7⁰),
1226 595 1333 651 «qui
1373 598 1463 636 vota
1488 605 1699 649 nuncupa-

72 668 165 707 runt
197 665 234 706 in
270 663 405 720 aliqua
443 663 705 719 religione»,
741 662 934 706 omnibus
969 663 1047 706 illis
1080 676 1128 707 ac
1160 663 1349 720 singulis,
1379 664 1551 721 proinde
1585 666 1700 707 novi-

70 737 136 777 tiis
168 747 338 791 quoque
382 733 630 790 religionum
680 733 980 789 sacerdotibus,
1015 735 1046 776 si
1081 735 1151 790 qui
1185 735 1278 784 sint,
1323 733 1450 777 etiam
1484 735 1701 792 exemptis,

71 804 228 848 sublata
264 817 459 860 expresse
494 817 567 860 pro
604 806 719 860 praxi
755 806 1056 858 controversia,
1090 817 1186 847 num
1224 804 1403 860 religiosi
1438 808 1618 861 exempti
1643 807 1702 848 iu-

74 876 355 919 risdictionem
390 875 736 919 sacramentalem
774 875 931 919 directe
955 888 975 918 a
1003 875 1108 932 Papa
1140 875 1373 919 obtinerent
1397 889 1445 919 ex
1472 876 1703 933 privilegio,

77 946 335 990 Ordimcrt'us
370 946 450 990 loci
484 946 592 1004 (can.
630 947 728 999 198,
760 946 788 1004 ἓ
822 947 861 998 ⁶2)
904 946 947 989 in
982 960 1060 1004 quo
1096 946 1377 1004 consessiones
1419 946 1705 1004 eoeeipimztur,

72 1020 145 1061 etsi
180 1018 327 1061 domus
363 1017 426 1061 vel
451 1017 638 1061 Ecclesia
665 1017 718 1061 ibi
752 1019 829 1060 sita
863 1021 1056 1073 exempta
1091 1018 1226 1072 fuerit,
1262 1011 1366 1074 quae
1389 1015 1601 1062 Ordinarii
1628 1017 1703 1061 loci

73 1089 302 1145 designatio
337 1091 415 1132 iam
453 1087 618 1145 vigebat
655 1091 691 1130 in
729 1090 816 1131 iure
852 1100 1013 1144 praee.;
1048 1102 1095 1132 36
1130 1091 1430 1144 praescriptum
1456 1087 1702 1145 quibusdam

73 1159 214 1202 datum
249 1161 461 1217 sequitur:
496 1158 736 1202 sacerdotes
769 1164 907 1201 autem
931 1158 1126 1216 reliqiosi
1149 1164 1192 1202 ut
1214 1172 1354 1215 supra,
1378 1159 1449 1202 sed
1476 1162 1598 1202 etiam
1624 1172 1703 1202 non

74 1233 272 1286 exempti,
323 1230 474 1287 quibus
509 1230 574 1273 illa
611 1231 841 1274 iurisdictio
889 1229 1035 1274 collata
1072 1231 1209 1281 fuerit,
1257 1230 1400 1273 eodem
1432 1245 1482 1273 ne
1529 1235 1706 1273 utantur

75 1301 166 1343 sine
199 1300 373 1343 lieentia
404 1300 552 1344 sallem
595 1305 869 1359 praesumpta
904 1314 952 1344 ex
990 1300 1224 1345 rationabili
1260 1303 1430 1357 motivo,
1475 1301 1542 1344 sui
1575 1301 1701 1360 Supe-

75 1371 203 1414 rioris
228 1371 369 1415 localis
396 1372 456 1414 vel
486 1374 664 1427 maioris,
690 1372 810 1428 firmo
837 1378 974 1414 lacten
995 1372 1261 1430 praescripto
1286 1386 1376 1417 am.
1403 1374 1504 1427 519,
1532 1375 1568 1414 vi
1589 1374 1706 1416 cuius

75 1445 195 1485 etiam
232 1443 543 1486 contradicente
566 1443 698 1487 solum
733 1443 955 1499 Superiore
982 1449 1117 1500 posset
1143 1445 1269 1500 ipsius
1292 1443 1482 1487 subditus
1513 1443 1707 1487 sacerdos

77 1513 185 1556 licite
221 1515 275 1556 uti
312 1513 472 1557 eadem.

193 1583 245 1628 Ut
281 1597 378 1627 vero
412 1584 633 1628 concordia
671 1589 811 1628 mutua
857 1585 1050 1628 foveatur
1093 1587 1200 1628 inter
1243 1582 1488 1629 Ordinarios
1520 1584 1703 1628 locorum

76 1660 115 1698 et
137 1656 380 1711 Superiores
414 1655 644 1712 religiosos,
667 1657 809 1699 statuit
832 1658 856 1710 ἓ
882 1656 918 1698 ⁶2.
953 1654 1157 1699 Locorum
1186 1654 1412 1699 Ordinorii
1446 1655 1702 1700 imisdt'cho-

28 1762 30 1765 .
77 1740 166 1768 nem
200 1725 255 1768 ad
288 1725 523 1769 (zudimulas
548 1725 832 1783 confessiones
866 1725 1155 1782 lzobz'luoliler,
1176 1726 1359 1770 scilicet:
1394 1740 1472 1769 non
1497 1726 1630 1770 solum
1655 1726 1704 1770 ad

73 1810 192 1840 casus
227 1797 288 1840 vel
323 1797 480 1855 aliquot
511 1797 613 1851 dies,
647 1797 716 1840 sed
761 1797 904 1841 saltem
940 1797 989 1841 ad
1026 1797 1268 1841 diuturnum
1313 1802 1491 1854 tempus,
1526 1811 1577 1839 vc
1608 1811 1699 1841 con-

77 1867 225 1911 cedant
257 1868 471 1925 reliqiosis
504 1869 710 1912 destitutis
742 1871 929 1926 sequenti
964 1869 1224 1913 conditione:
1259 1869 1330 1926 qm?
1364 1883 1388 1911 a
1419 1868 1594 1927 proprio
1629 1869 1704 1912 Su-

74 1939 242 1996 pert'ore
273 1941 346 1982 etsi
382 1939 501 1982 locali
535 1953 619 1982 non
648 1944 995 1997 praesentantur,
1033 1939 1140 1996 quod
1161 1944 1221 1983 est
1254 1939 1590 1996 intelligendum:
1625 1953 1704 1983 non

79 2012 262 2066 praecise
296 2010 347 2053 de
381 2010 585 2066 corporali
623 2012 867 2066 praesentia,
913 2011 983 2053 sed
1018 2011 1068 2053 de
1104 2023 1303 2066 personae
1336 2011 1622 2066 designatione
1654 2011 1703 2054 ad

78 2080 154 2124 hoc
174 2082 278 2124 facta
313 2083 389 2137 ipsi
413 2079 660 2135 Ordinario,
695 2095 716 2124 e
749 2086 891 2125 contra
917 2083 1217 2138 praescriptum
1240 2086 1301 2124 est
1323 2094 1511 2139 quoque:
1547 2081 1580 2124 iz·
1612 2095 1706 2124 vero

78 2150 149 2207 qui
172 2165 197 2193 a
218 2151 392 2208 proprio
417 2151 645 2209 Superiore
678 2152 871 2208 religioso
896 2153 1031 2195 forsan
1068 2151 1187 2195 locali
1218 2157 1551 2209 praesemmzlzcr
1584 2152 1706 2195 modo

77 2221 296 2278 explicato,
328 2222 419 2264 sine
449 2223 573 2279 yram*
606 2237 735 2265 causa
783 2223 835 2266 ab
868 2220 1104 2267 Ordinariis
1153 2223 1337 2267 locorum
1389 2223 1701 2279 perpendenda,

83 2291 454 2335 «iurisdictionem
503 2293 553 2336 ad
599 2293 827 2336 audiendas
873 2294 1189 2336 confessiones»
1243 2295 1366 2337 etiam
1424 2292 1704 2343 habitualiter,

80 2374 173 2405 nam
208 2362 383 2407 dicitur:
418 2377 508 2405 eom
542 2363 660 2420 (ergo
703 2364 754 2407 de
787 2377 866 2421 qua
899 2363 1042 2420 supra)
1077 2378 1126 2406 ne
1163 2363 1379 2421 denegent,
1412 2363 1532 2420 firmo
1567 2368 1705 2406 tamen

76 2433 341 2490 praescripto
374 2447 464 2479 cau.
500 2436 608 2489 877,
641 2434 823 2479 scilicet:
874 2447 961 2477 «ne
994 2434 1237 2487 concedant,
1271 2436 1347 2478 nisi
1384 2436 1430 2477 iis
1463 2436 1532 2491 qui
1569 2434 1704 2477 idonei

84 2516 155 2559 per
187 2516 361 2547 examen
399 2507 548 2560 reperti
585 2506 774 2547 suerint»
813 2518 906 2548 cum
941 2507 1185 2560 exceptione
1219 2504 1273 2548 ibi
1308 2505 1573 2549 declaranda.

201 2574 296 2617 198.
317 2576 578 2632 Delegatio
592 2578 941 2622 iurisdictionis
959 2578 1336 2637 sacramentalis
1356 2590 1447 2633 pro
1468 2578 1708 2632 religione

82 2649 327 2702 exempta.
362 2670 414 2675 —
450 2644 506 2687 Ex
542 2657 631 2688 can.
667 2645 794 2690 488...
850 2647 1061 2688 «veniunt
1109 2648 1342 2691 nomine:...
1394 2645 1437 2688 40
1472 2644 1707 2702 Relt’qionis

82 2714 306 2764 clericalis,
343 2714 486 2771 religio
511 2718 628 2758 cuius
653 2716 840 2774 plerique
863 2715 1025 2759 sodales
1057 2716 1288 2759 sacerdotio
1321 2721 1549 2772 augentur:
1588 2728 1707 2759 secus

82 2791 142 2828 est
174 2784 401 2841 laicalis»,
435 2786 486 2828 de
521 2785 582 2828 his
617 2799 715 2842 ergo
749 2791 843 2829 suut
876 2786 958 2830 duo
992 2786 1146 2830 diversi
1188 2786 1434 2843 paragraphi
1469 2800 1559 2828 con.
1594 2787 1704 2839 875,

83 2856 308 2899 dummodo
343 2856 435 2899 illae
457 2859 537 2899 sint
570 2862 804 2913 exemptae.
837 2857 864 2915 ξ
898 2857 934 2900 1.
970 2855 1018 2900 In
1050 2856 1256 2914 religione
1289 2856 1480 2900 clericali
1502 2861 1707 2914 eorempta,
