<?xml version="1.0" encoding="UTF-8"?>
<!DOCTYPE html PUBLIC "-//W3C//DTD XHTML 1.0 Transitional//EN"
    "http://www.w3.org/TR/xhtml1/DTD/xhtml1-transitional.dtd">
<html xmlns="http://www.w3.org/1999/xhtml" xml:lang="en" lang="en">
 <head>
  <title>
</title>
<meta http-equiv="Content-Type" content="text/html;charset=utf-8" />
  <meta name='ocr-system' content='tesseract 3.04.00' />
  <meta name='ocr-capabilities' content='ocr_page ocr_carea ocr_par ocr_line ocrx_word'/>
</head>
<body>
  <div class='ocr_page' id='page_1' title='image "./p1commentariumte03blatuoft_0182.png"; bbox 0 0 1971 3261; ppageno 0'>
   <div class='ocr_carea' id='block_1_1' title="bbox 127 97 1751 134">
    <p class='ocr_par' dir='ltr' id='par_1_1' title="bbox 127 97 1751 134">
     <span class='ocr_line' id='line_1_1' title="bbox 127 97 1751 134; baseline 0.001 -2"><span class='ocrx_word' id='word_1_1' title='bbox 127 98 192 133; x_wconf 85' lang='lat'>168</span> <span class='ocrx_word' id='word_1_2' title='bbox 524 98 608 132; x_wconf 74' lang='lat' dir='ltr'>Lm.</span> <span class='ocrx_word' id='word_1_3' title='bbox 638 97 708 131; x_wconf 83' lang='lat'>111.</span> <span class='ocrx_word' id='word_1_4' title='bbox 736 117 749 122; x_wconf 87' lang='lat'><em>-</em></span> <span class='ocrx_word' id='word_1_5' title='bbox 775 97 885 131; x_wconf 81' lang='lat' dir='ltr'>PARS</span> <span class='ocrx_word' id='word_1_6' title='bbox 910 97 939 131; x_wconf 92' lang='grc' dir='ltr'>Ι.</span> <span class='ocrx_word' id='word_1_7' title='bbox 966 117 979 123; x_wconf 83' lang='grc'>-</span> <span class='ocrx_word' id='word_1_8' title='bbox 1004 97 1061 132; x_wconf 85' lang='lat' dir='ltr'>De</span> <span class='ocrx_word' id='word_1_9' title='bbox 1087 98 1351 133; x_wconf 70' lang='lat' dir='ltr'>Sam-amentis</span> <span class='ocrx_word' id='word_1_10' title='bbox 1470 97 1563 133; x_wconf 83' lang='lat' dir='ltr'>Gan.</span> <span class='ocrx_word' id='word_1_11' title='bbox 1590 98 1751 134; x_wconf 80' lang='lat'>838-840</span> 
     </span>
    </p>
   </div>
   <div class='ocr_carea' id='block_1_2' title="bbox 1038 160 1703 165">
    <p class='ocr_par' dir='ltr' id='par_1_2' title="bbox 1038 160 1703 165">
     <span class='ocr_line' id='line_1_2' title="bbox 1038 160 1703 165; baseline 0 0"><span class='ocrx_word' id='word_1_12' title='bbox 1038 160 1703 165; x_wconf 95' lang='lat' dir='ltr'> </span> 
     </span>
    </p>
   </div>
   <div class='ocr_carea' id='block_1_3' title="bbox 110 214 1750 2677">
    <p class='ocr_par' dir='ltr' id='par_1_3' title="bbox 119 214 1749 671">
     <span class='ocr_line' id='line_1_3' title="bbox 240 214 1744 261; baseline -0.001 -10"><span class='ocrx_word' id='word_1_13' title='bbox 240 215 278 251; x_wconf 82' lang='lat'>60</span> <span class='ocrx_word' id='word_1_14' title='bbox 303 214 338 251; x_wconf 89' lang='lat' dir='ltr'>Si</span> <span class='ocrx_word' id='word_1_15' title='bbox 367 227 446 251; x_wconf 89' lang='lat' dir='ltr'>vero</span> <span class='ocrx_word' id='word_1_16' title='bbox 472 220 595 261; x_wconf 82' lang='lat' dir='ltr'>agatur</span> <span class='ocrx_word' id='word_1_17' title='bbox 633 215 675 250; x_wconf 89' lang='lat' dir='ltr'>de</span> <span class='ocrx_word' id='word_1_18' title='bbox 704 214 930 251; x_wconf 81' lang='lat' dir='ltr'>Antistitibus</span> <span class='ocrx_word' id='word_1_19' title='bbox 968 215 1178 251; x_wconf 81' lang='lat' dir='ltr'>habentibus</span> <span class='ocrx_word' id='word_1_20' title='bbox 1204 215 1478 251; x_wconf 89' lang='lat' dir='ltr'>iurisdictionem</span> <span class='ocrx_word' id='word_1_21' title='bbox 1517 214 1744 252; x_wconf 85' lang='lat' dir='ltr'>Ordinariam</span> 
     </span>
     <span class='ocr_line' id='line_1_4' title="bbox 121 273 1749 321; baseline -0.001 -10"><span class='ocrx_word' id='word_1_22' title='bbox 121 275 351 321; x_wconf 85' lang='lat' dir='ltr'>episcopalem</span> <span class='ocrx_word' id='word_1_23' title='bbox 380 274 415 309; x_wconf 89' lang='lat' dir='ltr'>in</span> <span class='ocrx_word' id='word_1_24' title='bbox 444 273 599 315; x_wconf 80' lang='lat' dir='ltr'>Oriente,</span> <span class='ocrx_word' id='word_1_25' title='bbox 624 273 811 309; x_wconf 82' lang='lat' dir='ltr'>Missarum</span> <span class='ocrx_word' id='word_1_26' title='bbox 840 274 1054 310; x_wconf 80' lang='lat' dir='ltr'>intentiones</span> <span class='ocrx_word' id='word_1_27' title='bbox 1081 285 1159 310; x_wconf 90' lang='lat' dir='ltr'>cum</span> <span class='ocrx_word' id='word_1_28' title='bbox 1198 274 1341 310; x_wconf 81' lang='lat' dir='ltr'>relativa</span> <span class='ocrx_word' id='word_1_29' title='bbox 1365 275 1587 321; x_wconf 78' lang='lat' dir='ltr'>eleemosyna</span> <span class='ocrx_word' id='word_1_30' title='bbox 1601 274 1645 310; x_wconf 88' lang='lat' dir='ltr'>ab</span> <span class='ocrx_word' id='word_1_31' title='bbox 1671 274 1749 321; x_wconf 89' lang='lat' dir='ltr'>Epi·</span> 
     </span>
     <span class='ocr_line' id='line_1_5' title="bbox 122 332 1747 380; baseline 0 -12"><span class='ocrx_word' id='word_1_32' title='bbox 122 333 233 380; x_wconf 89' lang='lat' dir='ltr'>scopis</span> <span class='ocrx_word' id='word_1_33' title='bbox 259 338 291 369; x_wconf 91' lang='lat' dir='ltr'>et</span> <span class='ocrx_word' id='word_1_34' title='bbox 318 332 561 368; x_wconf 83' lang='lat' dir='ltr'>Sacerdotibus</span> <span class='ocrx_word' id='word_1_35' title='bbox 579 333 621 367; x_wconf 88' lang='lat' dir='ltr'>ad</span> <span class='ocrx_word' id='word_1_36' title='bbox 652 333 744 378; x_wconf 86' lang='lat' dir='ltr'>ipsos</span> <span class='ocrx_word' id='word_1_37' title='bbox 765 333 947 369; x_wconf 85' lang='lat' dir='ltr'>Antistites</span> <span class='ocrx_word' id='word_1_38' title='bbox 973 333 1101 369; x_wconf 79' lang='lat' dir='ltr'>directe</span> <span class='ocrx_word' id='word_1_39' title='bbox 1126 333 1214 368; x_wconf 87' lang='lat' dir='ltr'>mitti</span> <span class='ocrx_word' id='word_1_40' title='bbox 1238 339 1380 379; x_wconf 82' lang='lat' dir='ltr'>possunt</span> <span class='ocrx_word' id='word_1_41' title='bbox 1401 345 1460 380; x_wconf 90' lang='lat' dir='ltr'>pro</span> <span class='ocrx_word' id='word_1_42' title='bbox 1480 333 1747 369; x_wconf 86' lang='lat' dir='ltr'>necessitatibus</span> 
     </span>
     <span class='ocr_line' id='line_1_6' title="bbox 121 390 1747 433; baseline -0.001 -6"><span class='ocrx_word' id='word_1_43' title='bbox 121 393 336 428; x_wconf 86' lang='lat' dir='ltr'>sacerdotum</span> <span class='ocrx_word' id='word_1_44' title='bbox 363 392 543 426; x_wconf 75' lang='lat' dir='ltr'>dumtaxat</span> <span class='ocrx_word' id='word_1_45' title='bbox 583 392 624 425; x_wconf 90' lang='lat' dir='ltr'>iis</span> <span class='ocrx_word' id='word_1_46' title='bbox 660 391 891 433; x_wconf 89' lang='lat' dir='ltr'>subditorum,</span> <span class='ocrx_word' id='word_1_47' title='bbox 921 392 968 427; x_wconf 90' lang='lat' dir='ltr'>uti</span> <span class='ocrx_word' id='word_1_48' title='bbox 995 391 1186 427; x_wconf 83' lang='lat' dir='ltr'>declaravit</span> <span class='ocrx_word' id='word_1_49' title='bbox 1224 390 1259 427; x_wconf 90' lang='lat' dir='ltr'>S.</span> <span class='ocrx_word' id='word_1_50' title='bbox 1290 391 1327 428; x_wconf 91' lang='lat' dir='ltr'>C.</span> <span class='ocrx_word' id='word_1_51' title='bbox 1355 392 1392 428; x_wconf 92' lang='lat' dir='ltr'>C.</span> <span class='ocrx_word' id='word_1_52' title='bbox 1422 395 1446 427; x_wconf 84' lang='lat'>1.</span> <span class='ocrx_word' id='word_1_53' title='bbox 1489 391 1536 428; x_wconf 90' lang='lat' dir='ltr'>Ne</span> <span class='ocrx_word' id='word_1_54' title='bbox 1562 397 1677 427; x_wconf 89' lang='lat' dir='ltr'>autem</span> <span class='ocrx_word' id='word_1_55' title='bbox 1705 402 1747 426; x_wconf 77' lang='lat' dir='ltr'>ex</span> 
     </span>
     <span class='ocr_line' id='line_1_7' title="bbox 123 449 1746 497; baseline 0.002 -11"><span class='ocrx_word' id='word_1_56' title='bbox 123 451 279 497; x_wconf 89' lang='lat' dir='ltr'>pluribus</span> <span class='ocrx_word' id='word_1_57' title='bbox 305 451 388 486; x_wconf 90' lang='lat' dir='ltr'>locis</span> <span class='ocrx_word' id='word_1_58' title='bbox 414 450 517 485; x_wconf 89' lang='lat' dir='ltr'>simul</span> <span class='ocrx_word' id='word_1_59' title='bbox 545 450 674 485; x_wconf 90' lang='lat' dir='ltr'>multae</span> <span class='ocrx_word' id='word_1_60' title='bbox 700 449 942 495; x_wconf 86' lang='lat' dir='ltr'>eleemosynae</span> <span class='ocrx_word' id='word_1_61' title='bbox 967 451 1146 486; x_wconf 76' lang='lat' dir='ltr'>confluant</span> <span class='ocrx_word' id='word_1_62' title='bbox 1172 451 1207 485; x_wconf 91' lang='lat' dir='ltr'>in</span> <span class='ocrx_word' id='word_1_63' title='bbox 1237 463 1342 487; x_wconf 87' lang='lat' dir='ltr'>unam</span> <span class='ocrx_word' id='word_1_64' title='bbox 1369 457 1401 488; x_wconf 88' lang='lat' dir='ltr'>et</span> <span class='ocrx_word' id='word_1_65' title='bbox 1420 451 1581 487; x_wconf 87' lang='lat' dir='ltr'>eamdem</span> <span class='ocrx_word' id='word_1_66' title='bbox 1611 451 1746 490; x_wconf 87' lang='lat' dir='ltr'>Dioeoe·</span> 
     </span>
     <span class='ocr_line' id='line_1_8' title="bbox 121 508 1747 556; baseline 0.002 -12"><span class='ocrx_word' id='word_1_67' title='bbox 121 509 248 550; x_wconf 68' lang='lat' dir='ltr'>sim‚...</span> <span class='ocrx_word' id='word_1_68' title='bbox 278 509 353 545; x_wconf 89' lang='lat' dir='ltr'>ideo</span> <span class='ocrx_word' id='word_1_69' title='bbox 378 509 436 554; x_wconf 89' lang='lat' dir='ltr'>qui</span> <span class='ocrx_word' id='word_1_70' title='bbox 464 508 651 544; x_wconf 79' lang='lat' dir='ltr'>committit</span> <span class='ocrx_word' id='word_1_71' title='bbox 669 508 909 556; x_wconf 78' lang='lat' dir='ltr'>eleemosynas</span> <span class='ocrx_word' id='word_1_72' title='bbox 933 509 1036 545; x_wconf 88' lang='lat' dir='ltr'>alicui</span> <span class='ocrx_word' id='word_1_73' title='bbox 1060 510 1216 545; x_wconf 80' lang='lat' dir='ltr'>Praelato</span> <span class='ocrx_word' id='word_1_74' title='bbox 1240 510 1614 553; x_wconf 76' lang='lat' dir='ltr'>orientali„certiorem</span> <span class='ocrx_word' id='word_1_75' title='bbox 1642 512 1747 548; x_wconf 88' lang='lat' dir='ltr'>faciat</span> 
     </span>
     <span class='ocr_line' id='line_1_9' title="bbox 119 566 1747 616; baseline 0.002 -14"><span class='ocrx_word' id='word_1_76' title='bbox 119 568 161 603; x_wconf 91' lang='lat' dir='ltr'>de</span> <span class='ocrx_word' id='word_1_77' title='bbox 186 578 332 603; x_wconf 92' lang='lat' dir='ltr'>numero</span> <span class='ocrx_word' id='word_1_78' title='bbox 358 566 542 602; x_wconf 87' lang='lat' dir='ltr'>Missarum</span> <span class='ocrx_word' id='word_1_79' title='bbox 569 567 676 602; x_wconf 86' lang='lat' dir='ltr'>etiam</span> <span class='ocrx_word' id='word_1_80' title='bbox 708 566 906 612; x_wconf 86' lang='lat' dir='ltr'>Delegatum</span> <span class='ocrx_word' id='word_1_81' title='bbox 935 568 1096 614; x_wconf 81' lang='lat' dir='ltr'>Aplcum.</span> <span class='ocrx_word' id='word_1_82' title='bbox 1126 568 1277 613; x_wconf 81' lang='lat' dir='ltr'>regionis</span> <span class='ocrx_word' id='word_1_83' title='bbox 1303 569 1345 604; x_wconf 90' lang='lat' dir='ltr'>ad</span> <span class='ocrx_word' id='word_1_84' title='bbox 1377 580 1479 615; x_wconf 86' lang='lat' dir='ltr'>quem</span> <span class='ocrx_word' id='word_1_85' title='bbox 1507 575 1641 616; x_wconf 86' lang='lat' dir='ltr'>spectat</span> <span class='ocrx_word' id='word_1_86' title='bbox 1659 571 1747 616; x_wconf 86' lang='lat' dir='ltr'>vigi·</span> 
     </span>
     <span class='ocr_line' id='line_1_10' title="bbox 120 625 1295 671; baseline 0.002 -11"><span class='ocrx_word' id='word_1_87' title='bbox 120 626 190 662; x_wconf 88' lang='lat' dir='ltr'>lare</span> <span class='ocrx_word' id='word_1_88' title='bbox 216 631 252 661; x_wconf 93' lang='lat' dir='ltr'>ut</span> <span class='ocrx_word' id='word_1_89' title='bbox 279 625 411 666; x_wconf 83' lang='lat' dir='ltr'>Missae,</span> <span class='ocrx_word' id='word_1_90' title='bbox 439 636 478 661; x_wconf 88' lang='lat' dir='ltr'>ea</span> <span class='ocrx_word' id='word_1_91' title='bbox 504 636 572 671; x_wconf 89' lang='lat' dir='ltr'>qua</span> <span class='ocrx_word' id='word_1_92' title='bbox 600 637 661 671; x_wconf 91' lang='lat' dir='ltr'>par</span> <span class='ocrx_word' id='word_1_93' title='bbox 686 631 737 661; x_wconf 84' lang='lat' dir='ltr'>est</span> <span class='ocrx_word' id='word_1_94' title='bbox 764 626 998 663; x_wconf 89' lang='lat' dir='ltr'>sollicitudine</span> <span class='ocrx_word' id='word_1_95' title='bbox 1025 627 1295 663; x_wconf 80' lang='lat' dir='ltr'>celebrentur».</span> 
     </span>
    </p>

    <p class='ocr_par' dir='ltr' id='par_1_4' title="bbox 121 684 1747 790">
     <span class='ocr_line' id='line_1_11' title="bbox 214 684 1747 734; baseline 0.005 -15"><span class='ocrx_word' id='word_1_96' title='bbox 214 684 377 730; x_wconf 82' lang='lat' dir='ltr'>Sequitur</span> <span class='ocrx_word' id='word_1_97' title='bbox 402 695 482 729; x_wconf 83' lang='lat' dir='ltr'>ergo</span> <span class='ocrx_word' id='word_1_98' title='bbox 508 695 546 720; x_wconf 85' lang='lat' dir='ltr'>ex</span> <span class='ocrx_word' id='word_1_99' title='bbox 574 684 676 719; x_wconf 90' lang='lat' dir='ltr'>dictis</span> <span class='ocrx_word' id='word_1_100' title='bbox 704 695 803 730; x_wconf 89' lang='lat' dir='ltr'>posse</span> <span class='ocrx_word' id='word_1_101' title='bbox 829 684 952 721; x_wconf 90' lang='lat' dir='ltr'>Missas</span> <span class='ocrx_word' id='word_1_102' title='bbox 979 685 1067 720; x_wconf 91' lang='lat' dir='ltr'>mitti</span> <span class='ocrx_word' id='word_1_103' title='bbox 1097 685 1208 721; x_wconf 91' lang='lat' dir='ltr'>solum</span> <span class='ocrx_word' id='word_1_104' title='bbox 1240 687 1272 720; x_wconf 92' lang='lat' dir='ltr'>l0</span> <span class='ocrx_word' id='word_1_105' title='bbox 1300 687 1349 722; x_wconf 87' lang='lat' dir='ltr'>vel</span> <span class='ocrx_word' id='word_1_106' title='bbox 1379 698 1472 722; x_wconf 93' lang='lat' dir='ltr'>nunc</span> <span class='ocrx_word' id='word_1_107' title='bbox 1488 699 1547 734; x_wconf 91' lang='lat' dir='ltr'>per</span> <span class='ocrx_word' id='word_1_108' title='bbox 1561 687 1598 723; x_wconf 88' lang='lat' dir='ltr'>S.</span> <span class='ocrx_word' id='word_1_109' title='bbox 1619 687 1747 734; x_wconf 83' lang='lat' dir='ltr'>Congr.</span> 
     </span>
     <span class='ocr_line' id='line_1_12' title="bbox 121 741 1237 790; baseline 0 -11"><span class='ocrx_word' id='word_1_110' title='bbox 121 755 178 790; x_wconf 89' lang='lat' dir='ltr'>pro</span> <span class='ocrx_word' id='word_1_111' title='bbox 204 743 356 779; x_wconf 82' lang='lat' dir='ltr'>Ecclesia</span> <span class='ocrx_word' id='word_1_112' title='bbox 382 741 569 783; x_wconf 85' lang='lat' dir='ltr'>Orientali,</span> <span class='ocrx_word' id='word_1_113' title='bbox 599 743 675 778; x_wconf 86' lang='lat' dir='ltr'>sine</span> <span class='ocrx_word' id='word_1_114' title='bbox 703 743 910 780; x_wconf 84' lang='lat' dir='ltr'>limitatione</span> <span class='ocrx_word' id='word_1_115' title='bbox 936 755 1000 780; x_wconf 89' lang='lat' dir='ltr'>nec</span> <span class='ocrx_word' id='word_1_116' title='bbox 1026 745 1237 781; x_wconf 87' lang='lat' dir='ltr'>conditione.</span> 
     </span>
    </p>

    <p class='ocr_par' dir='ltr' id='par_1_5' title="bbox 121 802 1748 897">
     <span class='ocr_line' id='line_1_13' title="bbox 236 802 1748 852; baseline 0.003 -15"><span class='ocrx_word' id='word_1_117' title='bbox 236 802 272 837; x_wconf 70' lang='lat'>:2⁰</span> <span class='ocrx_word' id='word_1_118' title='bbox 310 802 360 837; x_wconf 83' lang='lat' dir='ltr'>vel</span> <span class='ocrx_word' id='word_1_119' title='bbox 412 813 470 849; x_wconf 91' lang='lat' dir='ltr'>per</span> <span class='ocrx_word' id='word_1_120' title='bbox 514 802 694 847; x_wconf 82' lang='lat' dir='ltr'>Delegatos</span> <span class='ocrx_word' id='word_1_121' title='bbox 734 803 872 849; x_wconf 87' lang='lat' dir='ltr'>Aplcos.</span> <span class='ocrx_word' id='word_1_122' title='bbox 911 803 975 838; x_wconf 91' lang='lat' dir='ltr'>sub</span> <span class='ocrx_word' id='word_1_123' title='bbox 1019 804 1227 840; x_wconf 84' lang='lat' dir='ltr'>limitatione</span> <span class='ocrx_word' id='word_1_124' title='bbox 1269 809 1302 840; x_wconf 92' lang='lat' dir='ltr'>et</span> <span class='ocrx_word' id='word_1_125' title='bbox 1343 805 1541 841; x_wconf 86' lang='lat' dir='ltr'>conditione</span> <span class='ocrx_word' id='word_1_126' title='bbox 1583 807 1748 852; x_wconf 84' lang='lat' dir='ltr'>expositis</span> 
     </span>
     <span class='ocr_line' id='line_1_14' title="bbox 121 861 300 897; baseline 0 -1"><span class='ocrx_word' id='word_1_127' title='bbox 121 862 156 896; x_wconf 89' lang='lat' dir='ltr'>in</span> <span class='ocrx_word' id='word_1_128' title='bbox 187 873 222 897; x_wconf 89' lang='lat' dir='ltr'>n.</span> <span class='ocrx_word' id='word_1_129' title='bbox 255 861 300 896; x_wconf 81' lang='grc'>10.</span> 
     </span>
    </p>

    <p class='ocr_par' dir='ltr' id='par_1_6' title="bbox 120 920 1750 1026">
     <span class='ocr_line' id='line_1_15' title="bbox 237 920 1750 967; baseline 0.003 -12"><span class='ocrx_word' id='word_1_130' title='bbox 237 920 273 955; x_wconf 82' lang='grc'>30</span> <span class='ocrx_word' id='word_1_131' title='bbox 298 921 340 956; x_wconf 88' lang='lat' dir='ltr'>ad</span> <span class='ocrx_word' id='word_1_132' title='bbox 370 921 553 967; x_wconf 88' lang='lat' dir='ltr'>Episcopos</span> <span class='ocrx_word' id='word_1_133' title='bbox 580 932 659 956; x_wconf 92' lang='lat' dir='ltr'>cum</span> <span class='ocrx_word' id='word_1_134' title='bbox 689 921 927 957; x_wconf 87' lang='lat' dir='ltr'>iurisdictione</span> <span class='ocrx_word' id='word_1_135' title='bbox 953 922 1143 964; x_wconf 81' lang='lat' dir='ltr'>ordinaria,</span> <span class='ocrx_word' id='word_1_136' title='bbox 1170 922 1251 958; x_wconf 88' lang='lat' dir='ltr'>item</span> <span class='ocrx_word' id='word_1_137' title='bbox 1279 933 1356 958; x_wconf 91' lang='lat' dir='ltr'>cum</span> <span class='ocrx_word' id='word_1_138' title='bbox 1386 923 1592 959; x_wconf 86' lang='lat' dir='ltr'>limitatione</span> <span class='ocrx_word' id='word_1_139' title='bbox 1611 928 1643 959; x_wconf 89' lang='lat' dir='ltr'>et</span> <span class='ocrx_word' id='word_1_140' title='bbox 1672 935 1750 960; x_wconf 92' lang='lat' dir='ltr'>con-</span> 
     </span>
     <span class='ocr_line' id='line_1_16' title="bbox 120 979 600 1026; baseline 0.002 -11"><span class='ocrx_word' id='word_1_141' title='bbox 120 979 264 1021; x_wconf 90' lang='lat' dir='ltr'>ditione,</span> <span class='ocrx_word' id='word_1_142' title='bbox 291 984 329 1015; x_wconf 87' lang='lat' dir='ltr'>ut</span> <span class='ocrx_word' id='word_1_143' title='bbox 353 991 461 1026; x_wconf 88' lang='lat' dir='ltr'>supra</span> <span class='ocrx_word' id='word_1_144' title='bbox 487 991 523 1014; x_wconf 87' lang='lat' dir='ltr'>n.</span> <span class='ocrx_word' id='word_1_145' title='bbox 553 979 600 1016; x_wconf 75' lang='lat'>6⁶.</span> 
     </span>
    </p>

    <p class='ocr_par' dir='ltr' id='par_1_7' title="bbox 232 1037 1699 1086">
     <span class='ocr_line' id='line_1_17' title="bbox 232 1037 1699 1086; baseline 0.003 -13"><span class='ocrx_word' id='word_1_146' title='bbox 232 1043 265 1074; x_wconf 93' lang='lat' dir='ltr'>et</span> <span class='ocrx_word' id='word_1_147' title='bbox 290 1037 328 1073; x_wconf 81' lang='lat'>40</span> <span class='ocrx_word' id='word_1_148' title='bbox 353 1050 372 1074; x_wconf 89' lang='lat' dir='ltr'>a</span> <span class='ocrx_word' id='word_1_149' title='bbox 398 1037 644 1084; x_wconf 86' lang='lat' dir='ltr'>Superioribus</span> <span class='ocrx_word' id='word_1_150' title='bbox 671 1039 846 1085; x_wconf 87' lang='lat' dir='ltr'>religiosis</span> <span class='ocrx_word' id='word_1_151' title='bbox 874 1050 934 1086; x_wconf 87' lang='lat' dir='ltr'>pro</span> <span class='ocrx_word' id='word_1_152' title='bbox 960 1039 1110 1075; x_wconf 90' lang='lat' dir='ltr'>subditis</span> <span class='ocrx_word' id='word_1_153' title='bbox 1135 1040 1207 1075; x_wconf 89' lang='lat' dir='ltr'>suis</span> <span class='ocrx_word' id='word_1_154' title='bbox 1225 1040 1454 1076; x_wconf 76' lang='lat' dir='ltr'>existentibus</span> <span class='ocrx_word' id='word_1_155' title='bbox 1481 1041 1515 1076; x_wconf 91' lang='lat' dir='ltr'>in</span> <span class='ocrx_word' id='word_1_156' title='bbox 1545 1039 1699 1077; x_wconf 82' lang='lat' dir='ltr'>Oriente.</span> 
     </span>
    </p>

    <p class='ocr_par' dir='ltr' id='par_1_8' title="bbox 116 1097 1748 1322">
     <span class='ocr_line' id='line_1_18' title="bbox 233 1097 1746 1145; baseline 0.003 -13"><span class='ocrx_word' id='word_1_157' title='bbox 233 1097 271 1132; x_wconf 91' lang='lat' dir='ltr'>Et</span> <span class='ocrx_word' id='word_1_158' title='bbox 299 1109 377 1134; x_wconf 88' lang='lat' dir='ltr'>cum</span> <span class='ocrx_word' id='word_1_159' title='bbox 406 1098 490 1133; x_wconf 86' lang='lat' dir='ltr'>haec</span> <span class='ocrx_word' id='word_1_160' title='bbox 518 1098 729 1144; x_wconf 86' lang='lat' dir='ltr'>praescripta</span> <span class='ocrx_word' id='word_1_161' title='bbox 755 1098 826 1133; x_wconf 90' lang='lat' dir='ltr'>sint</span> <span class='ocrx_word' id='word_1_162' title='bbox 867 1099 936 1134; x_wconf 83' lang='lat' dir='ltr'>sere</span> <span class='ocrx_word' id='word_1_163' title='bbox 961 1099 1081 1134; x_wconf 88' lang='lat' dir='ltr'>omnia</span> <span class='ocrx_word' id='word_1_164' title='bbox 1109 1110 1168 1145; x_wconf 88' lang='lat' dir='ltr'>pro</span> <span class='ocrx_word' id='word_1_165' title='bbox 1205 1099 1365 1135; x_wconf 87' lang='lat' dir='ltr'>Ecclesiis</span> <span class='ocrx_word' id='word_1_166' title='bbox 1395 1099 1638 1145; x_wconf 77' lang='lat' dir='ltr'>orientalibus,</span> <span class='ocrx_word' id='word_1_167' title='bbox 1666 1111 1746 1136; x_wconf 84' lang='lat' dir='ltr'>oum</span> 
     </span>
     <span class='ocr_line' id='line_1_19' title="bbox 123 1155 1747 1205; baseline 0.004 -15"><span class='ocrx_word' id='word_1_168' title='bbox 123 1157 230 1203; x_wconf 83' lang='lat' dir='ltr'>«ipse</span> <span class='ocrx_word' id='word_1_169' title='bbox 256 1155 368 1192; x_wconf 88' lang='lat' dir='ltr'>Codex</span> <span class='ocrx_word' id='word_1_170' title='bbox 396 1167 504 1192; x_wconf 89' lang='lat' dir='ltr'>unam</span> <span class='ocrx_word' id='word_1_171' title='bbox 531 1157 674 1203; x_wconf 86' lang='lat' dir='ltr'>respicit</span> <span class='ocrx_word' id='word_1_172' title='bbox 703 1157 860 1192; x_wconf 85' lang='lat' dir='ltr'>Latinam</span> <span class='ocrx_word' id='word_1_173' title='bbox 889 1157 1076 1193; x_wconf 77' lang='lat' dir='ltr'>Ecclesiam</span> <span class='ocrx_word' id='word_1_174' title='bbox 1106 1172 1139 1199; x_wconf 87' lang='lat'>»‚</span> <span class='ocrx_word' id='word_1_175' title='bbox 1168 1169 1233 1194; x_wconf 89' lang='lat' dir='ltr'>nec</span> <span class='ocrx_word' id='word_1_176' title='bbox 1258 1158 1300 1194; x_wconf 93' lang='lat' dir='ltr'>de</span> <span class='ocrx_word' id='word_1_177' title='bbox 1326 1158 1367 1193; x_wconf 89' lang='lat' dir='ltr'>iis</span> <span class='ocrx_word' id='word_1_178' title='bbox 1393 1159 1509 1204; x_wconf 85' lang='lat' dir='ltr'>agitur</span> <span class='ocrx_word' id='word_1_179' title='bbox 1550 1173 1565 1191; x_wconf 65' lang='grc' dir='ltr'>α</span> <span class='ocrx_word' id='word_1_180' title='bbox 1594 1170 1682 1205; x_wconf 90' lang='lat' dir='ltr'>quae</span> <span class='ocrx_word' id='word_1_181' title='bbox 1707 1170 1747 1195; x_wconf 87' lang='lat' dir='ltr'>ex</span> 
     </span>
     <span class='ocr_line' id='line_1_20' title="bbox 116 1214 1748 1264; baseline 0.002 -13"><span class='ocrx_word' id='word_1_182' title='bbox 116 1217 191 1263; x_wconf 89' lang='lat' dir='ltr'>ipsa</span> <span class='ocrx_word' id='word_1_183' title='bbox 209 1215 255 1252; x_wconf 88' lang='lat' dir='ltr'>rei</span> <span class='ocrx_word' id='word_1_184' title='bbox 276 1221 404 1251; x_wconf 89' lang='lat' dir='ltr'>natura</span> <span class='ocrx_word' id='word_1_185' title='bbox 421 1215 526 1251; x_wconf 86' lang='lat' dir='ltr'>etiam</span> <span class='ocrx_word' id='word_1_186' title='bbox 547 1214 762 1252; x_wconf 88' lang='lat' dir='ltr'>Orientalem</span> <span class='ocrx_word' id='word_1_187' title='bbox 781 1217 937 1252; x_wconf 78' lang='lat' dir='ltr'>afficiunt</span> <span class='ocrx_word' id='word_1_188' title='bbox 961 1229 995 1259; x_wconf 82' lang='lat'>»;</span> <span class='ocrx_word' id='word_1_189' title='bbox 1023 1217 1181 1263; x_wconf 90' lang='lat' dir='ltr'>sequitur</span> <span class='ocrx_word' id='word_1_190' title='bbox 1200 1217 1258 1252; x_wconf 91' lang='lat' dir='ltr'>illa</span> <span class='ocrx_word' id='word_1_191' title='bbox 1275 1218 1389 1263; x_wconf 84' lang='lat' dir='ltr'>vigere</span> <span class='ocrx_word' id='word_1_192' title='bbox 1414 1218 1540 1259; x_wconf 76' lang='lat' dir='ltr'>adhuc,</span> <span class='ocrx_word' id='word_1_193' title='bbox 1566 1229 1748 1264; x_wconf 78' lang='lat' dir='ltr'>quousque</span> 
     </span>
     <span class='ocr_line' id='line_1_21' title="bbox 117 1273 1108 1322; baseline 0 -11"><span class='ocrx_word' id='word_1_194' title='bbox 117 1274 154 1311; x_wconf 84' lang='lat' dir='ltr'>S.</span> <span class='ocrx_word' id='word_1_195' title='bbox 183 1274 310 1320; x_wconf 85' lang='lat' dir='ltr'>Congr.</span> <span class='ocrx_word' id='word_1_196' title='bbox 343 1286 403 1320; x_wconf 89' lang='lat' dir='ltr'>pro</span> <span class='ocrx_word' id='word_1_197' title='bbox 430 1274 578 1310; x_wconf 76' lang='lat' dir='ltr'>Ecclesia</span> <span class='ocrx_word' id='word_1_198' title='bbox 607 1273 779 1311; x_wconf 84' lang='lat' dir='ltr'>Orientali</span> <span class='ocrx_word' id='word_1_199' title='bbox 806 1276 907 1311; x_wconf 86' lang='lat' dir='ltr'>aliter</span> <span class='ocrx_word' id='word_1_200' title='bbox 932 1276 1108 1322; x_wconf 85' lang='lat' dir='ltr'>disponat.</span> 
     </span>
    </p>

    <p class='ocr_par' dir='ltr' id='par_1_9' title="bbox 111 1346 1747 2396">
     <span class='ocr_line' id='line_1_22' title="bbox 237 1346 1747 1402; baseline 0.003 -14"><span class='ocrx_word' id='word_1_201' title='bbox 237 1346 334 1389; x_wconf 78' lang='lat'>153.</span> <span class='ocrx_word' id='word_1_202' title='bbox 369 1347 442 1393; x_wconf 90' lang='lat' dir='ltr'>De</span> <span class='ocrx_word' id='word_1_203' title='bbox 473 1348 808 1393; x_wconf 81' lang='lat' dir='ltr'>translatione</span> <span class='ocrx_word' id='word_1_204' title='bbox 830 1350 994 1393; x_wconf 86' lang='lat' dir='ltr'>oneris</span> <span class='ocrx_word' id='word_1_205' title='bbox 1018 1351 1290 1394; x_wconf 81' lang='lat' dir='ltr'>missarum.</span> <span class='ocrx_word' id='word_1_206' title='bbox 1320 1375 1370 1379; x_wconf 83' lang='lat'>—</span> <span class='ocrx_word' id='word_1_207' title='bbox 1400 1347 1499 1392; x_wconf 68' lang='lat' dir='ltr'>Can.</span> <span class='ocrx_word' id='word_1_208' title='bbox 1524 1350 1632 1394; x_wconf 84' lang='grc'><em>839.</em></span> <span class='ocrx_word' id='word_1_209' title='bbox 1661 1347 1747 1402; x_wconf 68' lang='lat' dir='ltr'>Qui</span> 
     </span>
     <span class='ocr_line' id='line_1_23' title="bbox 114 1415 1746 1477; baseline 0.002 -17"><span class='ocrx_word' id='word_1_210' title='bbox 114 1416 154 1474; x_wconf 87' lang='lat' dir='ltr'>a)</span> <span class='ocrx_word' id='word_1_211' title='bbox 189 1415 344 1460; x_wconf 76' lang='lat' dir='ltr'>Missas</span> <span class='ocrx_word' id='word_1_212' title='bbox 378 1431 401 1459; x_wconf 85' lang='grc' dir='ltr'><em>α</em></span> <span class='ocrx_word' id='word_1_213' title='bbox 435 1416 626 1473; x_wconf 77' lang='lat' dir='ltr'>fidelibus</span> <span class='ocrx_word' id='word_1_214' title='bbox 660 1423 864 1475; x_wconf 74' lang='lat' dir='ltr'>receptas,</span> <span class='ocrx_word' id='word_1_215' title='bbox 889 1431 988 1474; x_wconf 84' lang='lat' dir='ltr'>ergo</span> <span class='ocrx_word' id='word_1_216' title='bbox 1023 1419 1249 1470; x_wconf 85' lang='lat' dir='ltr'>manuales,</span> <span class='ocrx_word' id='word_1_217' title='bbox 1284 1419 1327 1476; x_wconf 91' lang='lat' dir='ltr'>b)</span> <span class='ocrx_word' id='word_1_218' title='bbox 1352 1424 1396 1462; x_wconf 81' lang='lat' dir='ltr'>at</span> <span class='ocrx_word' id='word_1_219' title='bbox 1429 1433 1591 1477; x_wconf 74' lang='lat' dir='ltr'>quoquo</span> <span class='ocrx_word' id='word_1_220' title='bbox 1625 1419 1746 1464; x_wconf 86' lang='lat' dir='ltr'>modo</span> 
     </span>
     <span class='ocr_line' id='line_1_24' title="bbox 113 1487 1745 1545; baseline 0.002 -15"><span class='ocrx_word' id='word_1_221' title='bbox 113 1501 215 1530; x_wconf 80' lang='lat' dir='ltr'>suae</span> <span class='ocrx_word' id='word_1_222' title='bbox 246 1487 344 1544; x_wconf 80' lang='lat' dir='ltr'>fidei</span> <span class='ocrx_word' id='word_1_223' title='bbox 377 1488 620 1531; x_wconf 76' lang='lat' dir='ltr'>commissas</span> <span class='ocrx_word' id='word_1_224' title='bbox 654 1493 697 1531; x_wconf 92' lang='lat' dir='ltr'>ut</span> <span class='ocrx_word' id='word_1_225' title='bbox 730 1488 1002 1545; x_wconf 80' lang='lat' dir='ltr'>applicentur,</span> <span class='ocrx_word' id='word_1_226' title='bbox 1037 1491 1126 1532; x_wconf 78' lang='lat' dir='ltr'>sive</span> <span class='ocrx_word' id='word_1_227' title='bbox 1162 1503 1233 1545; x_wconf 88' lang='lat' dir='ltr'>per</span> <span class='ocrx_word' id='word_1_228' title='bbox 1257 1494 1562 1545; x_wconf 84' lang='lat' dir='ltr'>testamentum,</span> <span class='ocrx_word' id='word_1_229' title='bbox 1587 1493 1677 1534; x_wconf 86' lang='lat' dir='ltr'>sive</span> <span class='ocrx_word' id='word_1_230' title='bbox 1703 1495 1745 1534; x_wconf 90' lang='lat' dir='ltr'>ut</span> 
     </span>
     <span class='ocr_line' id='line_1_25' title="bbox 114 1559 1743 1619; baseline 0.001 -16"><span class='ocrx_word' id='word_1_231' title='bbox 114 1559 438 1603; x_wconf 77' lang='lat' dir='ltr'>administratori</span> <span class='ocrx_word' id='word_1_232' title='bbox 490 1561 651 1615; x_wconf 86' lang='lat' dir='ltr'>piarum</span> <span class='ocrx_word' id='word_1_233' title='bbox 688 1559 991 1615; x_wconf 80' lang='lat' dir='ltr'>fundationum,</span> <span class='ocrx_word' id='word_1_234' title='bbox 1041 1563 1130 1603; x_wconf 75' lang='lat' dir='ltr'>sive</span> <span class='ocrx_word' id='word_1_235' title='bbox 1163 1574 1236 1616; x_wconf 88' lang='lat' dir='ltr'>per</span> <span class='ocrx_word' id='word_1_236' title='bbox 1273 1560 1398 1603; x_wconf 88' lang='lat' dir='ltr'>alium</span> <span class='ocrx_word' id='word_1_237' title='bbox 1434 1574 1743 1619; x_wconf 83' lang='lat' dir='ltr'>quemcumque</span> 
     </span>
     <span class='ocr_line' id='line_1_26' title="bbox 115 1627 1745 1686; baseline 0.001 -13"><span class='ocrx_word' id='word_1_238' title='bbox 115 1630 283 1673; x_wconf 84' lang='lat' dir='ltr'>modum</span> <span class='ocrx_word' id='word_1_239' title='bbox 321 1643 357 1672; x_wconf 91' lang='lat' dir='ltr'>v.</span> <span class='ocrx_word' id='word_1_240' title='bbox 394 1643 432 1686; x_wconf 84' lang='lat' dir='ltr'>g.</span> <span class='ocrx_word' id='word_1_241' title='bbox 465 1642 571 1686; x_wconf 79' lang='lat' dir='ltr'>quae</span> <span class='ocrx_word' id='word_1_242' title='bbox 594 1627 833 1674; x_wconf 85' lang='lat' dir='ltr'>Ordiuariis</span> <span class='ocrx_word' id='word_1_243' title='bbox 857 1631 1078 1674; x_wconf 86' lang='lat' dir='ltr'>traduntur</span> <span class='ocrx_word' id='word_1_244' title='bbox 1101 1632 1150 1674; x_wconf 87' lang='lat' dir='ltr'>ad</span> <span class='ocrx_word' id='word_1_245' title='bbox 1177 1644 1363 1674; x_wconf 87' lang='lat' dir='ltr'>normam</span> <span class='ocrx_word' id='word_1_246' title='bbox 1389 1637 1494 1674; x_wconf 52' lang='grc' dir='ltr'><strong>(των.</strong></span> <span class='ocrx_word' id='word_1_247' title='bbox 1520 1631 1617 1677; x_wconf 81' lang='grc'>841.</span> <span class='ocrx_word' id='word_1_248' title='bbox 1642 1631 1745 1675; x_wconf 72' lang='lat' dir='ltr'>aliis</span> 
     </span>
     <span class='ocr_line' id='line_1_27' title="bbox 113 1699 1741 1758; baseline 0.001 -14"><span class='ocrx_word' id='word_1_249' title='bbox 113 1700 248 1745; x_wconf 87' lang='lat' dir='ltr'>adhuc</span> <span class='ocrx_word' id='word_1_250' title='bbox 281 1699 553 1743; x_wconf 70' lang='lat' dir='ltr'>celebrandas</span> <span class='ocrx_word' id='word_1_251' title='bbox 589 1699 862 1755; x_wconf 73' lang='lat' dir='ltr'>tradiderim,</span> <span class='ocrx_word' id='word_1_252' title='bbox 895 1701 1150 1758; x_wconf 60' lang='lat' dir='ltr'>obliqaobne</span> <span class='ocrx_word' id='word_1_253' title='bbox 1181 1703 1290 1745; x_wconf 87' lang='lat' dir='ltr'>sicut</span> <span class='ocrx_word' id='word_1_254' title='bbox 1337 1707 1450 1745; x_wconf 86' lang='lat' dir='ltr'>ante·</span> <span class='ocrx_word' id='word_1_255' title='bbox 1480 1703 1741 1745; x_wconf 85' lang='lat' dir='ltr'>traditionem</span> 
     </span>
     <span class='ocr_line' id='line_1_28' title="bbox 114 1771 1742 1828; baseline 0.001 -14"><span class='ocrx_word' id='word_1_256' title='bbox 114 1776 322 1822; x_wconf 76' lang='lat' dir='ltr'>tenentur,</span> <span class='ocrx_word' id='word_1_257' title='bbox 358 1784 435 1813; x_wconf 90' lang='lat' dir='ltr'>uon</span> <span class='ocrx_word' id='word_1_258' title='bbox 470 1771 825 1828; x_wconf 84' lang='lat' dir='ltr'>quemadmodum</span> <span class='ocrx_word' id='word_1_259' title='bbox 861 1772 1074 1815; x_wconf 88' lang='lat' dir='ltr'>decretum</span> <span class='ocrx_word' id='word_1_260' title='bbox 1112 1774 1244 1816; x_wconf 76' lang='lat' dir='ltr'>luerat</span> <span class='ocrx_word' id='word_1_261' title='bbox 1276 1771 1353 1816; x_wconf 83' lang='lat' dir='ltr'>sul)</span> <span class='ocrx_word' id='word_1_262' title='bbox 1387 1786 1425 1817; x_wconf 91' lang='lat' dir='ltr'>n.</span> <span class='ocrx_word' id='word_1_263' title='bbox 1463 1774 1504 1815; x_wconf 79' lang='lat'>60</span> <span class='ocrx_word' id='word_1_264' title='bbox 1545 1788 1564 1813; x_wconf 84' lang='lat'>((</span> <span class='ocrx_word' id='word_1_265' title='bbox 1587 1772 1637 1817; x_wconf 91' lang='lat' dir='ltr'>Ut</span> <span class='ocrx_word' id='word_1_266' title='bbox 1670 1773 1742 1816; x_wconf 87' lang='lat' dir='ltr'>de-</span> 
     </span>
     <span class='ocr_line' id='line_1_29' title="bbox 115 1841 1742 1901; baseline 0.001 -16"><span class='ocrx_word' id='word_1_267' title='bbox 115 1841 195 1885; x_wconf 91' lang='lat' dir='ltr'>bita</span> <span class='ocrx_word' id='word_1_268' title='bbox 218 1857 259 1896; x_wconf 72' lang='lat' dir='ltr'>n,</span> <span class='ocrx_word' id='word_1_269' title='bbox 299 1857 319 1882; x_wconf 84' lang='lat'><strong><em>«</em></strong></span> <span class='ocrx_word' id='word_1_270' title='bbox 345 1855 474 1899; x_wconf 85' lang='lat' dir='ltr'>usque</span> <span class='ocrx_word' id='word_1_271' title='bbox 496 1841 595 1884; x_wconf 89' lang='lat' dir='ltr'>dum</span> <span class='ocrx_word' id='word_1_272' title='bbox 622 1847 814 1898; x_wconf 84' lang='lat' dir='ltr'>peractae</span> <span class='ocrx_word' id='word_1_273' title='bbox 837 1842 1128 1886; x_wconf 80' lang='lat' dir='ltr'>celebrationis</span> <span class='ocrx_word' id='word_1_274' title='bbox 1151 1843 1273 1886; x_wconf 84' lang='lat' dir='ltr'>fidem</span> <span class='ocrx_word' id='word_1_275' title='bbox 1301 1856 1378 1886; x_wconf 89' lang='lat' dir='ltr'>uon</span> <span class='ocrx_word' id='word_1_276' title='bbox 1404 1846 1481 1886; x_wconf 85' lang='lat' dir='ltr'>siut</span> <span class='ocrx_word' id='word_1_277' title='bbox 1506 1846 1742 1901; x_wconf 78' lang='lat' dir='ltr'>assequuti3</span> 
     </span>
     <span class='ocr_line' id='line_1_30' title="bbox 111 1912 1742 1970; baseline 0.001 -14"><span class='ocrx_word' id='word_1_278' title='bbox 111 1913 215 1956; x_wconf 85' lang='lat' dir='ltr'>adeo</span> <span class='ocrx_word' id='word_1_279' title='bbox 249 1917 308 1968; x_wconf 85' lang='lat' dir='ltr'>ut,</span> <span class='ocrx_word' id='word_1_280' title='bbox 342 1915 372 1955; x_wconf 87' lang='lat' dir='ltr'>si</span> <span class='ocrx_word' id='word_1_281' title='bbox 409 1925 459 1955; x_wconf 82' lang='lat' dir='ltr'>ex</span> <span class='ocrx_word' id='word_1_282' title='bbox 495 1912 788 1969; x_wconf 76' lang='lat' dir='ltr'>eleemosynae</span> <span class='ocrx_word' id='word_1_283' title='bbox 823 1913 1092 1970; x_wconf 81' lang='lat' dir='ltr'>dispersione,</span> <span class='ocrx_word' id='word_1_284' title='bbox 1126 1927 1175 1957; x_wconf 80' lang='lat' dir='ltr'>ex</span> <span class='ocrx_word' id='word_1_285' title='bbox 1212 1918 1343 1957; x_wconf 84' lang='lat' dir='ltr'>morte</span> <span class='ocrx_word' id='word_1_286' title='bbox 1386 1915 1628 1969; x_wconf 86' lang='lat' dir='ltr'>sacerdotis,</span> <span class='ocrx_word' id='word_1_287' title='bbox 1673 1922 1742 1958; x_wconf 82' lang='lat' dir='ltr'>aut</span> 
     </span>
     <span class='ocr_line' id='line_1_31' title="bbox 113 1982 1740 2040; baseline 0.001 -13"><span class='ocrx_word' id='word_1_288' title='bbox 113 1997 162 2027; x_wconf 85' lang='lat' dir='ltr'>ex</span> <span class='ocrx_word' id='word_1_289' title='bbox 197 1983 276 2027; x_wconf 91' lang='lat' dir='ltr'>alia</span> <span class='ocrx_word' id='word_1_290' title='bbox 309 1982 495 2040; x_wconf 81' lang='lat' dir='ltr'>qualibet</span> <span class='ocrx_word' id='word_1_291' title='bbox 527 1986 649 2026; x_wconf 84' lang='lat' dir='ltr'>etiam</span> <span class='ocrx_word' id='word_1_292' title='bbox 686 1984 852 2027; x_wconf 82' lang='lat' dir='ltr'>fortuita</span> <span class='ocrx_word' id='word_1_293' title='bbox 887 1997 1010 2028; x_wconf 90' lang='lat' dir='ltr'>causa</span> <span class='ocrx_word' id='word_1_294' title='bbox 1045 1986 1082 2027; x_wconf 89' lang='lat' dir='ltr'>in</span> <span class='ocrx_word' id='word_1_295' title='bbox 1119 1987 1278 2027; x_wconf 89' lang='lat' dir='ltr'>irritum</span> <span class='ocrx_word' id='word_1_296' title='bbox 1317 1999 1380 2027; x_wconf 87' lang='lat' dir='ltr'>res</span> <span class='ocrx_word' id='word_1_297' title='bbox 1413 1987 1598 2039; x_wconf 62' lang='lat' dir='ltr'>cesserit,</span> <span class='ocrx_word' id='word_1_298' title='bbox 1630 1998 1740 2029; x_wconf 85' lang='lat' dir='ltr'>com-</span> 
     </span>
     <span class='ocr_line' id='line_1_32' title="bbox 115 2054 1741 2112; baseline -0.001 -15"><span class='ocrx_word' id='word_1_299' title='bbox 115 2057 278 2098; x_wconf 86' lang='lat' dir='ltr'>mitteus</span> <span class='ocrx_word' id='word_1_300' title='bbox 311 2055 362 2097; x_wconf 83' lang='lat' dir='ltr'>(le</span> <span class='ocrx_word' id='word_1_301' title='bbox 394 2068 468 2097; x_wconf 89' lang='lat' dir='ltr'>suo</span> <span class='ocrx_word' id='word_1_302' title='bbox 501 2054 695 2111; x_wconf 83' lang='lat' dir='ltr'>supplere</span> <span class='ocrx_word' id='word_1_303' title='bbox 730 2054 893 2109; x_wconf 86' lang='lat' dir='ltr'>debeat,</span> <span class='ocrx_word' id='word_1_304' title='bbox 941 2060 980 2099; x_wconf 89' lang='lat' dir='ltr'>et</span> <span class='ocrx_word' id='word_1_305' title='bbox 1024 2058 1158 2098; x_wconf 87' lang='lat' dir='ltr'>missis</span> <span class='ocrx_word' id='word_1_306' title='bbox 1205 2056 1442 2099; x_wconf 74' lang='lat' dir='ltr'>satisfacere</span> <span class='ocrx_word' id='word_1_307' title='bbox 1490 2061 1741 2112; x_wconf 74' lang='lat' dir='ltr'>teneatur»,</span> 
     </span>
     <span class='ocr_line' id='line_1_33' title="bbox 112 2125 1741 2183; baseline 0.001 -14"><span class='ocrx_word' id='word_1_308' title='bbox 112 2126 219 2183; x_wconf 85' lang='lat' dir='ltr'>quod</span> <span class='ocrx_word' id='word_1_309' title='bbox 255 2138 364 2168; x_wconf 87' lang='lat' dir='ltr'>nunc</span> <span class='ocrx_word' id='word_1_310' title='bbox 399 2126 533 2168; x_wconf 81' lang='lat' dir='ltr'>tacere</span> <span class='ocrx_word' id='word_1_311' title='bbox 568 2125 701 2168; x_wconf 86' lang='lat' dir='ltr'>solum</span> <span class='ocrx_word' id='word_1_312' title='bbox 737 2125 861 2169; x_wconf 86' lang='lat' dir='ltr'>debet</span> <span class='ocrx_word' id='word_1_313' title='bbox 894 2139 1021 2183; x_wconf 75' lang='lat' dir='ltr'>usque</span> <span class='ocrx_word' id='word_1_314' title='bbox 1053 2125 1150 2169; x_wconf 79' lang='lat' dir='ltr'>dum</span> <span class='ocrx_word' id='word_1_315' title='bbox 1183 2125 1224 2183; x_wconf 87' lang='lat' dir='ltr'>a)</span> <span class='ocrx_word' id='word_1_316' title='bbox 1260 2132 1502 2183; x_wconf 63' lang='lat' dir='ltr'>accepturae</span> <span class='ocrx_word' id='word_1_317' title='bbox 1533 2134 1628 2183; x_wconf 50' lang='lat' dir='ltr'>gnon</span> <span class='ocrx_word' id='word_1_318' title='bbox 1654 2132 1741 2171; x_wconf 86' lang='lat' dir='ltr'>tan-</span> 
     </span>
     <span class='ocr_line' id='line_1_34' title="bbox 111 2195 1742 2254; baseline 0.001 -15"><span class='ocrx_word' id='word_1_319' title='bbox 111 2201 197 2239; x_wconf 87' lang='lat' dir='ltr'>tum</span> <span class='ocrx_word' id='word_1_320' title='bbox 232 2195 440 2252; x_wconf 83' lang='lat' dir='ltr'>cognitae)</span> <span class='ocrx_word' id='word_1_321' title='bbox 477 2195 526 2238; x_wconf 81' lang='lat' dir='ltr'>ab</span> <span class='ocrx_word' id='word_1_322' title='bbox 559 2195 715 2239; x_wconf 75' lang='lat' dir='ltr'>eisdem</span> <span class='ocrx_word' id='word_1_323' title='bbox 750 2195 1022 2254; x_wconf 68' lang='lat' dir='ltr'>ohlv&#39;yaliom&#39;s</span> <span class='ocrx_word' id='word_1_324' title='bbox 1053 2196 1290 2240; x_wconf 85' lang='lat' dir='ltr'>celebrandi</span> <span class='ocrx_word' id='word_1_325' title='bbox 1316 2202 1355 2240; x_wconf 88' lang='lat' dir='ltr'>et</span> <span class='ocrx_word' id='word_1_326' title='bbox 1377 2197 1612 2254; x_wconf 83' lang='lat' dir='ltr'>applicandi</span> <span class='ocrx_word' id='word_1_327' title='bbox 1640 2197 1680 2249; x_wconf 63' lang='lat' dir='ltr'>bi</span> <span class='ocrx_word' id='word_1_328' title='bbox 1703 2203 1742 2241; x_wconf 83' lang='lat' dir='ltr'>el</span> 
     </span>
     <span class='ocr_line' id='line_1_35' title="bbox 112 2266 1740 2324; baseline 0.001 -14"><span class='ocrx_word' id='word_1_329' title='bbox 112 2267 267 2324; x_wconf 76' lang='lat' dir='ltr'>recepti</span> <span class='ocrx_word' id='word_1_330' title='bbox 300 2267 461 2310; x_wconf 88' lang='lat' dir='ltr'>relativi</span> <span class='ocrx_word' id='word_1_331' title='bbox 500 2266 716 2324; x_wconf 69' lang='lat' dir='ltr'>stipendii,</span> <span class='ocrx_word' id='word_1_332' title='bbox 751 2281 822 2310; x_wconf 87' lang='lat' dir='ltr'>scu</span> <span class='ocrx_word' id='word_1_333' title='bbox 874 2269 1088 2324; x_wconf 84' lang='lat' dir='ltr'>utriusque</span> <span class='ocrx_word' id='word_1_334' title='bbox 1139 2268 1420 2311; x_wconf 72' lang='lat' dir='ltr'>testimonium</span> <span class='ocrx_word' id='word_1_335' title='bbox 1468 2268 1740 2322; x_wconf 75' lang='lat' dir='ltr'>obtimcerint,</span> 
     </span>
     <span class='ocr_line' id='line_1_36' title="bbox 114 2337 1371 2396; baseline 0.001 -16"><span class='ocrx_word' id='word_1_336' title='bbox 114 2337 379 2390; x_wconf 76' lang='lat' dir='ltr'>verbotenus,</span> <span class='ocrx_word' id='word_1_337' title='bbox 414 2339 568 2394; x_wconf 84' lang='lat' dir='ltr'>scripto</span> <span class='ocrx_word' id='word_1_338' title='bbox 603 2342 672 2381; x_wconf 87' lang='lat' dir='ltr'>aut</span> <span class='ocrx_word' id='word_1_339' title='bbox 709 2341 866 2390; x_wconf 75' lang='lat' dir='ltr'>nuntio,</span> <span class='ocrx_word' id='word_1_340' title='bbox 900 2338 1008 2396; x_wconf 83' lang='lat' dir='ltr'>quod</span> <span class='ocrx_word' id='word_1_341' title='bbox 1047 2350 1189 2394; x_wconf 83' lang='lat' dir='ltr'>parum</span> <span class='ocrx_word' id='word_1_342' title='bbox 1234 2340 1371 2382; x_wconf 79' lang='lat' dir='ltr'>refert.</span> 
     </span>
    </p>

    <p class='ocr_par' dir='ltr' id='par_1_10' title="bbox 110 2407 1740 2677">
     <span class='ocr_line' id='line_1_37' title="bbox 231 2407 1740 2466; baseline 0.001 -16"><span class='ocrx_word' id='word_1_343' title='bbox 231 2407 326 2451; x_wconf 76' lang='lat'>154.</span> <span class='ocrx_word' id='word_1_344' title='bbox 361 2409 622 2460; x_wconf 83' lang='lat' dir='ltr'>Quantitas</span> <span class='ocrx_word' id='word_1_345' title='bbox 656 2411 892 2466; x_wconf 83' lang='lat' dir='ltr'>stipendii</span> <span class='ocrx_word' id='word_1_346' title='bbox 926 2411 1187 2455; x_wconf 83' lang='lat' dir='ltr'>missarum</span> <span class='ocrx_word' id='word_1_347' title='bbox 1220 2412 1526 2456; x_wconf 84' lang='lat' dir='ltr'>traditarum.</span> <span class='ocrx_word' id='word_1_348' title='bbox 1563 2435 1615 2440; x_wconf 91' lang='lat'>—</span> <span class='ocrx_word' id='word_1_349' title='bbox 1639 2409 1740 2454; x_wconf 90' lang='lat' dir='ltr'>Con-</span> 
     </span>
     <span class='ocr_line' id='line_1_38' title="bbox 110 2478 1736 2536; baseline 0.001 -14"><span class='ocrx_word' id='word_1_350' title='bbox 110 2484 306 2535; x_wconf 82' lang='lat' dir='ltr'>gruenter</span> <span class='ocrx_word' id='word_1_351' title='bbox 339 2492 376 2520; x_wconf 91' lang='lat' dir='ltr'>n.</span> <span class='ocrx_word' id='word_1_352' title='bbox 412 2478 455 2521; x_wconf 82' lang='lat'>30</span> <span class='ocrx_word' id='word_1_353' title='bbox 491 2478 652 2522; x_wconf 87' lang='lat' dir='ltr'>Decreti</span> <span class='ocrx_word' id='word_1_354' title='bbox 687 2485 726 2523; x_wconf 90' lang='lat' dir='ltr'>et</span> <span class='ocrx_word' id='word_1_355' title='bbox 759 2479 811 2522; x_wconf 77' lang='lat' dir='ltr'>lx</span> <span class='ocrx_word' id='word_1_356' title='bbox 850 2479 979 2523; x_wconf 88' lang='lat' dir='ltr'>Dubio</span> <span class='ocrx_word' id='word_1_357' title='bbox 1013 2480 1145 2523; x_wconf 84' lang='lat' dir='ltr'>soluto</span> <span class='ocrx_word' id='word_1_358' title='bbox 1191 2494 1262 2536; x_wconf 83' lang='lat' dir='ltr'>per</span> <span class='ocrx_word' id='word_1_359' title='bbox 1309 2482 1348 2524; x_wconf 88' lang='lat' dir='ltr'>S.</span> <span class='ocrx_word' id='word_1_360' title='bbox 1397 2479 1438 2524; x_wconf 88' lang='lat' dir='ltr'>C.</span> <span class='ocrx_word' id='word_1_361' title='bbox 1487 2479 1611 2525; x_wconf 81' lang='lat' dir='ltr'>Cone.</span> <span class='ocrx_word' id='word_1_362' title='bbox 1660 2480 1736 2524; x_wconf 88' lang='lat' dir='ltr'>sub</span> 
     </span>
     <span class='ocr_line' id='line_1_39' title="bbox 111 2547 1736 2608; baseline 0 -16"><span class='ocrx_word' id='word_1_363' title='bbox 111 2548 274 2593; x_wconf 84' lang='lat' dir='ltr'>Urbano</span> <span class='ocrx_word' id='word_1_364' title='bbox 308 2547 393 2591; x_wconf 88' lang='lat' dir='ltr'>Vlll</span> <span class='ocrx_word' id='word_1_365' title='bbox 431 2549 679 2604; x_wconf 84' lang='lat' dir='ltr'>praescribit</span> <span class='ocrx_word' id='word_1_366' title='bbox 713 2564 804 2592; x_wconf 77' lang='lat' dir='ltr'>can.</span> <span class='ocrx_word' id='word_1_367' title='bbox 838 2551 944 2594; x_wconf 72' lang='lat'>840.</span> <span class='ocrx_word' id='word_1_368' title='bbox 979 2552 1004 2603; x_wconf 64' lang='grc' dir='ltr'><strong>ἓ</strong></span> <span class='ocrx_word' id='word_1_369' title='bbox 1043 2550 1079 2593; x_wconf 88' lang='lat' dir='ltr'>l.</span> <span class='ocrx_word' id='word_1_370' title='bbox 1118 2549 1201 2603; x_wconf 70' lang='lat' dir='ltr'>Qui</span> <span class='ocrx_word' id='word_1_371' title='bbox 1235 2549 1461 2593; x_wconf 69' lang='lat' dir='ltr'>Missurum</span> <span class='ocrx_word' id='word_1_372' title='bbox 1496 2551 1626 2608; x_wconf 70' lang='lat' dir='ltr'>stipes</span> <span class='ocrx_word' id='word_1_373' title='bbox 1651 2564 1736 2593; x_wconf 79' lang='lat' dir='ltr'>ma-</span> 
     </span>
     <span class='ocr_line' id='line_1_40' title="bbox 111 2618 1736 2677; baseline 0.001 -15"><span class='ocrx_word' id='word_1_374' title='bbox 111 2618 258 2662; x_wconf 73' lang='lat' dir='ltr'>nuales</span> <span class='ocrx_word' id='word_1_375' title='bbox 292 2619 347 2662; x_wconf 80' lang='lat' dir='ltr'>ad</span> <span class='ocrx_word' id='word_1_376' title='bbox 380 2618 488 2662; x_wconf 77' lang='lat' dir='ltr'>alios</span> <span class='ocrx_word' id='word_1_377' title='bbox 523 2620 749 2662; x_wconf 74' lang='lat' dir='ltr'>trasmitli!</span> <span class='ocrx_word' id='word_1_378' title='bbox 801 2620 1064 2675; x_wconf 77' lang='lat' dir='ltr'>verbotenus,</span> <span class='ocrx_word' id='word_1_379' title='bbox 1099 2623 1267 2677; x_wconf 86' lang='lat' dir='ltr'>scripto,</span> <span class='ocrx_word' id='word_1_380' title='bbox 1302 2624 1462 2673; x_wconf 81' lang='lat' dir='ltr'>nuntio,</span> <span class='ocrx_word' id='word_1_381' title='bbox 1495 2626 1589 2675; x_wconf 70' lang='lat' dir='ltr'>ete,</span> <span class='ocrx_word' id='word_1_382' title='bbox 1621 2620 1736 2664; x_wconf 81' lang='lat' dir='ltr'>debet</span> 
     </span>
    </p>
   </div>
   <div class='ocr_carea' id='block_1_4' title="bbox 110 2690 1729 2747">
    <p class='ocr_par' dir='ltr' id='par_1_11' title="bbox 110 2690 1729 2747">
     <span class='ocr_line' id='line_1_41' title="bbox 110 2690 1729 2747; baseline 0.001 -16"><span class='ocrx_word' id='word_1_383' title='bbox 110 2695 301 2747; x_wconf 75' lang='lat' dir='ltr'>acceptas</span> <span class='ocrx_word' id='word_1_384' title='bbox 336 2690 496 2747; x_wconf 70' lang='lat' dir='ltr'>inleyre</span> <span class='ocrx_word' id='word_1_385' title='bbox 529 2690 829 2745; x_wconf 68' lang='lat' dir='ltr'>transimttere,</span> <span class='ocrx_word' id='word_1_386' title='bbox 863 2693 921 2734; x_wconf 89' lang='lat' dir='ltr'>sic</span> <span class='ocrx_word' id='word_1_387' title='bbox 956 2690 1152 2734; x_wconf 83' lang='lat' dir='ltr'>translato</span> <span class='ocrx_word' id='word_1_388' title='bbox 1187 2691 1266 2735; x_wconf 88' lang='lat' dir='ltr'>huc</span> <span class='ocrx_word' id='word_1_389' title='bbox 1302 2691 1410 2735; x_wconf 62' lang='lat' dir='ltr'>Deci.</span> <span class='ocrx_word' id='word_1_390' title='bbox 1440 2691 1528 2736; x_wconf 83' lang='lat' dir='ltr'>«Ut</span> <span class='ocrx_word' id='word_1_391' title='bbox 1553 2691 1729 2735; x_wconf 76' lang='lat' dir='ltr'>debita»</span> 
     </span>
    </p>
   </div>
   <div class='ocr_carea' id='block_1_5' title="bbox 224 2841 515 2875">
    <p class='ocr_par' dir='ltr' id='par_1_12' title="bbox 224 2841 515 2875">
     <span class='ocr_line' id='line_1_42' title="bbox 224 2841 515 2875; baseline 0 0"><span class='ocrx_word' id='word_1_392' title='bbox 224 2843 234 2863; x_wconf 75' lang='lat'><em>²</em></span> <span class='ocrx_word' id='word_1_393' title='bbox 266 2841 515 2875; x_wconf 74' lang='lat'>18-111-1908.</span> 
     </span>
    </p>
   </div>
   <div class='ocr_carea' id='block_1_6' title="bbox 1910 0 1971 3261">
    <p class='ocr_par' dir='ltr' id='par_1_13' title="bbox 1910 0 1971 3261">
     <span class='ocr_line' id='line_1_43' title="bbox 1910 0 1971 3261; baseline 0 0"><span class='ocrx_word' id='word_1_394' title='bbox 1910 0 1971 3261; x_wconf 95' lang='lat' dir='ltr'> </span> 
     </span>
    </p>
   </div>
  </div>
 </body>
</html>
