1971 3261
241 166 310 200 752
687 171 813 196 mnnx
840 171 1033 197 CANONUM
1059 172 1110 195 m·
1136 170 1420 197 COMMENTARH
1489 210 1495 214 ἱ

1555 314 1560 319 ,
1629 291 1709 313 cAu.
1788 292 1867 314 mo.

237 342 296 375 Ex
323 341 478 375 deiectu
504 340 673 375 mentis.
777 366 783 372 .
888 367 894 373 .
998 367 1005 373 .
1109 368 1115 374 .
1219 366 1226 374 .
1330 366 1337 374 .
1441 368 1448 375 .
1550 367 1558 376 .
1610 341 1680 376 984
1693 342 1732 376 3⁰
1798 343 1868 378 419

237 400 296 434 Ex
323 399 477 434 defectu
503 399 740 434 sacramenti
780 425 788 432 .
892 428 897 432 .
1001 426 1008 432 .
1113 426 1119 433 .
1223 426 1230 433 .
1333 426 1340 433 .
1443 426 1451 434 .
1553 426 1561 434 .
1637 412 1656 432 »
1689 400 1734 435 ‘4⁰
1798 401 1868 436 420

238 458 339 492 Sunt
365 458 603 503 irregulares
630 469 677 491 ex
704 456 860 491 defectu
887 456 1011 491 famae
1112 484 1118 491 .
1221 485 1228 492 .
1332 485 1339 491 .
1443 485 1450 492 .
1553 485 1561 493 .
1636 471 1655 492 »
1695 452 1757 494 59ἔῖ
1797 461 1867 494 422

238 518 297 551 Ex
324 517 478 551 defectu
506 517 687 551 lenitatis
778 543 785 548 .
888 542 895 549 .
999 542 1006 550 .
1109 544 1115 550 .
1220 544 1225 549 .
1330 543 1338 550 .
1441 543 1447 550 .
1551 543 1559 551 .
1635 533 1649 548 »
1690 518 1867 560 6⁰,70423

234 576 555 617 irregularitates
581 587 629 610 ex
655 575 799 609 delicto
888 601 895 608 .
998 602 1005 609 .
1109 603 1116 609 .
1219 602 1226 610 .
1330 603 1337 609 .
1441 603 1448 610 .
1552 588 1559 596 ·
1611 577 1681 611 985

235 634 380 669 Contra
405 634 518 668 fidem
546 638 587 669 et
613 635 812 668 unitatem
837 633 1036 668 Ecclesiae
1113 660 1121 668 .
1224 661 1232 669 .
1336 661 1345 670 .
1443 662 1449 668 .
1552 661 1560 669 .
1636 651 1650 666 »
1695 635 1733 670 10

147 712 156 717 -»
234 693 280 728 In
306 693 557 738 baptismatis
584 693 835 738 susceptione
888 719 896 726 .
999 720 1006 726 .
1110 720 1117 727 .
1221 720 1228 728 .
1331 719 1339 728 .
1441 721 1448 727 .
1551 721 1559 729 .
1635 707 1654 727 »
1694 694 1733 728 20
1795 696 1867 730 424

233 752 380 787 Contra
405 757 543 786 votum
569 752 767 787 castitatis
793 751 1009 797 publicum.
1073 786 1077 790 ,
1110 779 1117 786 .
1221 778 1229 791 .,
1332 782 1337 787 .
1440 779 1449 787 .
1551 780 1559 788 .
1635 767 1653 788 >>
1693 754 1732 788 30
1794 755 1864 791 425

232 811 300 845 Ius
325 811 559 856 praecedens
586 811 632 845 de
658 810 871 846 homicidio
896 823 941 846 ac
969 811 1227 846 mutilatione
1327 838 1334 846 .
1437 838 1445 845 .
1547 839 1554 846 .
1673 848 1675 850 ,
1795 814 1866 850 426
1913 831 1915 834 ·

230 869 509 915 Irregularitas
527 880 575 904 ex
601 869 747 904 delicto
764 868 982 914 homicidii,
1002 869 1164 904 abortus
1189 873 1261 904 aut
1287 869 1556 905 mutilationis
1630 883 1649 904 ›>
1666 870 1737 913 „.4⁰,
1748 871 1862 907 50431

230 929 289 962 Ex
317 928 462 963 delicto
487 928 691 963 homicidii
723 928 893 963 casualis
993 956 1001 962 .
1048 965 1063 971 x
1105 955 1111 963 .
1216 956 1222 962 .
1326 955 1333 963 .
1438 956 1446 965 .
1548 956 1556 964 .
1632 942 1651 964 »
1691 930 1730 964 6⁰
1792 931 1863 966 432

230 987 289 1021 Ex
316 987 459 1022 delicto
485 999 553 1032 per
579 987 678 1022 sacri
703 987 856 1021 ordinis
879 987 1116 1022 exercitium
1217 1014 1225 1022 .
1329 1016 1336 1022 .
1439 1015 1446 1022 .
1549 1015 1557 1023 .
1633 1001 1652 1022 »
1691 989 1731 1025 ’ἶο
1793 990 1863 1026 433

229 1047 295 1081 Ius
320 1047 554 1091 praecedens
582 1046 627 1080 de
653 1050 851 1092 postrema
876 1058 925 1081 ex
951 1046 1096 1082 delicto
1121 1046 1419 1092 irregularitate
1442 1075 1448 1081 .
1551 1074 1558 1082 .
1612 1047 1615 1049 ’
1791 1049 1862 1084 434

229 1106 485 1140 Conditiones
512 1106 745 1140 delictorum
771 1105 820 1140 ad
845 1105 1154 1141 contrahendam
1180 1106 1521 1153 irregularitatem
1549 1134 1556 1142 .
1610 1108 1679 1142 986
1791 1109 1862 1143 436

228 1164 285 1199 De
310 1165 399 1199 aliis
426 1177 553 1200 sacrae
580 1165 843 1200 ordinationis
869 1165 1164 1210 impedimentis
1216 1195 1221 1201 .
1328 1194 1335 1200 .
1440 1193 1445 1199 .
1548 1193 1556 1200 .
1609 1167 1677 1202 987
1791 1168 1860 1204 437

229 1223 287 1258 Ob
313 1230 515 1268 parentem
541 1223 808 1258 acatholicum
884 1253 890 1259 .
995 1252 1001 1258 .
1106 1252 1112 1258 .
1215 1251 1222 1259 .
1326 1252 1332 1258 .
1436 1252 1443 1259 .
1547 1253 1554 1259 .
1632 1242 1645 1256 »
1691 1226 1727 1260 10
1814 1240 1833 1260 »

228 1281 284 1316 De
311 1282 537 1327 coniugatis
562 1293 641 1316 non
668 1282 899 1317 ordinandis
992 1310 998 1317 .
1102 1310 1109 1317 .
1213 1310 1220 1318 .
1323 1311 1329 1317 .
1435 1311 1440 1317 .
1544 1310 1552 1324 ,
1628 1299 1642 1314 2
1687 1284 1726 1318 2⁰
1789 1284 1859 1319 439

228 1340 361 1382 Quoad
387 1340 693 1375 ordinandorum
719 1341 948 1376 libertatem
996 1369 1003 1376 .
1217 1370 1224 1376 .
1329 1370 1335 1376 .
1439 1370 1445 1376 .
1695 1359 1697 1361 ·
1814 1356 1834 1377 ›>

226 1399 283 1433 De
309 1399 496 1445 obligatis
523 1400 571 1434 ad
597 1401 805 1435 ratiocinia
880 1428 887 1435 .
991 1428 998 1436 .
1101 1428 1108 1435 .
1213 1429 1219 1434 .
1323 1431 1328 1436 .
1433 1429 1438 1435 .
1544 1429 1550 1436 .
1627 1414 1646 1435 ›>
1686 1401 1724 1436 3⁰
1788 1403 1858 1436 440

226 1459 282 1493 De
309 1460 434 1493 servis
460 1471 538 1493 non
565 1459 796 1494 ordinandis
880 1487 887 1494 .
991 1487 998 1494 .
1103 1489 1108 1494 .
1213 1488 1219 1494 .
1323 1487 1330 1494 .
1434 1489 1441 1496 .
1544 1487 1550 1494 .
1629 1477 1642 1491 ι
1685 1461 1725 1495 40
1812 1473 1831 1495 ›>

226 1517 390 1563 Propter
415 1518 588 1553 militare
615 1519 827 1554 servitium
881 1546 887 1553 .
991 1547 997 1553 .
1102 1547 1107 1553 .
1212 1547 1218 1553 .
1322 1547 1329 1553 .
1433 1547 1440 1554 .
1545 1548 1550 1554 .
1627 1533 1646 1553 ›>
1686 1520 1724 1554 50
1787 1521 1855 1555 441

224 1577 281 1611 De
307 1578 519 1623 neophytis
547 1605 555 1612 .
656 1605 663 1611 .
767 1606 773 1612 .
877 1605 885 1612 .
988 1606 994 1613 .
1099 1606 1106 1613 .
1211 1606 1216 1612 .
1320 1606 1326 1613 .
1431 1608 1437 1614 .
1540 1607 1547 1613 .
1623 1592 1642 1612 ›>
1683 1578 1721 1613 60
1786 1580 1855 1614 442
1928 1619 1931 1630 3

224 1637 282 1671 De
308 1636 520 1671 infamibus
547 1665 554 1672 .
656 1664 662 1671 .
767 1665 772 1671 .
876 1666 882 1671 .
987 1665 994 1672 .
1099 1665 1106 1671 .
1209 1665 1216 1672 .
1319 1665 1326 1672 .
1431 1648 1436 1672 .’
1541 1666 1547 1672 .
1625 1651 1644 1671 »
1684 1637 1723 1673 7⁰
1785 1638 1855 1673 443
1919 1651 1922 1654 ⁴

224 1696 280 1730 De
308 1697 534 1741 ignorantia
559 1697 662 1731 circa
689 1697 947 1732 incurrendae
974 1697 1290 1743 irregularitates
1308 1697 1464 1743 aliaque
1482 1697 1549 1732 im·

317 1755 553 1799 pedimenta.
655 1782 664 1790 .
767 1783 774 1790 .
877 1783 884 1790 .
988 1784 996 1791 .
1100 1785 1106 1791 .
1210 1784 1215 1790 .
1320 1784 1326 1790 .
1429 1782 1438 1791 .
1540 1782 1548 1790 .
1601 1756 1672 1791 988
1809 1768 1827 1787 »
1929 1803 1931 1806 Α

223 1814 279 1848 De
304 1814 637 1859 multiplicatione
665 1815 825 1849 illarum
850 1827 1062 1860 eorumque
1101 1843 1108 1849 .
1212 1843 1218 1849 .
1321 1843 1347 1851 .,
1431 1843 1439 1849 .
1541 1842 1549 1849 .
1602 1815 1671 1850 989
1784 1815 1854 1849 444
1923 1808 1931 1838 ²·
1964 1814 1971 1839 ἶ

220 1872 288 1906 Ius
314 1873 545 1917 praecedens
573 1874 699 1919 quoad
728 1874 967 1909 ordinariam
992 1878 1033 1909 et
1058 1886 1107 1909 ex
1133 1874 1344 1920 privilegio
1382 1874 1546 1909 taculta-
1912 1866 1915 1867 ⁷

316 1938 394 1965 tem
419 1932 466 1966 ab
492 1933 864 1978 irregularitatibus
888 1933 1145 1979 dispensandi
1209 1961 1216 1968 .
1320 1960 1327 1967 .
1360 1956 1364 1958 >
1431 1961 1438 1968 .
1543 1959 1551 1967 .
1704 1945 1708 1949 ·
1782 1933 1853 1967 445
1902 1954 1904 1956 v
1935 1946 1938 1949 ·
1964 1939 1966 1942 ’

220 1990 445 2025 Facultates
471 1991 518 2025 ab
545 1992 913 2037 irregularitatibus
939 1996 1099 2027 tantum
1125 1992 1382 2038 dispensandi
1433 2019 1440 2026 .
1542 2019 1550 2025 .
1603 1992 1672 2027 990
1782 1991 1851 2027 447
1908 1983 1915 1990 ”
1953 1997 1968 2019 '·

221 2049 494 2093 competentia
512 2050 757 2085 diversarum
775 2051 858 2086 RR.
878 2051 1243 2097 Congregationum
1269 2051 1371 2086 circa
1396 2051 1547 2096 dispen-

313 2110 487 2143 sationes
513 2109 560 2143 ab
588 2110 956 2155 irregularitatibus
982 2111 1151 2156 aliisque
1178 2110 1476 2155 impedimentis
1542 2137 1549 2144 .
1781 2109 1851 2144 449
1958 2126 1963 2151 5

219 2165 276 2200 De
302 2167 565 2211 petitionibus
591 2180 634 2203 ac
662 2169 984 2204 concessionibus
1011 2169 1354 2215 dispensationum
1379 2169 1426 2203 ab
1453 2169 1544 2203 irre·
1710 2160 1712 2162 V
1905 2162 1908 2166 ’
1948 2165 1950 2167 ’

314 2225 527 2270 gularitate
545 2254 551 2261 .
655 2255 661 2261 .
765 2255 772 2262 .
876 2256 882 2262 .
985 2257 991 2263 .
1098 2256 1104 2262 .
1208 2255 1215 2262 .
1318 2255 1326 2262 .
1428 2255 1434 2261 .
1539 2254 1546 2262 .
1599 2227 1666 2262 991
1706 2228 1715 2290 i
1779 2228 1847 2262 451

329 2376 468 2411 CAPUT
492 2378 565 2412 111.
597 2398 639 2404 -
668 2380 721 2415 De
746 2380 823 2423 his,
850 2390 949 2424 quae
977 2390 1112 2416 sacrae
1137 2380 1375 2416 ordinationi
1399 2380 1555 2425 praeire
1579 2380 1734 2416 debent.

219 2481 395 2516 Canones
421 2484 597 2519 992-1001
657 2513 664 2520 .
766 2515 770 2520 .
877 2513 882 2520 .
986 2515 992 2520 .
1096 2514 1103 2521 .
1207 2515 1213 2521 .
1317 2514 1324 2521 .
1429 2515 1435 2521 .
1539 2514 1545 2521 .
1778 2487 1846 2521 454
1884 2500 1919 2532 ,χ

219 2539 394 2575 Schema.
424 2542 550 2586 Caput
575 2543 647 2577 III.
677 2544 733 2578 De
761 2545 945 2590 iis,'quae
972 2557 1103 2580 sacrae
1129 2545 1375 2580 ordinationi
1392 2545 1542 2591 praeire
1709 2557 1715 2592 g
1898 2537 1909 2549 ”
1941 2549 1960 2577 1

312 2599 455 2633 debent
540 2628 546 2634 .
651 2630 656 2635 .
761 2631 766 2636 .
871 2633 877 2638 .
982 2633 987 2637 .
1092 2631 1098 2638 .
1203 2631 1210 2638 .
1313 2632 1319 2637 .
1424 2631 1431 2638 .
1534 2631 1542 2638 .
1713 2595 1715 2598 Α
1757 2603 1845 2638 ’455
1888 2603 1891 2606 ”
1959 2598 1960 2601 “

216 2657 427 2702 Inscriptio
454 2660 595 2704 capitis
622 2666 660 2695 et
688 2661 781 2696 ordo
808 2674 1004 2696 canonum
1096 2690 1103 2696 .
1207 2690 1212 2696 .
1317 2690 1323 2696 .
1427 2690 1433 2696 .
1538 2689 1545 2696 .
1801 2673 1820 2695 ›>

216 2716 412 2761 Propositi
440 2718 730 2755 ordinationem
756 2721 972 2766 recipiendi
998 2719 1268 2756 manifestatio
1314 2747 1322 2755 .
1425 2748 1432 2755 .
1535 2747 1544 2755 .
1595 2721 1665 2755 992
1775 2720 1843 2755 456
1867 2718 1896 2772 ⁴⁴3-

216 2774 516 2811 Testimoniales
543 2777 699 2813 litterae
726 2778 944 2814 afferendae
981 2807 988 2813 .
1092 2807 1098 2814 .
1202 2807 1209 2814 .
1313 2807 1320 2814 .
1424 2808 1429 2813 .
1533 2806 1541 2813 .
1593 2779 1663 2814 993
1713 2802 1720 2807 ·
1799 2791 1818 2812 »
1884 2804 1889 2809 Δ

215 2833 415 2878 Temporis
441 2834 720 2872 determinatio
746 2849 814 2882 pro
841 2839 1088 2883 requirendis
1116 2839 1179 2874 vel
1204 2839 1335 2873 minus
1361 2839 1536 2873 testimo·
1868 2863 1871 2867 -
1950 2873 1951 2877 ,

308 2892 481 2927 nialibus
508 2893 654 2929 litteris
761 2923 767 2929 .
871 2923 878 2930 .
981 2924 988 2930 .
1092 2924 1099 2930 .
1203 2926 1209 2931 .
1312 2923 1319 2930 .
1424 2925 1430 2932 .
1533 2922 1541 2930 .
1593 2896 1662 2930 994
1720 2909 1724 2912 ·
1772 2894 1840 2929 458
1868 2910 1878 2937 ,·
1925 2898 1950 2942 4ξ
