1971 3261
89 181 182 217 Can.
209 180 363 216 896-897
623 179 708 214 Tl'r.
738 179 802 212 IV.
825 199 835 204 -
856 180 911 214 De
939 181 1180 214 l’oenz'tentz'ce
1643 183 1713 216 263

89 313 166 357 que
192 297 377 342 Consilio
409 299 468 341 sic
491 297 603 340 dicto
629 301 795 353 propter
821 299 1009 340 usitatam
1035 298 1369 353 appellationem,
1395 300 1465 342 sed
1492 299 1614 342 dante
1640 314 1712 355 pro

91 370 383 413 reservationis
410 367 620 412 validitate
653 367 703 409 ad
740 379 926 410 normam
962 381 1051 410 ran.
1093 369 1171 411 103
1211 383 1457 413 consensum
1496 370 1557 413 vel
1584 373 1712 413 consi-

90 440 202 483 lium.
256 444 397 482 votum
447 452 595 495 nempe
643 437 963 481 deliberativum
1008 438 1071 482 rel
1111 440 1406 494 consultix‘um,
1439 441 1488 484 ad
1525 454 1711 484 normam

87 512 425 554 constitutionum
452 512 489 552 in
526 509 601 552 hoc
636 511 801 565 negotio
831 508 890 552 vel
916 510 1134 562 similibus,
1156 517 1344 567 peccata,
1382 517 1425 553 ul
1458 526 1602 569 supra,
1639 514 1714 555 sci-

88 581 210 624 licet:
245 586 353 633 (can.
390 581 493 632 895)
525 593 702 638 quorum
743 595 762 619 «
789 592 887 622 vera
923 583 1216 623 reservationis
1250 586 1471 625 necessitas
1503 588 1572 625 aut
1608 583 1713 626 utili-

88 657 148 695 tas
180 651 448 708 comprobata
483 652 603 694 suerit
627 667 666 703 J),
700 653 805 694 sieut
840 650 893 693 ibi
928 651 1179 706 explicatum
1215 657 1287 701 est,
1322 652 1580 696 sedulilormu
1605 654 1713 697 scili-

87 728 181 766 cet:
213 723 505 778 prolessorum‚
540 723 810 775 novitiorum,
843 721 1104 778 aliorumque
1149 724 1274 775 (inter
1298 723 1370 765 lios
1397 738 1493 767 vero
1517 737 1714 780 quorum-

86 793 182 836 dam
216 797 388 848 tantum,
424 795 498 836 etsi
519 806 591 850 pro
609 794 759 836 ceteris
778 804 944 849 quoque
968 805 1017 834 ex
1042 805 1132 835 can.
1159 794 1241 835 8723
1281 809 1301 833 ((
1327 800 1493 850 possunt
1518 795 1713 839 audiendi

86 864 363 908 confessiones
411 868 652 921 potestatem
702 863 1001 920 concedere»)
1050 877 1142 906 cum
1188 864 1457 920 derogatione
1490 878 1579 909 can.
1616 866 1713 920 893,

14 992 27 998 -
85 935 126 992 {-
166 935 201 982 l,
234 947 451 977 reservare
480 939 657 992 possunt
689 934 875 977 scilicet:
916 933 1011 976 «ad
1045 947 1165 976 suum
1200 948 1379 978 avocare
1414 936 1612 979 iudicium
1638 936 1714 993 (sa-

85 1005 369 1055 cramentale),
405 1004 668 1049 inferioribus
701 1004 946 1048 absolvendi
983 1009 1224 1060 potestatem
1261 1005 1519 1062 (concessam
1559 1006 1609 1050 ab
1645 1007 1713 1049 lio-

88 1075 215 1133 mine)
252 1077 476 1120 limitantes
500 1092 538 1130 »,
573 1076 689 1120 salvo
729 1075 996 1133 praescripto
1031 1090 1122 1120 ean.
1157 1078 1304 1133 5ng
1338 1080 1358 1119 1
1393 1078 1525 1133 quoad
1561 1079 1715 1121 confes·

84 1150 214 1191 sarios
252 1163 271 1188 ((
292 1151 329 1190 in
364 1147 538 1204 singulis
578 1147 790 1204 religionis
831 1147 1036 1191 clericalis
1081 1147 1274 1190 domibus
1313 1148 1586 1204 dermtandos,
1621 1163 1713 1191 cum

86 1223 327 1275 potestate...
377 1218 620 1262 absolvendi
671 1220 794 1261 etiam
844 1217 1054 1262 acasibus
1099 1221 1136 1261 in
1178 1218 1379 1275 religione
1431 1222 1715 1269 reservatis»,

85 1294 208 1347 atque
241 1304 332 1332 erm.
367 1292 456 1333 519
488 1289 625 1347 quoad
666 1290 1008 1333 «confessarium
1043 1288 1186 1347 (quem
1220 1290 1403 1333 fortassis
1436 1290 1522 1332 adit
1557 1290 1717 1346 religio-

85 1374 154 1404 sus
187 1364 310 1405 etiam
345 1361 583 1418 exemptus)
617 1360 668 1404 ab
701 1358 926 1405 Ordinario
960 1360 1037 1404 loci
1072 1360 1410 1417 approbatum».

204 1453 285 1489 224.
316 1456 559 1497 Qualitates
586 1466 635 1490 ac
663 1465 873 1490 numerus
899 1457 1265 1490 reservandorum
1294 1459 1570 1497 peccatorum
1591 1459 1636 1490 et
1655 1466 1717 1490 re-

91 1517 354 1550 servationis
387 1517 649 1557 permansio.
679 1534 722 1539 —
750 1513 878 1559 Congr.
909 1513 944 1549 S.
971 1512 1083 1549 Officii
1104 1515 1115 1536 1
1150 1514 1258 1549 edidit
1292 1514 1333 1549 de
1359 1525 1519 1560 expresso
1555 1515 1719 1550 mandato

90 1573 179 1609 Ssxiii
210 1573 247 1609 D.
277 1573 317 1608 N.
347 1573 523 1609 Benedicti
553 1573 614 1609 PP.
642 1573 703 1609 XV
729 1584 832 1620 super
858 1584 1002 1609 casuum
1029 1573 1264 1609 conscientiae
1282 1573 1718 1609 reservationibusinstru-

87 1634 237 1669 ctionem
266 1633 493 1679 incipientem
520 1633 594 1668 sic:
628 1647 642 1665 «
664 1632 752 1668 Cum
779 1633 993 1679 experientia
1019 1632 1283 1679 comprobatum
1311 1633 1355 1667 sit
1372 1644 1530 1674 casuum,
1552 1644 1637 1678 quos
1664 1644 1718 1668 vo-

86 1697 179 1729 cant,
209 1692 444 1728 conscientiae
477 1692 739 1733 reservatione&
767 1692 794 1726 si
822 1692 976 1727 debitam
1013 1703 1213 1727 mensuram
1241 1697 1274 1727 et
1301 1692 1443 1727 modum
1469 1692 1652 1731 excedant,
1681 1692 1717 1726 in

84 1752 286 1787 animarum
312 1751 510 1797 sperniciem
549 1752 770 1798 potiusquam
799 1751 833 1786 in
861 1762 982 1788 earum
1014 1752 1200 1787 utilitatem
1229 1762 1367 1796 vergere
1395 1762 1524 1797 posse,-
1548 1750 1719 1797 Suprema

86 1811 171 1846 haec
197 1809 303 1846 Sacra
328 1809 481 1856 Congr...
513 1810 800 1856 praecedentibus
826 1811 868 1845 ad
897 1821 969 1846 rem
996 1810 1286 1857 dispositionibus
1314 1821 1433 1854 novas,
1468 1821 1528 1856 pro
1555 1815 1717 1856 opportu—

87 1869 196 1905 nitate
222 1874 433 1916 temporum,
453 1870 731 1916 superaddens..
757 1870 842 1905 haee
860 1881 977 1905 cum...
996 1869 1149 1905 locorum
1174 1869 1374 1904 Ordinariis
1394 1868 1609 1915 praeceptive
1627 1879 1718 1904 com-

87 1928 301 1963 municanda
328 1928 448 1963 statuit
469 1942 498 1969 »,
526 1939 614 1973 quae
640 1939 766 1974 nempe
793 1928 829 1962 in
856 1940 903 1963 ss.
925 1928 1120 1964 canonibus
1139 1928 1242 1963 huius
1261 1927 1384 1974 capitis
1403 1927 1631 1973 sequentibus
1650 1927 1719 1963 sere

86 1987 205 2023 omnia
230 1988 492 2023 transferuntur
516 1992 549 2022 et
576 1987 717 2033 quidem
746 1988 790 2022 ad
818 1987 977 2023 verbum.

205 2044 395 2092 Sequitur:
428 2060 443 2078 «
466 2045 496 2081 l.
526 2045 751 2082 Meminerint
768 2051 849 2082 ante
870 2046 990 2082 omnia
1010 2046 1110 2082 Rdmi
1128 2045 1305 2082 Ordinarii
1330 2045 1497 2091 llocorum
1513 2045 1602 2080 sicut
1622 2045 1718 2091 prius

87 2104 186 2150 dixit]
215 2115 359 2140 casuum
385 2104 623 2141 conscientiae
648 2105 900 2141 reservationes
926 2105 970 2140 ad
995 2105 1245 2141 destructionem
1278 2104 1514 2145 munitionum,
1546 2104 1640 2138 iuxta
1667 2103 1719 2138 di—

87 2168 181 2199 ctum
208 2164 362 2210 Apostoli
382 2164 409 2207 ²,
436 2164 480 2199 ad
506 2165 717 2200 removenda
754 2165 885 2200 scilicet
924 2164 1116 2207 obstacula,
1157 2174 1246 2209 quae
1284 2163 1385 2199 saluti
1425 2163 1625 2198 animarum
1654 2175 1714 2196 mm

87 2223 252 2258 communi
278 2223 528 2269 impedimento
554 2228 648 2268 sunt,
678 2234 752 2259 esse
778 2223 1006 2269 dirigendas,
1037 2223 1181 2268 ideoque
1216 2222 1310 2258 iubet
1337 2230 1432 2257 cans,
1452 2220 1519 2256 895
1547 2226 1714 2264 tenorem,

87 2282 186 2317 cuius
211 2282 450 2318 extensionem
475 2282 518 2317 ad
547 2280 753 2318 Ordinarios
779 2283 948 2329 quosdam
975 2293 1045 2317 non
1075 2282 1226 2317 locorum
1252 2281 1384 2327 aptavit
1403 2292 1480 2316 can.
1502 2279 1583 2321 896,
1605 2285 1641 2315 ut
1660 2281 1716 2315 de-

87 2341 257 2377 claratum
284 2346 347 2377 est.

205 2424 339 2468 Etiam
374 2423 571 2482 utrosque
603 2422 849 2470 Ordinarios
882 2426 1048 2481 respicit
1088 2438 1178 2466 ean.
1213 2426 1307 2467 897
1332 2423 1613 2467 transcribens
1637 2423 1713 2467 De-

89 2498 189 2540 creti
224 2501 366 2538 numm.
402 2496 441 2551 ⁶2,
475 2509 523 2539 eo
556 2496 664 2553 quod
701 2496 768 2539 ille
801 2508 932 2539 canon
974 2495 1166 2552 loquatur
1203 2495 1254 2538 de
1277 2493 1442 2538 casibus
1465 2498 1504 2537 et
1528 2507 1716 2537 reserva-

89 2569 198 2610 tione
233 2568 272 2609 in
305 2568 463 2622 seipsis.
503 2565 635 2610 Casas
666 2565 914 2609 reservandi
945 2565 997 2609 ab
1030 2565 1092 2608 his
1125 2567 1194 2622 qui
1240 2570 1509 2609 recensentur
1549 2567 1586 2608 in
1627 2578 1716 2609 can.

93 2636 192 2692 893,
226 2637 326 2691 895,
359 2638 458 2692 896,
491 2637 577 2680 sin!
606 2637 735 2695 pauci
768 2636 949 2686 omnino,
985 2650 1058 2679 nec
1092 2635 1266 2679 dubium
1314 2636 1450 2693 quoad
1496 2649 1714 2679 numerum

93 2708 352 2766 relinquitur,
386 2708 565 2752 addente
598 2721 783 2752 canone:
831 2713 914 2750 [res
956 2706 1117 2749 seilicet
1154 2706 1231 2761 vel,
1265 2706 1321 2749 acl
1362 2720 1582 2761 surranum,
1618 2720 1718 2763 qua-

93 2783 200 2833 tuor,
233 2767 304 2823 sed
329 2779 514 2823 clausula
538 2781 705 2822 irritans
730 2780 897 2822 maioris
916 2779 1078 2821 numeri
1104 2779 1429 2820 reservationem
1455 2777 1583 2824 deest,
1610 2776 1719 2819 unde

210 2933 220 2954 ¹
253 2931 294 2966 13
319 2931 395 2965 Iul.
428 2931 528 2966 1916.
560 2930 635 2966 CO.
662 2931 772 2972 VIII,
799 2931 882 2966 313.
913 2951 955 2956 —
981 2931 995 2953 2
1021 2932 1042 2964 2
1070 2930 1155 2965 Cor.
1185 2930 1236 2974 X,
1264 2931 1298 2964 4.
