1971 3261
131 142 225 179 Can.
255 143 455 178 1060-1061
643 143 725 177 ΤιΤ.
754 143 837 178 VII.
866 164 877 169 -
907 144 964 179 De
991 145 1250 179 Matrimonio
1700 146 1770 181 559

132 269 171 309 in
207 265 480 308 lustructione
512 262 634 307 Card.
687 263 891 306 Antonelli
942 266 1162 307 Secretarii
1207 264 1345 308 Status
1380 265 1434 307 Pii
1473 264 1520 307 lX
1550 265 1576 306 ¹.
1614 265 1768 323 llisque

132 335 369 380 addendum
405 333 513 391 quod
553 335 770 377 verissime
814 336 868 376 ait
916 333 994 377 Leo
1032 334 1116 376 Xlll
1155 337 1192 377 in
1229 334 1355 391 Epist.
1396 335 1556 392 encycl.
1597 352 1617 376 «
1642 336 1767 379 Arca-

133 420 229 450 num
255 421 304 448 »:
341 403 575 448 huiusmodi
611 406 804 461 coniugia
845 419 1088 461 «persaepe
1123 408 1282 449 animos
1317 406 1545 462 impellunt,
1585 412 1623 449 ut
1648 421 1771 451 cunc·

131 482 266 521 tarum
302 475 550 531 religionum
576 487 750 531 aequam
779 474 931 518 habere
967 478 1167 519 rationem
1203 482 1458 528 assuescant,
1483 477 1645 520 sublato
1683 481 1766 521 veri

132 547 305 604 falsique
339 546 625 589 discrimine»
656 546 684 589 ².
721 545 942 602 Propterea
988 546 1199 603 subiungit
1249 560 1404 590 canon:
1445 547 1554 604 quod
1587 548 1623 590 si
1656 548 1768 591 adsi!

129 616 416 676 perc-essionis
447 615 700 673 perieulum,
736 617 845 674 quod
884 622 1086 660 remotum
1124 619 1211 661 lieri
1247 617 1298 661 ob
1332 620 1666 663 circumstantias
1700 633 1767 663 nc-

132 696 270 746 queat,
295 687 486 745 com'uyis
521 686 721 730 catholici
753 694 792 730 el
823 688 960 744 prolis
1003 689 1294 745 suscipiendae
1336 691 1373 731 in
1408 702 1456 732 co
1492 692 1768 744 matrimonio,

131 759 370 817 coniecqium
408 761 561 801 mixtae
597 759 822 815 religionis,
866 772 936 803 seu
972 760 1229 803 consuetudo
1277 763 1382 803 inter
1415 763 1613 816 coniuges
1646 766 1770 819 atque

129 833 258 887 ipsius
290 842 414 874 causa
448 834 686 873 contractus
732 830 1061 883 matrimonialis,
1098 830 1189 887 ipsa
1233 830 1360 873 eliam
1404 830 1493 887 lesse
1531 830 1690 882 (licina,
1727 837 1769 875 ut

133 906 269 959 patet,·
293 906 471 956 vetatur,
505 906 544 944 et
579 903 663 957 ipsa
702 901 882 945 Ecclesia
921 906 1016 944 tunc
1051 902 1293 958 dispensare
1328 915 1406 945 non
1444 908 1590 958 potest.

251 972 348 1016 456.
386 974 705 1018 Conditiones
738 974 1125 1029 dispensationis
1158 975 1299 1018 huius
1333 975 1678 1030 impedimenti.
1714 1000 1770 1004 —

135 1043 392 1087 Praecedens
415 1055 546 1086 canon
571 1047 607 1086 et
632 1048 853 1100 sequentes
877 1043 1083 1099 desumpti
1109 1048 1203 1086 sunt
1227 1056 1274 1086 ex
1308 1046 1397 1088 cit.a
1421 1043 1695 1088 lnstructione
1718 1046 1766 1088 ad

132 1128 276 1158 omnes
310 1113 494 1157 locorum
533 1111 779 1158 Ordinarios
811 1115 862 1158 de
896 1114 1280 1170 dispensationibus
1314 1128 1440 1171 super
1473 1115 1770 1171 impedimento

132 1187 286 1229 mixtae
322 1184 534 1241 religionis
567 1185 701 1242 quoad
739 1187 975 1241 promiscua
1010 1187 1218 1241 coniugia,
1254 1185 1322 1229 ubi
1349 1185 1522 1242 legitur:
1559 1186 1666 1243 quod
1697 1189 1767 1229 «si

132 1256 368 1313 Apostolica
402 1256 530 1299 Sedes
563 1256 614 1299 de
648 1269 852 1299 canonum
888 1258 1113 1299 severitate
1160 1256 1316 1313 aliquid
1369 1259 1595 1311 remittens,
1642 1261 1768 1301 mixta

133 1327 233 1371 haec
257 1329 449 1383 coniugia
478 1327 729 1384 quandoque
755 1329 1004 1383 permiserit,
1030 1327 1067 1369 id
1094 1326 1294 1383 grai-ibus
1321 1328 1536 1371 dumtaxat
1560 1328 1611 1372 de
1636 1331 1770 1372 causis

132 1411 258 1455 aegre
291 1398 517 1442 admodum
553 1399 707 1450 fecit»,
739 1398 849 1455 quod
884 1397 1021 1442 adhuc
1054 1404 1207 1452 sei-vai,
1243 1398 1340 1441 dum
1377 1399 1501 1442 edicit
1527 1414 1616 1443 ean.
1644 1402 1769 1442 1061.

130 1469 158 1528 ξ
192 1470 228 1512 1.
264 1468 473 1521 Ecclesia,
510 1469 683 1526 proinde
718 1469 891 1512 Praelati
926 1482 1092 1527 quoque
1127 1471 1231 1512 infra
1268 1469 1499 1513 Romanum
1530 1470 1767 1514 Pontiticem

131 1545 301 1584 sei-vent
335 1540 530 1597 idipsum,
555 1553 681 1598 super
714 1539 1010 1598 impedimento
1044 1541 1203 1584 immae
1236 1539 1459 1597 reliqiom's
1494 1541 1769 1584 determinato

135 1613 172 1654 in
205 1610 251 1669 §⁰
287 1610 330 1654 1⁰
364 1624 445 1654 non
494 1609 727 1668 dispensat,
775 1611 827 1654 de
877 1612 999 1663 facto,
1043 1613 1204 1654 etiamsi
1240 1610 1303 1654 lex
1339 1611 1482 1654 divina
1518 1625 1596 1654 non
1634 1611 1768 1668 prohi-

135 1681 250 1726 beret
284 1681 385 1725 illud
422 1683 460 1724 in
495 1693 609 1734 casu,
645 1681 748 1724 nisi:
769 1707 820 1712 —
843 1681 899 1724 1.⁰
940 1679 1139 1738 Cryeanl,
1173 1695 1221 1724 eo
1255 1681 1364 1738 quod
1409 1681 1530 1724 aliter
1563 1687 1769 1739 nequeant

136 1752 347 1796 moraliter
364 1752 509 1796 saltem
536 1754 743 1796 removeri
769 1752 810 1809 a)
834 1752 974 1795 iustae
997 1754 1020 1795 i.
1046 1766 1080 1795 e.
1122 1752 1227 1796 hanc
1261 1753 1612 1808 dispensationem
1649 1766 1770 1809 expo-

131 1828 309 1877 scenteS,
346 1823 386 1880 b)
421 1837 471 1865 ac
500 1837 652 1880 yraves
687 1826 724 1866 iu
759 1826 906 1880 seipsis
940 1837 1106 1873 causae,
1144 1837 1181 1864 v.
1216 1838 1278 1880 gr.
1312 1823 1421 1880 quod
1461 1823 1609 1866 mulier
1642 1823 1767 1867 alium

133 1897 243 1951 paris
276 1894 525 1938 conditionis
560 1897 693 1937 rii-um
735 1897 925 1938 invenire
950 1899 1140 1952 nequeat,
1171 1894 1231 1937 iel
1257 1895 1306 1937 ad
1335 1894 1411 1937 hoc
1437 1896 1473 1936 in
1502 1894 1769 1951 longinquam

134 1967 347 2022 regionem
383 1967 559 2009 transire
592 1965 777 2019 deberet,
811 1970 936 2023 atque
971 1967 1084 2021 ipsae
1127 1967 1332 2021 pertinent
1367 1965 1416 2008 ad
1452 1965 1772 2021 dispensationis

133 2049 206 2092 per
237 2035 386 2079 Sedent
421 2035 700 2092 Apostolicam
737 2037 1031 2080 concedendae
1066 2036 1302 2080 liceitatem.

248 2106 379 2150 Citata
416 2106 634 2150 Instructio
667 2109 939 2164 suprapositis
975 2107 1114 2150 verbis
1145 2106 1384 2150 subiunxit:
1426 2111 1507 2150 «et
1541 2120 1621 2150 non
1657 2106 1767 2164 (per-

134 2177 262 2233 misit)
293 2179 368 2220 nisi
403 2177 479 2221 sub
513 2190 707 2233 expressa
742 2191 908 2234 semper
940 2178 1178 2221 conditione
1213 2177 1270 2234 (in
1305 2176 1700 2234 dispensationibus)
1721 2177 1770 2221 de

135 2248 450 2305 praemittendis
482 2251 729 2292 necessariis
762 2251 1090 2306 opportunisque
1124 2247 1400 2304 cautionibus,
1435 2253 1477 2291 ut
1509 2248 1666 2292 scilicet
1693 2262 1769 2291 non

131 2319 264 2363 solum
302 2318 343 2376 a)
378 2318 608 2364 catholicus
642 2322 793 2364 coniux
829 2319 882 2364 ab
914 2320 1145 2364 acatholico
1184 2322 1367 2377 perverti
1392 2333 1471 2363 non
1500 2325 1647 2376 posset,
1672 2322 1769 2377 quin

133 2391 216 2433 imo
251 2389 294 2447 b)
330 2389 561 2434 catholicus
594 2393 680 2448 ipse
724 2393 876 2435 coniux
927 2393 1057 2435 teneri
1091 2405 1134 2434 se
1166 2393 1269 2434 sciat
1302 2391 1351 2434 ad
1387 2390 1662 2435 acatholicum
1699 2404 1771 2447 pro

134 2459 295 2504 viribus
318 2460 370 2505 ab
388 2474 530 2505 errore
550 2461 870 2506 retrahendum:
894 2475 1039 2506 verum
1060 2464 1199 2517 etiam,
1218 2462 1258 2519 c)
1279 2466 1321 2505 nt
1339 2463 1536 2505 universa
1556 2463 1772 2519 utriusque

132 2544 258 2575 sexus
293 2531 430 2588 proles
461 2545 510 2576 ex
546 2534 686 2576 mixtis
719 2532 831 2577 hisce
866 2535 1143 2577 matrimoniis
1181 2533 1437 2590 procreanda
1474 2535 1512 2575 in
1546 2532 1771 2576 Sanctitate

133 2601 371 2646 Catholicae
404 2602 632 2660 Religionis
665 2604 834 2648 educari
870 2606 1039 2647 omnino
1073 2603 1245 2648 deberet
1266 2620 1306 2648 ³).
1341 2603 1399 2647 Ex
1434 2604 1556 2647 dictis
1579 2616 1692 2660 erg0,
1714 2616 1772 2646 re-

135 2675 257 2716 missa
292 2675 330 2716 in
365 2679 481 2731 seq.¹¹¹
514 2686 716 2718 canonem
751 2674 943 2719 catholici
978 2676 1168 2731 coniugis
1200 2674 1466 2732 obligatione,
1491 2674 1768 2718 conditionem

133 2743 453 2801 dispensationis
485 2744 537 2788 ab
571 2744 648 2789 hoc
672 2745 972 2802 impedimento
996 2746 1130 2803 quoad
1157 2748 1333 2802 primam
1359 2750 1398 2789 et
1423 2747 1586 2789 tertiam
1612 2749 1768 2801 partem

259 2898 269 2919 1
299 2897 341 2931 15
367 2897 466 2933 Nov.
494 2898 597 2933 1858.
627 2918 670 2925 —
698 2899 712 2921 2²
739 2899 784 2933 10
809 2899 922 2934 Febr.
958 2899 1060 2935 1860.
