1971 3261
241 182 309 216 662
634 179 718 213 Lm.
748 178 820 212 ΠΙ.

849 198 861 203 -
890 178 999 212 PARS
1026 178 1056 211 Ι.
1084 197 1096 204 -
1123 178 1180 212 De
1205 178 1469 213 Sacramentz's

1543 178 1634 213 (lan.
1662 178 1866 213 1107-1108

241 300 348 357 apud
385 300 620 350 archivum)
653 303 772 342 caute
806 297 1103 349 custodiendis,
1128 297 1185 354 (et
1219 300 1332 341 iuxta
1353 297 1381 355 ἓ
1409 298 1462 341 10
1495 297 1653 341 dandas
1691 301 1862 354 tantum,

239 371 404 428 (mando
436 370 486 414 ab
521 369 600 412 illis
635 368 750 412 libris
785 366 951 425 aliquod
986 367 1283 411 documentum
1322 373 1547 424 exposcant
1581 381 1726 411 verum
1763 370 1862 411 inte-

241 456 349 485 resse
384 441 594 484 babentes.
630 439 780 496 quibus
815 438 1105 495 probationum
1139 439 1307 482 aliunde
1351 439 1622 495 petendarum
1656 452 1737 482 non
1771 452 1866 495 sup-

240 515 338 569 petit
370 514 506 568 copia)
542 515 696 554 tantam
731 512 959 566 promereri
999 510 1138 564 fidem,
1172 514 1369 567 quantam
1403 509 1480 553 sibi
1514 509 1581 552 alii
1617 509 1708 553 libri
1746 521 1864 566 paro-

236 583 389 627 chiales
425 583 681 638 baptismatis
714 586 752 624 et
788 583 1038 624 matrimonii
1076 581 1288 624 vindicare
1321 585 1692 624 consueverunt».

925 731 1069 768 CAPUT
1099 731 1181 766 Vlll.

549 817 598 851 De
624 816 796 859 tempore
822 816 862 850 et
886 815 969 849 loco
996 814 1270 850 celebrationis
1296 814 1550 849 matrimonii.

287 922 370 959 CAN.
404 921 504 957 1108.
529 943 545 947 -
566 926 585 964 ξ
609 920 914 957 l.Matrim0nium
932 932 1014 966 quo-

241 970 321 1005 libet
347 970 431 1005 anni
460 974 614 1015 tempore
640 969 797 1004 contrahi
827 973 948 1021 potest.

287 1022 305 1060 ἓ
325 1016 717 1052 =2.Soiie1nnistantum
741 1017 942 1062 nuptiarum
959 1016 1014 1051 be-

241 1065 391 1100 nedictio
417 1069 551 1099 vetatur
568 1075 589 1099 a
617 1065 728 1110 prima
752 1063 930 1098 dominica
948 1064 1016 1098 Ad-

240 1117 363 1148 ventus
378 1123 486 1158 usque
500 1113 542 1146 ad
558 1108 648 1146 diem
667 1111 862 1146 Nativitatis
876 1110 1014 1145 Domini

240 1160 419 1200 inclusis-‚e
446 1165 478 1194 et
496 1171 515 1193 a
536 1159 621 1194 feria
648 1158 689 1193 iv
710 1157 878 1194 Cincrum
907 1170 1016 1204 usque

237 1208 279 1242 ad
300 1207 512 1241 dominicam
543 1206 718 1241 Pascbatis
737 1206 918 1241 1001115110.

287 1258 305 1296 ξ
331 1254 363 1288 3.
394 1253 572 1289 Ordinarii
600 1259 718 1289 tamen
758 1254 910 1288 locorum
941 1264 1016 1298 pos-

238 1306 334 1342 sunt,
374 1302 479 1336 salvis
514 1301 647 1345 legibus
686 1301 868 1345 liturgicis,
910 1301 1015 1335 etiam

241 1348 425 1394 praedictis
463 1349 676 1394 temporibus
701 1359 777 1384 eam
819 1349 1017 1394 permittere

238 1408 277 1431 vx
306 1396 400 1431 iuxta
437 1408 552 1435 causa,
580 1396 721 1430 monitis
758 1396 895 1441 sponsis
936 1401 971 1431 ut
997 1407 1016 1431 a

243 1443 351 1478 nimia
378 1455 503 1489 pompa
529 1443 742 1478 abstineant..

287 1490 370 1526 Cis.
406 1491 504 1525 illiti.
534 1511 549 1516 -
578 1495 597 1533 ξ
627 1491 653 1526 l.
674 1490 938 1526 Matrimonium
967 1490 1017 1524 in-

240 1543 290 1573 ter
315 1538 501 1573 catholicos
526 1538 718 1573 celebretur
737 1538 771 1572 in
799 1538 944 1574 ecclesia
962 1549 1018 1584 pa-

240 1585 401 1624 roeciali:
425 1586 457 1620 in
486 1586 555 1620 ntia
572 1591 689 1621 autem
707 1585 854 1621 ecclesia
874 1585 925 1620 vel
944 1596 1017 1620 ora-

240 1633 326 1668 torio
363 1634 433 1668 sive
473 1633 610 1679 publiio
648 1633 719 1668 sive
756 1633 857 1668 semi·
865 1633 1013 1678 publico,

239 1680 380 1714 nonnisi
419 1681 461 1715 de
499 1681 639 1716 licentia
665 1678 844 1716 Ordinarii
872 1680 934 1715 loci
965 1680 1015 1716 vel

242 1727 378 1773 parochi
407 1728 571 1763 celebrari
600 1728 737 1774 poterit.

1135 920 1200 963 §2
1229 920 1491 955 Matrimonium
1516 921 1551 954 111
1578 920 1722 956 aedibus
1758 921 1868 966 priva·

1088 968 1132 1002 tis
1158 968 1322 1003 celebrari
1352 966 1531 1004 Ordinarii
1566 968 1718 1003 locorum
1747 968 1782 1002 in
1809 979 1865 1003 ex·

1089 1015 1320 1050 traordinario
1347 1020 1483 1051 tantum
1511 1015 1629 1061 aliquo
1655 1026 1736 1050 casu
1755 1019 1789 1050 et
1814 1026 1866 1050 ac-

1088 1063 1231 1098 cedente
1245 1073 1382 1108 semper
1396 1063 1485 1098 iusta
1499 1073 1538 1098 ac
1553 1062 1867 1098 rationabilicausa

1090 1110 1287 1156 permittere
1313 1115 1481 1156 possunt:
1503 1110 1616 1145 sedin
1643 1110 1796 1145 000105ιί5
1814 1109 1867 1145 vel

1090 1157 1249 1193 oratoriis
1275 1157 1345 1193 sive
1376 1157 1558 1194 Seminarii
1586 1157 1657 1192 sive
1695 1157 1869 1202 religiosa-

1090 1216 1178 1244 1·,um
1207 1204 1386 1241 Ordinarii
1415 1206 1448 1240 id
1475 1216 1518 1240 ne
1554 1205 1767 1250 permittant,
1798 1204 1864 1239 nisi

1091 1257 1235 1297 urgente
1261 1253 1478 1293 necessitate,
1507 1263 1547 1287 ac
1577 1253 1782 1311 opportunis
1807 1253 1866 1288 ad-

1090 1299 1209 1334 bibitis
1235 1300 1391 1335 cautelis.

1136 1351 1155 1389 g
1183 1348 1215 1381 3.
1245 1346 1468 1382 Matrimonia
1503 1358 1581 1382 vero
1619 1348 1710 1381 inter
1735 1351 1866 1392 partem

1089 1394 1294 1429 catholicam
1321 1399 1354 1430 et
1375 1399 1506 1440 partem
1525 1393 1753 1429 acatholicam
1772 1398 1867 1429 extra

1088 1442 1268 1477 ecclesiam
1296 1442 1538 1477 celebrentur·
1532 1441 1652 1487 ,quod
1671 1441 1698 1475 si
1716 1439 1868 1476 Ordiua

1089 1490 1161 1524 rius
1189 1491 1377 1542 prudenter
1415 1469 1541 1524 iudicet,
1568 1489 1601 1524 id
1640 1488 1767 1524 servari
1796 1499 1867 1524 non

1091 1548 1187 1582 posse
1206 1537 1291 1583 quin
1317 1537 1478 1582 graviora
1491 1536 1652 1571 oriantur
1666 1536 1768 1577 mala,
1789 1547 1867 1581 pru-

1088 1584 1183 1619 denti
1210 1584 1284 1620 eius
1309 1584 1453 1619 arbitrio
1478 1583 1707 1619 committitur
1725 1583 1790 1618 hac
1815 1594 1870 1618 su·
1928 1615 1936 1622 ,

1091 1643 1150 1677 per
1175 1642 1211 1667 re
1237 1632 1450 1677 dispensare,
1481 1631 1579 1666 firmo
1616 1635 1733 1667 tamen
1772 1641 1866 1676 prae-

1089 1679 1216 1725 scripto
1243 1690 1322 1715 can.
1354 1677 1455 1719 1102,
1481 1678 1550 1724 §2

362 1848 457 1890 514.
484 1850 740 1905 Inscriptio
764 1850 942 1905 capitis
964 1851 1014 1894 et
1036 1861 1266 1893 canones.
1291 1873 1344 1877 —
1368 1847 1565 1905 Sequitur
1591 1846 1724 1904 Caput
1760 1845 1865 1901 VIII,

241 1919 348 1975 quod
385 1919 565 1977 loquitur
598 1919 649 1961 de
691 1920 1027 1967 circumstantiis,
1061 1918 1233 1972 scilicet,
1284 1917 1550 1962 inscribitur:

241 1996 280 2033 et
313 1990 401 2033 loeo
444 1989 738 2033 celebrationis
777 1989 1054 2046 nealrt'monii,

1590 1917 1646 1961 De
1685 1923 1867 1975 tempore

1089 1995 1128 2033 et
1160 1990 1388 2033 secundum
1426 1989 1516 2032 illas
1558 1989 1661 2033 duas
1695 1991 1869 2032 circum-

241 2064 410 2104 stantias
443 2062 546 2104 ‹luos
579 2074 758 2104 canones
792 2061 870 2105 sub
902 2075 945 2104 se
979 2063 1174 2104 continet.

360 2133 404 2174 5¹
420 2133 456 2174 5.
487 2133 558 2178 De
575 2136 799 2189 tempore
820 2136 920 2178 tum
946 2134 1296 2178 celebrationis
1317 2134 1614 2178 matrimonii
1635 2135 1736 2177 tum
1760 2133 1867 2177 eius

243 2205 600 2249 benedictionis
648 2205 915 2249 sollemnis.
964 2228 1017 2234 ——
1051 2201 1175 2247 Cone.
1209 2202 1358 2246 Trid.1
1394 2203 1654 2259 disciplinam
1699 2201 1869 2245 exbibet

244 2272 491 2318 huiusmodi.
527 2286 631 2330 quae
664 2273 857 2317 Codicein
911 2276 1144 2330 praecessit,
1180 2274 1277 2317 dum
1313 2276 1396 2319 ait:
1437 2289 1457 2314 1(
1480 2273 1544 2317 Ab
1576 2273 1757 2316 adventu
1795 2272 1866 2315 Do-

245 2346 340 2386 mini
376 2347 501 2387 nostri
529 2344 615 2387 lesu
639 2343 788 2388 Christi
824 2358 954 2402 usque
988 2347 1025 2387 in
1050 2345 1160 2388 diem
1194 2344 1466 2401 Epiphaniae,
1489 2349 1529 2388 et
1551 2357 1573 2387 3
1597 2345 1694 2387 feria
1719 2348 1865 2401 quarta

241 2415 436 2457 (lineruin
472 2429 600 2472 usque
625 2417 662 2458 in
687 2420 877 2459 octavam
902 2415 1109 2459 Pascbatis
1135 2415 1351 2470 inclusive,
1379 2418 1569 2473 antiquas
1602 2415 1863 2458 sollemnium

243 2487 477 2540 nuptiarum
515 2485 811 2541 prohibitiones
834 2486 1056 2543 diligenter
1088 2486 1139 2530 ab
1163 2486 1355 2530 omnibus
1388 2486 1601 2530 observari
1623 2490 1763 2529 sancta
1796 2485 1867 2542 Sy·
1926 2483 1928 2489 ⁴

243 2554 373 2597 nodus
408 2558 631 2611 praecipit:
668 2558 706 2598 in
740 2555 830 2599 aliis
868 2570 965 2599 vero
1001 2555 1258 2612 temporibus
1292 2559 1455 2612 nuptias
1477 2555 1732 2599 sollemniter
1764 2554 1864 2598 cele·
1926 2574 1927 2578 ¹

241 2625 348 2668 brari
387 2628 581 2679 permittit
608 2643 614 2670 :
640 2638 742 2683 quas
775 2629 972 2682 episcopi,
1000 2632 1043 2670 ut
1066 2639 1127 2682 03,
1151 2640 1230 2684 qua
1265 2627 1397 2670 decet.
1435 2627 1633 2670 modestia
1657 2631 1697 2669 et
1720 2625 1864 2669 bones·
1923 2663 1927 2666 .

241 2700 321 2738 tate
355 2696 465 2748 liant,
501 2697 731 2745 curabunt:
768 2702 908 2740 sancta
956 2699 1065 2740 enim
1101 2711 1165 2740 res
1197 2703 1257 2741 est
1297 2699 1622 2751 matrimonium,
1653 2701 1693 2740 et
1725 2700 1866 2739 sancte
1917 2711 1959 2764 “ji

241 2766 563 2809 tractandum».
601 2793 652 2796 —
693 2766 793 2809 Can.
841 2770 953 2811 1108
985 2773 1046 2811 est
1079 2770 1156 2811 iuri
1194 2768 1344 2824 praec.i
1379 2767 1498 2824 plane
1532 2768 1756 2811 conformis
1788 2765 1865 2809 sub
1915 2772 1931 2810 :12-

359 2918 367 2939 ¹
397 2918 486 2961 Cap.
520 2919 561 2951 ltJ
587 2930 683 2952 sess.
714 2919 847 2953 XXIV
874 2919 919 2953 de
957 2920 1026 2954 ret.
1065 2920 1321 2955 matrimonii.
