1971 3261
203 160 294 196 Can.
326 161 477 196 rso-731
694 161 778 196 Tm
818 161 868 195 ΙΙ.
897 181 909 185 -
940 161 993 196 De
1024 162 1338 206 Confirmatione
1796 163 1840 196 75

207 280 301 325 huic
334 285 609 325 sacramento.
651 281 764 324 Sicut
808 283 918 323 enini
964 281 1095 324 forma
1141 284 1197 324 rei
1239 281 1439 324 naturalis
1471 281 1539 324 dat
1573 283 1607 323 ei
1642 284 1839 337 speciem,

206 355 258 396 ita
295 353 429 395 forma
458 353 708 395 sacramenti
743 353 958 395 continere
991 352 1115 396 debet
1155 352 1358 410 quidquid
1385 354 1561 408 pertinet
1584 353 1632 396 ad
1659 355 1838 409 speciem

202 425 465 466 sacramenti.
501 424 615 466 Sicut
647 427 787 466 autem
820 436 869 466 ex
905 435 1030 479 supra
1066 423 1192 466 dictis
1238 428 1362 479 patet,
1398 425 1434 465 in
1472 422 1547 466 hoc
1581 429 1841 467 sacramento

205 494 327 538 datur
360 494 537 550 Spiritus
570 494 745 537 Sanctus
777 494 827 537 ad
865 492 991 537 robur
1023 493 1252 550 spiritualis
1287 506 1461 550 pugnae.
1503 493 1550 537 Et
1586 494 1678 538 ideo
1703 497 1739 537 in
1768 494 1841 538 hoc

205 564 475 608 Sacramento
508 567 585 608 tria
619 569 713 608 sunt
749 567 996 611 necessaria,
1031 578 1138 622 quae
1172 567 1440 608 continentur
1476 567 1512 608 in
1551 566 1681 609 forma
1727 579 1843 623 prae-

206 635 340 687 dicta;
374 648 552 693 quorum
590 638 769 691 primum
815 640 873 678 est
919 647 1043 679 causa
1088 636 1309 679 conferens
1349 635 1648 692 plenitudinem
1685 636 1844 680 roboris

205 706 446 763 spiritualis,
481 718 587 763 quae
620 711 681 750 est
713 707 862 750 Sancta
897 706 1088 756 Trinitas,
1123 720 1230 765 quae
1265 709 1515 764 exprimitur
1548 721 1642 751 cuin
1667 708 1841 752 dicitur:

207 779 231 798 “
256 777 298 820 ln
334 779 500 820 nomine
536 777 666 834 Patris
691 814 736 832 ,,,
782 782 859 821 etc.
903 778 1140 821 Secundum
1189 783 1247 821 est
1294 780 1427 834 ipsum
1471 778 1596 822 robur
1628 779 1844 836 spirituale

206 848 316 906 quod
352 848 507 892 homini
542 850 758 892 confertur
792 862 863 906 per
895 854 1205 893 sacramentum
1252 851 1451 893 materiae
1489 849 1662 894 risibilis
1695 851 1745 894 ad
1779 864 1843 894 sa-

207 919 348 968 lutem,
398 919 509 977 quod
559 919 728 977 quidem
780 922 963 977 tangitur
1011 934 1106 963 cuin
1157 921 1328 964 dicitur:
1371 919 1630 973 '‘Contirmo
1665 926 1702 965 te
1735 921 1842 965 chri-

206 995 339 1034 smate
371 990 516 1034 salutis
541 1027 579 1045 „.
614 990 799 1034 Tertium
833 997 893 1035 est
926 994 1091 1048 signum
1127 992 1236 1048 quod
1275 994 1494 1048 pugnatori
1530 992 1653 1035 datur
1675 995 1781 1036 sicut
1806 999 1843 1035 et

208 1063 247 1105 in
284 1074 421 1118 pugna
454 1062 660 1118 corporali
697 1062 848 1106 milites
882 1065 1070 1119 insigniis
1103 1062 1256 1106 ducum
1283 1065 1564 1119 insigniuntur
1587 1068 1843 1120 etquantuin

208 1132 258 1175 ad
296 1131 371 1176 hoc
405 1132 582 1176 dicitur:
616 1135 640 1152 “
665 1132 872 1190 Consigno
907 1138 945 1176 te
978 1136 1097 1190 signo
1130 1136 1268 1176 crucis
1293 1167 1340 1188 ,‚,
1379 1135 1415 1176 in
1454 1147 1536 1190 quo
1568 1134 1725 1178 scilicet
1759 1134 1843 1179 Rex

210 1209 348 1247 noster
383 1204 672 1260 triumphavit,
708 1209 750 1247 ut
783 1205 938 1248 dicitur
971 1203 1143 1259 (Coloss.
1179 1204 1230 1261 ll)
1250 1220 1288 1247 ».

328 1274 396 1317 73.
433 1276 506 1320 De
539 1277 748 1322 materia
780 1280 971 1322 remota
1004 1280 1053 1322 et
1085 1277 1329 1333 proxima.
1363 1301 1388 1306 -
1421 1277 1487 1320 Sic
1522 1276 1754 1334 theologice
1788 1278 1848 1321 di-

208 1347 316 1389 citur
336 1358 400 1389 res
420 1345 488 1388 illa
506 1345 716 1390 sensibilis
734 1358 841 1404 quae
862 1349 899 1389 in
919 1352 1182 1390 sacramento
1205 1346 1440 1402 adhibetur,
1461 1347 1642 1393 scilicet:
1667 1348 1848 1393 chrisma

210 1429 283 1473 pro
316 1417 647 1472 confirmatione,
696 1422 822 1475 atque
872 1417 981 1461 illius
1031 1431 1128 1461 usus
1161 1420 1230 1476 qui
1268 1432 1340 1475 pro
1376 1421 1451 1462 isto
1493 1425 1756 1462 sacramento
1790 1425 1848 1463 cst

211 1489 396 1531 inunctio
430 1490 468 1531 in
503 1489 649 1531 fronte.
684 1487 744 1532 De
779 1493 955 1546 utraque
982 1489 1229 1545 praescribit
1264 1503 1355 1532 ean.
1392 1492 1493 1533 781.
1526 1492 1544 1546 ,ξ
1582 1491 1616 1534 t.
1655 1490 1849 1534 Christian

211 1559 466 1615 descriptum
503 1561 541 1602 in
579 1572 714 1615 praee.
749 1573 923 1613 canone,
947 1560 987 1617 a)
1014 1560 1054 1602 in
1080 1566 1346 1604 sacramento
1370 1561 1705 1617 confirmationis
1729 1561 1846 1605 adlei-

209 1629 399 1683 benduw,
435 1629 479 1687 b)
512 1629 628 1673 debe!
661 1644 750 1673 esse
783 1630 832 1674 ab
866 1630 1075 1689 Episcopo
1114 1645 1247 1676 «cuni
1283 1633 1323 1676 S.
1357 1632 1462 1676 Sede
1511 1636 1848 1677 communionem

209 1700 387 1745 habente
420 1702 723 1757 confectum»,
756 1715 828 1746 seu
855 1703 867 1724 ¹
902 1709 1204 1752 consecratum
1241 1704 1292 1746 de
1327 1716 1405 1760 qua
1441 1707 1754 1748 consecratione
1778 1718 1849 1748 seu

213 1771 503 1816 benedictione
538 1774 654 1817 adest
688 1786 778 1818 can.
815 1774 913 1828 734,
950 1779 987 1817 et
1026 1774 1067 1817 l).
1104 1773 1284 1817 Thomas
1308 1774 1322 1796 ²
1366 1777 1441 1818 ait:
1487 1792 1508 1816 «
1532 1776 1640 1833 quod
1678 1780 1849 1820 materia

208 1843 438 1900 corporalis
490 1857 569 1888 non
619 1850 680 1888 est
729 1857 859 1901 capax
911 1847 1085 1902 gratiae,
1135 1848 1251 1903 quasi
1302 1849 1461 1903 gratiae
1494 1846 1743 1903 subiectum,
1778 1849 1849 1891 sed

209 1913 342 1958 solum
377 1917 484 1959 sicut
517 1918 677 1972 gratiae
729 1918 1065 1966 instrumentum,
1100 1921 1139 1960 et
1172 1917 1221 1959 ad
1260 1916 1336 1960 hoc
1386 1920 1557 1961 materia
1601 1922 1851 1962 sacramenti

209 1990 479 2034 consecratur
531 1985 592 2029 iet
638 1985 690 2030 ab
740 1989 827 2043 ipso
875 1985 1053 2043 Christo
1110 1987 1170 2031 set
1220 1987 1272 2031 ab
1315 1987 1533 2045 Episcopo
1568 1991 1637 2046 qui
1672 1992 1777 2046 gerit
1814 1993 1851 2032 in

211 2055 396 2100 Ecclesia
448 2070 666 2114 personam
717 2056 932 2102 Christi».
968 2056 1188 2111 Quomodo
1239 2059 1510 2116 intelligenda
1554 2062 1603 2103 sit
1656 2064 1853 2104 materiae

209 2130 469 2172 consecratio
503 2133 541 2171 et
574 2128 709 2186 qualis
743 2130 849 2172 tacta
882 2129 934 2173 ab
970 2132 1056 2186 ipso
1089 2128 1268 2185 Christo,
1304 2130 1426 2186 paulo
1462 2133 1564 2174 intra
1591 2134 1766 2175 reteram
1802 2146 1850 2176 ex

209 2197 356 2241 eodem
393 2197 582 2242 Doctore.
616 2198 705 2243 Non
739 2205 799 2243 est
837 2214 935 2243 vero
961 2200 1062 2244 haec
1086 2201 1378 2245 confundenda
1403 2215 1497 2245 cum
1524 2203 1852 2246 sanctificatione

214 2273 414 2312 materiae
440 2272 477 2312 in
505 2271 591 2326 ipsa
615 2269 835 2315 collatione
869 2273 1174 2329 cuiuscumque
1207 2275 1456 2316 sacramenti
1480 2287 1551 2330 per
1571 2274 1744 2317 formam
1769 2288 1855 2317 rer-

215 2339 360 2384 horum
397 2341 549 2398 quibus
582 2343 797 2386 confertur
819 2348 1151 2397 sacramentum3
1189 2343 1298 2387 unde
1331 2349 1369 2387 et
1404 2344 1662 2401 Augustinus
1695 2344 1793 2387 dicit
1820 2346 1852 2386 3:

219 2426 240 2452 c<
264 2412 437 2455 Accedit
475 2412 648 2456 verbum
684 2413 734 2457 ad
771 2414 1040 2470 elementum,
1075 2420 1113 2458 et
1149 2415 1191 2457 tit
1224 2420 1534 2459 sacramentum
1562 2433 1599 2458 ».
1645 2416 1711 2459 Sic
1743 2418 1851 2459 enirn

215 2484 253 2525 in
287 2481 520 2527 Chrismate
555 2484 661 2528 hanc
697 2488 896 2529 materiae
934 2486 1307 2529 sanctificationem
1335 2486 1387 2530 ab
1413 2486 1520 2530 illius
1544 2489 1854 2530 consecratione

216 2556 384 2610 praevia
419 2556 725 2599 contirinationi
753 2556 766 2578 4
801 2556 1017 2613 distinguit
1055 2556 1100 2599 D.
1135 2555 1315 2600 Thomas
1348 2557 1514 2601 dicens:
1555 2559 1707 2614 «quod
1745 2562 1853 2600 utra-

214 2637 296 2682 que
329 2628 591 2669 consecratio
615 2626 854 2671 chrismatis
877 2627 955 2671 suh
988 2640 1029 2672 ai
1064 2632 1103 2671 et
1135 2627 1174 2684 b)
1212 2641 1290 2671 non
1313 2629 1492 2672 refertur
1515 2629 1564 2672 ad
1593 2629 1716 2672 idem.
1742 2631 1854 2672 Sicut

214 2696 324 2737 enim
362 2697 683 2740 instrumentum
714 2699 910 2741 virtutem
937 2697 1295 2741 instrumentalem
1316 2701 1495 2756 acquirit
1518 2698 1754 2755 dupliciter,
1778 2700 1855 2741 sci-

217 2764 309 2808 licet
334 2766 501 2823 quando
525 2770 676 2824 accipit
701 2769 877 2812 ἴοι-1113111
904 2770 1183 2823 instrumenti,
1208 2774 1248 2812 et
1271 2770 1438 2826 quando
1482 2778 1673 2813 mox-etur
1696 2782 1717 2812 a
1746 2771 1853 2825 prin-

336 2873 344 2892 ¹
375 2871 493 2906 Instr.
526 2872 562 2906 S.
594 2872 634 2907 C.
665 2873 710 2907 de
739 2874 782 2908 P.
812 2874 854 2907 F,
884 2875 906 2907 4
932 2874 1027 2908 Maii
1057 2874 1160 2909 1774.
1191 2875 1354 2909 Collect.
1392 2887 1427 2909 n.
1468 2876 1550 2910 503.
1596 2897 1634 2900 -
1678 2876 1690 2896 ‘2
1717 2875 1853 2919 Suppl.

216 2929 252 2962 q.
270 2918 435 2957 LXXII,
457 2931 490 2956 a.
508 2921 542 2959 3,
563 2920 611 2954 ad
626 2920 688 2954 3¹¹¹.
719 2942 762 2945 —
788 2921 803 2943 3
823 2921 949 2966 Super
966 2921 1037 2965 Io.‚
1059 2926 1174 2956 tract.
1191 2922 1238 2957 80
1256 2934 1277 2956 a
1295 2922 1395 2957 med.
1428 2944 1470 2948 —
1497 2925 1509 2945 ⁴
1530 2923 1618 2957 Loc.
1638 2923 1705 2956 eit.
1728 2921 1775 2956 ad
1795 2924 1856 2955 2¹¹¹.
