1971 3261
228 163 272 195 44
636 162 720 196 LIB.
749 162 821 196 ΙΙΙ.
852 184 860 187 -
887 162 996 196 PARS
1022 162 1054 195 Ι.
1081 182 1095 188 -
1119 163 1176 197 De
1200 163 1467 199 Sat-ramentis
1587 165 1665 200 Can
1704 166 1854 201 152-753

229 281 306 324 dus
338 283 414 324 erit
448 294 525 323 non
561 283 748 337 incapax,
782 279 888 322 satis
922 285 999 331 est,
1032 279 1088 323 ad
1120 280 1373 338 baptismum
1406 283 1703 341 eonferendum
1737 288 1772 328 ei
1809 285 1853 328 li-

229 353 322 403 cite,
359 356 401 392 ut
434 349 575 407 aliquo
610 348 727 392 inodo
761 352 800 404 a)
824 348 1020 392 ostendat
1053 363 1097 392 se
1129 349 1284 393 eisdem
1308 352 1516 395 assentire
1547 353 1586 396 h.
1612 366 1645 396 e.
1667 355 1852 410 credere,

231 420 272 476 b)
305 420 495 477 serioque
524 419 747 475 promittat
778 433 821 461 se
853 417 1117 462 christianae
1157 420 1381 477 reliyionis
1424 423 1627 466 mandata
1665 430 1852 468 servatu-

229 505 334 545 rum,
368 491 474 547 quod
509 490 695 533 dolorem
727 489 778 533 de
812 494 991 545 peccatis
1027 494 1333 548 praesupponit.

344 560 461 605 Circa
495 563 761 603 intentionem
795 560 846 603 ad
885 563 1188 617 susceptionem
1243 562 1435 620 baptismi
1487 568 1777 620 necessariam,
1812 571 1855 609 ut

227 646 349 689 supra
394 633 549 675 dietum
594 636 665 678 est,
709 633 847 687 praxis
880 632 1074 688 dirigitur
1105 646 1126 676 a
1161 636 1185 687 ἓ
1221 634 1258 676 3.
1298 633 1421 687 Quod
1452 636 1489 678 si
1521 635 1771 693 baptismum
1804 652 1855 680 ne

223 709 366 760 petere
398 701 563 759 quidem
595 706 732 758 queat,
766 701 935 745 forsitan
968 702 1158 747 sensibus
1176 704 1399 748 destitutus
1421 706 1652 750 velamissa
1676 707 1851 764 loquela,

225 787 272 817 ac
305 772 581 829 supplendum
604 776 690 814 est:
718 774 873 828 positus
911 788 931 814 ((
955 775 993 816 in
1021 776 1164 817 mortis
1189 775 1374 830 periculo
1394 791 1437 830 )),
1467 775 1540 819 sed
1562 776 1624 819 vet
1646 783 1772 820 antea
1794 791 1853 821 sa-

226 858 301 887 nus
337 843 397 886 vel
434 846 512 885 iam
548 843 736 886 infirmus
767 842 831 886 vel
862 843 906 886 in
936 845 1153 902 praesenti
1185 851 1302 888 statu
1338 846 1676 904 manifestaverit
1709 848 1851 906 aliquo

222 914 430 971 probabili
447 913 579 969 inodo,
604 916 673 971 qui
699 914 940 958 rationabile
959 915 1275 959 fundamentum
1301 919 1510 971 petitionis
1530 917 1720 974 baptismi
1742 932 1854 973 prae·

225 986 330 1035 beat,
364 984 637 1027 intentionem
669 983 791 1027 illuni
823 985 1094 1043 suscipiendi,
1131 990 1226 1029 tune
1263 987 1433 1043 quidem
1480 987 1759 1045 baptizandus
1792 995 1853 1032 est

223 1056 294 1099 sub
326 1054 593 1104 conditione,·
623 1057 655 1097 si
689 1068 732 1098 es
768 1055 908 1098 volens
941 1060 993 1108 et,
1030 1057 1104 1098 nisi
1139 1061 1299 1100 constet
1329 1073 1336 1097 :
1371 1059 1403 1099 si
1437 1070 1481 1100 es
1504 1058 1738 1114 dispositus.
1774 1059 1854 1102 Ad-

224 1128 344 1171 diiur-
367 1131 502 1169 tamen
529 1127 697 1168 monitio
721 1124 964 1182 obligatoria
985 1143 993 1168 :
1027 1126 1064 1168 si
1097 1126 1138 1183 a)
1159 1126 1310 1170 deinde
1334 1127 1612 1181 convaluerit,
1645 1128 1685 1185 a)
1710 1134 1748 1171 et
1781 1128 1852 1172 du-

223 1198 332 1241 bium
364 1196 414 1240 (le
447 1196 589 1239 valore
621 1195 818 1253 baptismi
850 1196 997 1240 collati
1027 1203 1291 1253 permaneat,
1318 1200 1486 1254 praevia
1515 1201 1777 1255 inquisitione
1800 1200 1852 1243 de

224 1267 435 1310 voluntate
479 1265 630 1321 habita,
665 1266 737 1309 sub
771 1266 1040 1310 conditione:
1072 1270 1105 1311 si
1139 1281 1219 1310 non
1254 1281 1297 1310 es
1332 1267 1573 1324 baptizatus,
1620 1268 1851 1327 baptismus

224 1351 371 1381 rursus
413 1336 673 1395 conferatur,
719 1340 887 1393 praevia
934 1338 1198 1394 diligentiore
1233 1338 1417 1394 possibili
1454 1341 1738 1394 instructione,
1772 1352 1850 1396 qua

225 1410 408 1451 fortassis
441 1408 636 1464 indigeat.

340 1479 406 1521 37.
443 1480 516 1525 De
548 1480 806 1525 servandis
838 1481 886 1523 in
918 1481 1169 1535 baptismo
1201 1481 1498 1525 adultorum.
1533 1505 1560 1509 -
1592 1478 1768 1522 Demum
1798 1493 1846 1523 ex

219 1551 308 1594 eod.
335 1550 411 1593 Rit.
436 1549 509 1606 (ib.
535 1549 591 1606 8).
632 1564 652 1589 «
679 1549 754 1592 Pro
773 1548 894 1592 buius
921 1551 1187 1592 veneratione
1212 1551 1469 1592 sacramenti
1490 1565 1510 1590 ))
1541 1554 1600 1592 est
1625 1563 1715 1592 ean.
1741 1552 1846 1593 753.

221 1624 245 1675 ξ
278 1622 315 1664 1.
356 1620 454 1664 Tam
486 1619 744 1663 sacerdotem
777 1619 921 1677 (etiam
954 1616 1225 1664 Ordinariun]
1273 1619 1371 1676 loci)
1405 1620 1478 1677 qui
1509 1619 1678 1663 adultos
1715 1619 1847 1679 bapti-

221 1698 391 1735 zaturus
423 1697 495 1744 est,
530 1705 655 1749 quain
696 1691 809 1748 ipsos
852 1689 1021 1733 adultos
1061 1690 1161 1747 (qui,
1211 1704 1304 1733 cum
1344 1691 1494 1733 infirmi
1528 1703 1576 1734 ac
1612 1690 1846 1734 moribundi

220 1763 467 1820 quandoque
499 1764 689 1817 existant,
724 1761 905 1816 additur,
940 1761 1037 1803 sani
1069 1760 1173 1818 sint)
1208 1760 1323 1803 decet
1359 1775 1449 1803 esse
1467 1761 1661 1811 ieiunos;
1694 1765 1848 1803 mutato

221 1833 346 1877 verbo
381 1833 457 1877 Rit.
492 1832 606 1876 Rom.
648 1834 949 1886 «convenit»,
985 1836 1027 1874 ut
1062 1836 1157 1887 puto
1191 1832 1239 1874 ad
1271 1831 1523 1874 innuendam
1551 1830 1844 1887 obligationem

220 1907 292 1948 etsi
328 1904 476 1947 levem.

335 1973 365 2017 E
397 1978 539 2017 contra
572 1979 632 2017 est
664 1985 794 2030 grave
826 1986 1003 2030 sequens
1028 1975 1343 2029 praescriptum,
1366 1977 1536 2029 utpatet
1553 1986 1602 2015 ex
1623 1972 1783 2030 initio3'
1805 1972 1842 2014 2.

219 2044 313 2089 Nisi
341 2058 491 2102 ²qraves
525 2050 800 2102 amentesque
832 2057 986 2087 causae
1017 2043 1156 2087 obsint
1192 2057 1228 2088 v,
1262 2057 1323 2100 gr.
1360 2046 1487 2087 nimia
1510 2043 1734 2087 difficultas
1766 2056 1848 2086 ser-

220 2116 344 2159 vandi
368 2118 566 2159 ieiunium
590 2115 911 2159 eucharisticum
936 2114 1075 2172 quoad
1102 2116 1402 2170 praescriptum
1428 2113 1656 2157 secundum
1680 2127 1688 2157 :
1723 2112 1846 2156 adul-

218 2192 284 2228 tus
315 2186 564 2243 baptizatus,
596 2185 637 2242 a)
670 2185 816 2228 statim
853 2184 1009 2228 Missae
1050 2183 1261 2240 sacrificio
1306 2184 1497 2236 assistat,
1532 2185 1606 2226 etsi
1641 2183 1731 2242 dies
1764 2195 1843 2225 non

216 2259 266 2299 sit
301 2258 425 2300 festus
458 2257 509 2299 de
543 2261 776 2313 praecepto,
811 2255 853 2312 b)
886 2261 925 2298 et
957 2268 1123 2298 sacram
1156 2254 1485 2297 communionem
1509 2253 1722 2311 pereipiat
1747 2266 1846 2296 con·
1887 2254 1889 2257 ’

220 2330 434 2370 venienter
467 2329 572 2370 intra
607 2329 787 2382 missam,
827 2327 936 2384 quod
965 2326 1128 2369 videtur
1151 2325 1351 2381 implicite
1376 2324 1523 2369 iuberi.
1550 2324 1607 2367 lta
1631 2337 1680 2367 ex
1707 2323 1763 2379 (n.
1791 2324 1844 2366 56

218 2397 238 2440 l.
274 2397 329 2454 c.)
364 2397 440 2441 Rit.
477 2397 593 2441 Rom.
629 2397 695 2440 ubi
731 2399 1010 2453 praemittitur
1043 2409 1122 2439 non
1166 2394 1363 2452 abrogata
1404 2399 1513 2452 (can.
1551 2394 1594 2450 2)
1629 2393 1843 2437 clausula:

219 2484 241 2509 α
263 2469 303 2512 Si
336 2468 443 2511 adsit
476 2467 714 2524 Episcopus,
750 2470 817 2525 qui
854 2467 893 2510 id
930 2467 1113 2523 legitime
1148 2470 1358 2522 praestare
1393 2467 1532 2522 possit,
1566 2464 1618 2508 ab
1651 2477 1699 2507 eo
1737 2462 1844 2507 Neo-

218 2538 329 2595 pliyti
363 2541 630 2582 sacramento
662 2539 989 2582 confirmationis
1023 2538 1300 2580 initiantur».

334 2609 578 2653 Addendam
616 2609 769 2652 utiliter
791 2622 939 2653 censeo
962 2608 1279 2651 instructionem
1299 2607 1337 2650 S.
1359 2604 1495 2651 Officii
1517 2608 1528 2628 ¹
1564 2618 1690 2663 quam
1708 2604 1843 2648 Emmi

218 2679 297 2725 DD.
333 2681 611 2724 decreverunt
652 2680 832 2723 dandam
875 2692 964 2723 esse
998 2680 1205 2735 proposito
1239 2677 1366 2721 dubio
1401 2677 1448 2722 R.
1486 2678 1525 2721 P.
1559 2676 1607 2720 D.
1640 2675 1843 2732 Episcopo

219 2750 527 2806 Philadelphiae
551 2753 660 2794 circa
697 2751 992 2807 professionem
1018 2749 1112 2792 fidei
1137 2761 1184 2792 ac
1207 2748 1509 2792 absolutionem
1535 2747 1841 2791 haereticorum

332 2904 341 2924 ¹
369 2904 414 2935 20
440 2903 514 2936 lut.
546 2903 649 2938 1859.
678 2903 840 2938 Colleet.
871 2902 908 2936 S.
938 2902 979 2936 O.
1009 2900 1055 2935 de
1082 2900 1126 2936 P.
1155 2899 1199 2936 F.
1229 2911 1266 2933 n.
1303 2899 1401 2934 {178
