1971 3261
169 154 265 190 Can.
295 153 452 188 768-769
740 152 823 187 TIT.
851 152 878 187 I.
905 173 915 178 -
943 152 1000 188 De
1026 153 1233 197 Raptisvw
1761 153 1809 187 63

176 274 359 319 «Utrum
396 275 588 330 cognatio
621 272 849 331 spiritualis
881 278 976 317 ante
1009 274 1118 317 diem
1154 273 1417 317 Pentecostes
1451 277 1545 317 anni
1578 274 1690 318 1918
1714 289 1812 319 con-

170 350 301 389 tracta
336 344 441 388 ultra
477 346 676 388 terminos
710 357 818 387 nunc
851 356 872 387 a
908 356 1018 387 novo
1050 342 1203 388 Codice
1237 344 1430 388 delinitos
1465 347 1503 388 in
1538 357 1629 389 can.
1655 346 1752 389 768.
1788 360 1809 389 a

172 416 354 473 praefata
389 415 653 459 Pentecostes
686 415 753 458 die
789 417 875 471 ipso
909 415 1016 458 sacto
1050 419 1183 458 cesset.
1221 415 1357 473 quoad
1397 428 1543 459 omnes
1576 416 1809 470 enectus...

170 487 315 543 Resp:
350 485 552 542 Negative
586 486 635 529 ad
670 485 815 543 (hanc)
851 487 1028 541 primam
1065 490 1269 542 partem...
1295 501 1335 531 )).

288 556 451 600 Dictum
486 561 547 600 est
580 555 686 600 hanc
719 558 1010 612 cognationem
1046 558 1134 599 iure
1168 555 1380 601 Ecclesiae
1416 559 1593 614 positivo
1627 572 1715 602 esse
1750 561 1808 602 in-

166 627 349 671 ductam.
391 626 595 685 Equidem
639 626 868 684 spiritualis
905 629 1114 683 cognatio,
1158 640 1265 685 quae
1308 628 1624 672 fundamentum
1666 643 1811 686 super-

167 698 356 742 naturale
390 697 527 750 habet,
560 697 740 742 scilicet:
774 702 1084 741 sacramentum
1120 711 1139 741 a
1176 698 1339 742 Christo
1386 701 1631 751 institutum,
1668 703 1810 758 nequit

167 782 256 813 esse
289 771 510 812 constituta
545 782 595 812 ex
631 768 806 812 naturali
844 771 947 823 iure,
981 769 1091 826 quod
1129 769 1234 813 ultra
1270 769 1422 813 limites
1456 771 1707 814 naturalium
1743 785 1811 815 ex-

167 839 421 884 tendendum
457 852 536 883 non
571 844 644 884 est.
678 865 735 870 —
770 839 886 893 ltem,
920 842 1117 897 quamvis
1151 840 1298 884 eodem
1335 843 1425 885 iure
1459 841 1603 885 divino
1631 855 1713 899 quo
1747 855 1811 886 sa—

166 914 378 955 cramenta
415 910 698 965 moderantur,
736 910 949 954 videretur
982 913 1176 968 cognatio
1209 911 1437 968 spiritualis
1475 914 1713 967 constituta,
1747 918 1808 956 ut-

169 986 262 1035 pote
294 982 405 1039 quod
440 980 543 1025 haec
573 986 774 1038 sequatur
807 981 946 1039 aliquo
991 981 1114 1025 modo
1147 995 1197 1025 ex
1234 985 1549 1039 regeneratione
1588 983 1809 1040 spirituali,

166 1064 273 1109 quae
307 1052 395 1095 lieri
430 1053 574 1110 nequit
605 1054 693 1095 sine
729 1054 916 1095 ministro
951 1054 1225 1107 sacramenti,
1261 1057 1443 1096 attamen
1476 1056 1507 1097 si
1544 1059 1656 1098 recte
1677 1057 1811 1098 consi-

167 1123 350 1178 deretur,
385 1136 464 1166 non
498 1125 687 1181 sequitur
721 1126 968 1178 necessario,
1004 1125 1099 1181 quia
1136 1123 1377 1180 principalis
1400 1123 1559 1168 Auctor
1593 1124 1716 1168 huius
1751 1139 1809 1169 re·

167 1196 448 1250 generationis
479 1199 540 1238 est
574 1197 660 1251 ipse
695 1193 816 1247 DeuS‚
841 1197 960 1238 cuius
993 1199 1167 1238 naturae
1200 1200 1414 1238 consortes
1447 1209 1592 1239 sumus
1622 1210 1693 1253 per
1716 1209 1808 1252 gra-

168 1267 265 1308 tiam
303 1267 340 1308 in
376 1264 586 1321 Baptismo
621 1269 848 1322 receptam,
882 1268 998 1309 iuxta
1032 1265 1132 1309 illud
1167 1266 1354 1322 Apostoli
1382 1267 1415 1309 ¹:
1457 1282 1477 1307 «
1504 1266 1613 1310 Deus
1646 1273 1704 1311 est
1740 1271 1809 1326 qui

168 1336 362 1380 iustificat
386 1349 434 1387 »ς
468 1340 509 1379 et
542 1335 587 1378 D.
623 1335 696 1381 Th.
730 1338 787 1380 ait
810 1337 824 1358 2
864 1336 1033 1380 «homo
1074 1336 1284 1394 baptizans
1317 1337 1489 1382 adhibet
1522 1339 1810 1383 tantummodo

167 1408 444 1450 ministerium
477 1408 676 1459 exterius,
709 1407 781 1451 sed
815 1405 1004 1451 Christus
1042 1412 1103 1451 est
1147 1410 1217 1466 qui
1253 1410 1425 1452 interius
1459 1408 1635 1466 baptizat
1663 1426 1700 1453 ».
1734 1409 1808 1455 Co-

166 1480 307 1535 gnatio
340 1491 440 1535 ergo
473 1478 701 1536 spiritualis
738 1481 871 1522 oritur
913 1478 1046 1522 solum
1083 1492 1132 1523 ex
1168 1481 1258 1523 iure
1292 1482 1506 1525 canonico.
1543 1480 1601 1524 Ac
1638 1482 1811 1538 proinde

167 1549 205 1593 id
242 1551 374 1607 potuit
406 1552 554 1593 merito
587 1552 856 1607 exceptiones
888 1555 1072 1594 statuere
1098 1551 1391 1595 memorandas
1413 1565 1463 1595 ex
1489 1565 1579 1596 can.
1602 1552 1746 1611 762}
1774 1553 1809 1606 2,

167 1620 266 1675 763,
299 1621 328 1680 ἓ
361 1621 384 1664 2
419 1623 531 1665 circa
564 1624 749 1679 patrinos
781 1635 876 1665 cum
913 1621 1131 1678 baptizato.

287 1693 355 1736 57.
392 1694 466 1739 De
513 1695 823 1750 obligatione
871 1696 1145 1740 instruendi
1189 1697 1515 1752 baptizatum.
1551 1720 1573 1728 -
1608 1695 1725 1739 Alius
1759 1710 1807 1739 ex

167 1763 372 1820 baptismo
405 1764 578 1808 etl’ectus
611 1766 761 1821 patrini
787 1767 980 1822 proprius
1003 1765 1183 1816 traditur
1207 1768 1245 1808 in
1271 1780 1362 1809 can.
1388 1768 1496 1809 769.
1532 1765 1808 1811 Patrinormn

165 1840 242 1889 est,
273 1848 325 1878 eoe
357 1840 548 1893 suscepto
580 1849 767 1890 numere,
790 1849 839 1880 eo
868 1851 888 1877 «
912 1836 1022 1893 quod
1049 1836 1063 1858 ³
1098 1838 1384 1894 unusquisque
1408 1836 1618 1894 obligatur
1642 1838 1691 1882 ad
1717 1852 1812 1882 exe-

165 1900 379 1964 quendum
414 1906 596 1950 officium
631 1907 742 1965 quod
777 1909 952 1964 accepit.
986 1906 1151 1951 Dictum
1197 1912 1258 1952 est
1301 1913 1456 1964 autem,
1491 1909 1599 1966 quod
1637 1909 1704 1953 ille
1737 1912 1807 1967 qui

165 1979 338 2034 suscipit
371 1977 554 2035 aliquem
587 1977 639 2022 de
671 1991 791 2022 sacro
824 1979 947 2035 sonte,
983 1980 1157 2022 assumit
1200 1978 1278 2023 sibi
1322 1980 1504 2023 officium
1552 1980 1808 2038 paedagogi;

166 2052 206 2092 et
240 2049 333 2092 ideo
366 2048 576 2106 obligatur
608 2049 658 2094 ad
694 2049 930 2094 habendam
965 2062 1108 2094 curam
1145 2050 1196 2094 de
1230 2052 1332 2106 ipso,
1352 2053 1384 2094 si
1420 2053 1645 2095 necessitas
1679 2054 1810 2095 immi-

167 2125 296 2175 neret,
330 2122 438 2164 sicut
468 2133 516 2164 eo
549 2125 740 2177 tempore
774 2125 813 2164 et
847 2121 936 2165 loco
973 2123 1010 2164 in
1046 2134 1128 2178 quo
1165 2121 1356 2178 baptizati
1391 2124 1498 2166 inter
1522 2122 1712 2167 infideles
1736 2137 1808 2167 nu—

167 2193 361 2235 triuntur.
395 2191 474 2235 Sed
510 2191 581 2236 ubi
617 2194 858 2236 nutriuntur
892 2194 1000 2236 inter
1033 2192 1261 2236 catholicos
1294 2192 1558 2248 christianos,
1590 2196 1689 2237 satis
1724 2209 1810 2251 pos-

165 2267 260 2306 sunt
293 2262 345 2306 ab
379 2262 456 2306 hac
488 2275 589 2306 cura
623 2265 832 2318 excusari,
867 2263 1174 2320 praesumendo
1207 2264 1317 2322 quod
1367 2277 1388 2307 a
1438 2266 1523 2308 suis
1568 2265 1809 2321 parentibus

166 2332 390 2390 diligenter
423 2335 694 2377 instruantur.
727 2334 767 2378 Si
803 2339 943 2378 tamen
976 2347 1244 2392 quocumque
1269 2335 1391 2379 modo
1415 2338 1616 2379 sentirent
1651 2341 1809 2380 contra-

168 2406 291 2458 rium,
324 2409 566 2449 tenerentur
598 2405 830 2449 secundum
865 2419 986 2449 suum
1023 2405 1191 2449 modum
1231 2405 1352 2449 saluti
1391 2406 1669 2463 spiritualium
1705 2406 1808 2451 lilio-

166 2488 255 2519 rum
303 2488 446 2520 curam
490 2476 796 2533 impendere».
851 2475 969 2530 Quae
1017 2477 1205 2520 doctrina
1255 2481 1317 2521 est
1366 2477 1471 2521 bona
1522 2480 1808 2535 interpretatio

165 2548 339 2590 canonis
369 2549 611 2590 statuentis:
646 2547 919 2605 spiritualem
952 2546 1086 2604 fitium
1120 2561 1169 2591 ex
1208 2547 1426 2605 baptismo,
1472 2548 1624 2606 quibus
1671 2549 1809 2592 verbis

165 2617 416 2661 coi-relativa
450 2623 545 2662 sunt
577 2618 805 2676 spiritualis
838 2621 1065 2676 paternitas
1098 2621 1137 2662 in
1172 2621 1348 2676 patrino,
1369 2633 1448 2663 non
1473 2620 1523 2663 ad
1550 2625 1714 2676 tempus
1736 2620 1805 2664 sed

111 2696 116 2700 ’
164 2687 207 2745 a)
239 2694 442 2747 perpetuo
489 2688 570 2732 sibi
617 2689 952 2733 commendatum
996 2688 1162 2744 habere,
1193 2689 1238 2746 b)
1271 2695 1398 2748 atque
1438 2691 1477 2733 in
1514 2691 1569 2734 iis
1612 2705 1719 2749 qnae
1753 2691 1808 2734 acl

167 2757 430 2803 christianae
461 2759 574 2803 vitae
606 2760 918 2804 institutionem
941 2765 1144 2819 spectant,
1170 2760 1210 2818 c)
1235 2774 1389 2804 curare
1410 2760 1641 2819 diligenter
1665 2767 1708 2804 n!
1734 2761 1807 2805 ille

286 2866 297 2887 ¹
325 2865 453 2907 Rom.,
479 2866 588 2909 VIII,
616 2866 670 2901 33.
700 2887 743 2892 —
779 2866 793 2889 '²
819 2868 862 2902 3³
891 2867 949 2909 R,
979 2879 1013 2911 q.
1042 2866 1202 2909 LXVII,
1228 2879 1262 2902 a.
1292 2868 1330 2911 5,
1359 2867 1406 2902 ad
1435 2869 1495 2901 111¹.
1539 2888 1581 2894 —
1621 2868 1634 2889 3
1661 2867 1707 2901 D.
1738 2867 1809 2902 Th.

168 2911 240 2945 loc.
271 2913 338 2946 cit.
367 2924 388 2947 a
413 2913 436 2947 8
461 2924 567 2958 corp.
