1971 3261
184 131 278 167 Cana
307 131 400 166 1136
697 131 781 167 Tl'r.
806 131 894 167 V11.
921 152 934 158 -
961 132 1018 167 De
1044 133 1304 167 Matrimonio
1745 133 1815 167 697

305 252 400 295 550.
437 251 783 298 Convalidatio
823 255 1119 299 matrimonii
1158 254 1280 298 irriti
1319 255 1384 298 ob
1423 254 1669 299 defectum
1702 267 1812 300 con-

185 337 375 370 sensus.
408 348 461 353 —
495 321 596 366 Cum
636 336 901 366 «consensus
935 323 1250 366 matrimonialis
1274 323 1382 366 nulla
1410 323 1588 367 bumana
1615 328 1815 380 potestate

184 395 367 451 suppleri
406 393 540 436 valeat
562 409 581 434 ))
623 393 731 450 (can.
759 394 884 448 1081,
919 394 946 451 ξ
973 396 1021 449 1),
1057 394 1149 438 talis
1182 400 1298 438 actus
1335 394 1556 438 voluntatis
1589 394 1723 453 qualis
1745 396 1816 439 de-

184 467 363 521 scriptus
395 469 455 507 est
504 467 542 506 in
577 478 668 507 can.
702 467 770 507 cit.
804 468 829 519 ξ
864 467 885 507 2
920 478 942 508 a
978 471 1093 522 parte
1128 466 1342 521 ponendus
1375 470 1449 519 est,
1483 478 1590 523 quae
1623 468 1734 510 circa
1769 466 1813 508 il-

185 535 267 579 lum
303 535 465 586 defecit,
490 548 537 578 ac
574 536 899 579 inanisestandus
931 536 1066 590 alteri,
1103 542 1144 579 ut
1183 539 1539 579 «matrimonium
1566 550 1639 593 per
1661 549 1814 580 conva-

184 606 423 649 lidationem
461 607 530 649 liat
554 622 592 647 )).
627 605 745 650 Unde
796 620 868 662 pro
916 607 1102 650 deiectus
1152 607 1261 651 illius
1308 608 1550 651 diversitate
1598 608 1816 665 tripliciter

184 676 366 734 loquitur
398 691 488 720 can.
523 680 649 722 1136.
682 678 712 736 ἓ
745 681 781 722 Ι1.
820 677 1156 732 lllatrintonimn,
1197 691 1275 736 qua
1320 682 1556 722 coniunctio
1602 679 1814 731 maritalis,

182 747 355 790 irritum
378 747 425 791 ob
448 747 655 806 defectam
687 749 1000 793 substantialem
1036 763 1260 793 consensus
1293 752 1330 792 in
1366 755 1596 803 contractu,
1617 752 1713 808 quia
1751 750 1813 793 vel

184 832 261 861 non
296 819 439 873 adfuit,
468 820 529 862 vel
565 833 658 863 cum
694 834 836 863 errore
860 825 930 863 aut
961 823 1168 876 pravitate
1191 823 1302 864 circa
1338 823 1465 877 ipsius
1497 820 1704 864 obiectum
1741 822 1816 863 suit

182 889 359 942 elicitus,
408 890 706 934 convalidatur
753 891 885 934 idest:
938 905 1033 935 vere
1068 905 1175 934 nunc
1209 894 1432 943 enascitur,
1467 891 1505 934 si
1538 905 1643 949 pars
1680 891 1812 935 solum

181 960 380 1004 alterutra
414 960 455 1018 a)
489 976 596 1019 qnae
627 976 708 1005 non
744 968 1028 1015 consenserat,
1060 962 1280 1006 deficiente
1314 962 1553 1005 huiusmodi
1591 962 1815 1006 voluntatis

181 1037 289 1086 actu,
327 1032 388 1075 vel
426 1046 504 1076 non
537 1033 768 1077 sufficiente
801 1034 851 1077 ad
888 1047 1059 1077 norman
1094 1039 1202 1077 can·
1237 1033 1363 1089 1081,
1395 1032 1424 1091 ξ
1457 1033 1495 1089 2,
1531 1033 1573 1091 b)
1607 1033 1693 1077 iam
1726 1048 1816 1077 con-

180 1103 351 1158 sentiat,
384 1116 434 1146 an
459 1103 591 1147 solum
628 1106 789 1147 interno
814 1103 1108 1148 matrimoniali
1131 1117 1350 1158 consensu,
1388 1104 1449 1147 vel
1485 1107 1607 1148 etiam
1643 1109 1815 1148 externe

182 1175 458 1227 manifestato,
491 1174 670 1218 edicitur
703 1177 741 1217 in
774 1174 860 1233 ξξί·
881 1188 953 1232 seq
972 1181 997 1228 ⁸,
1031 1174 1071 1232 c)
1095 1174 1316 1218 dummodo
1349 1188 1573 1218 consensus
1608 1189 1706 1218 vere
1730 1188 1813 1219 ma-

182 1245 428 1288 trimonialis
470 1245 520 1289 ab
567 1245 707 1289 altera
750 1252 878 1304 parte
921 1246 1157 1304 praestitas
1202 1251 1465 1304 perseveret;
1512 1248 1618 1290 sicut
1668 1247 1812 1290 eadem

180 1315 365 1360 clausula
399 1317 473 1360 fuit
506 1316 583 1360 sub
616 1323 724 1362 can.⁶
758 1317 910 1374 praec.1
942 1317 1162 1373 explicata.
1189 1343 1239 1348 —
1282 1317 1512 1361 Deficiente
1544 1320 1712 1361 omnino
1749 1317 1812 1361 vel

181 1387 478 1431 insufficienter
511 1388 649 1431 elicito
682 1402 885 1432 consensu
921 1391 1048 1445 partis
1081 1390 1312 1446 utriusque,
1348 1402 1426 1431 non
1461 1390 1538 1432 erit
1572 1388 1687 1432 locus
1718 1402 1813 1432 con-

183 1458 437 1513 validationi‚
459 1459 532 1503 sed
559 1462 809 1503 matrimonii
837 1462 995 1516 primae
1017 1459 1287 1503 celebrationi
1313 1473 1408 1503 cum
1434 1459 1532 1502 nibil
1561 1461 1816 1516 praecedens

183 1532 264 1572 vim
299 1529 504 1574 efficiendi
540 1533 792 1574 matrimonii
828 1544 937 1574 nunc
970 1530 1168 1575 obtineat.

324 1600 352 1659 ἓ
385 1601 423 1644 2.
457 1600 508 1644 Si
540 1600 728 1659 defectus
760 1615 998 1652 consensus,
1031 1601 1176 1645 saltem
1211 1602 1346 1660 quoad
1381 1604 1510 1659 ipsius
1546 1602 1816 1646 substantiale

178 1672 404 1727 obiectum,
426 1671 561 1731 faerit
584 1686 696 1716 mere
718 1673 927 1723 internas,
952 1676 1005 1717 ita
1031 1679 1073 1716 ut
1096 1673 1197 1716 nulli
1221 1673 1340 1717 alteri
1375 1675 1604 1717 innotescat
1637 1687 1686 1717 ex
1721 1688 1813 1717 con-

178 1748 336 1787 tractus
368 1746 707 1797 circumstantiis,
740 1744 847 1787 satis
880 1749 941 1787 est
975 1749 1020 1786 at
1059 1757 1164 1801 pars
1199 1758 1306 1802 qnae
1338 1757 1421 1787 non
1455 1749 1739 1800 consenserat,
1774 1748 1815 1787 ut

179 1817 218 1858 in
252 1815 294 1869 §⁰
330 1815 483 1872 praec.i
516 1815 768 1871 explicatum
805 1817 894 1871 fuit,
927 1815 997 1859 sed
1032 1815 1214 1858 interius
1247 1820 1406 1858 tantum
1446 1815 1680 1858 consentiat
1717 1830 1816 1859 vero

178 1891 272 1930 actu
310 1885 533 1930 voluntatis
565 1899 613 1930 ac
645 1886 867 1930 sufficienti
900 1887 1036 1944 quoad
1072 1886 1295 1940 obiectum,
1334 1891 1502 1930 extante
1539 1900 1639 1930 vero
1672 1888 1814 1931 condi-

177 1959 289 2000 tione
321 1956 492 2000 alterius
526 1959 653 2013 partis
685 1956 762 2000 sub
792 1956 839 2015 §⁰
874 1969 1013 2013 praec.
1047 1958 1097 2000 ad
1132 1957 1289 2001 calcem
1316 1959 1459 2013 posita.
1496 1956 1688 2001 Exterior
1721 1971 1815 2002 con-

176 2041 322 2071 sensus
355 2029 633 2071 manifestatio
666 2031 790 2072 etiam
824 2030 898 2071 soli
933 2028 1050 2071 alteri
1087 2030 1190 2084 parti
1225 2041 1304 2071 non
1339 2033 1400 2072 est
1432 2031 1683 2083 necessaria,
1716 2031 1813 2087 quia

178 2112 257 2142 non
291 2099 402 2155 apud
437 2099 625 2142 homines
657 2099 871 2155 sedlapud
907 2098 1038 2142 Deum
1073 2099 1260 2143 desectus
1293 2101 1480 2156 contigit.

220 2185 229 2187 *
296 2169 470 2213 Ratione
502 2172 710 2213 contraria
745 2175 786 2213 et
817 2174 1098 2226 congruenter
1129 2169 1235 2213 can.i
1260 2169 1388 2224 1081,
1421 2172 1446 2224 g
1480 2170 1517 2224 1,
1551 2172 1646 2227 quia
1687 2186 1706 2210 «
1734 2183 1812 2213 ma-

177 2243 418 2285 trimonium
454 2242 550 2284 facit
582 2254 809 2284 consensus
843 2241 1026 2297 legitime
1062 2242 1411 2292 manifestatus»,
1445 2243 1587 2284 statuit
1618 2240 1647 2298 ἓ
1680 2241 1718 2283 3.
1763 2239 1814 2284 Si

177 2311 310 2370 faerit
333 2312 461 2355 etiam
484 2317 684 2355 eoeternns
708 2314 745 2354 in
772 2313 858 2368 ipso
883 2311 1176 2354 matrimoniali
1201 2316 1416 2355 contractu
1452 2326 1473 2352 ((
1497 2311 1683 2354 defectus
1715 2325 1812 2355 con-

177 2396 322 2427 sensus
344 2399 366 2424 »
405 2383 451 2438 (§
486 2382 558 2437 1⁰),
592 2397 768 2439 nempe:
803 2382 855 2427 ab
888 2382 1016 2426 altera
1053 2387 1167 2438 parte
1204 2382 1266 2425 vel
1301 2382 1353 2426 ab
1385 2381 1477 2425 aliis
1509 2385 1715 2438 cognitus,
1749 2396 1814 2425 ne-

178 2468 290 2497 cesse
320 2459 382 2497 est
414 2455 463 2498 ad
500 2457 752 2497 matrimonii
798 2454 1175 2498 convalidationem
1221 2454 1329 2511 quod
1374 2456 1532 2508 attinet,
1567 2467 1813 2496 consensum

178 2539 258 2569 non
281 2526 414 2569 solnm
454 2542 475 2567 α
499 2528 671 2569 interius
695 2542 714 2567 ))
754 2525 804 2583 (ἓ
828 2526 869 2581 Ξ)
902 2525 1056 2569 elicere
1084 2540 1104 2565 «
1131 2524 1478 2568 matrimonialem
1504 2541 1524 2566 »
1553 2524 1662 2582 (can.
1684 2525 1812 2579 1081,

177 2599 202 2651 ἓ
234 2597 295 2654 ⁶2),
327 2597 397 2640 sed
432 2597 561 2640 etiam
594 2597 782 2640 exterius
813 2595 1107 2654 ‘inanifestara
1140 2595 1284 2639 saltem
1326 2595 1488 2639 «alteri
1526 2598 1630 2652 parti
1666 2598 1703 2639 in
1738 2609 1813 2638 suo

177 2681 379 2711 consensu
406 2670 692 2724 perseveranti
715 2683 737 2708 »
766 2667 812 2726 (ξ
835 2667 913 2723 1⁰),
937 2667 1131 2725 equidem
1171 2682 1194 2708 «
1217 2667 1461 2721 legitime»,
1495 2667 1604 2724 quod
1642 2669 1679 2709 in
1715 2680 1811 2709 con-

179 2739 430 2782 validatione
463 2739 744 2795 adimpletur:
778 2738 820 2795 a)
856 2738 917 2780 vel
949 2738 1091 2795 forma
1123 2738 1218 2780 iure
1250 2744 1359 2781 can.³
1384 2738 1494 2781 1094
1525 2737 1811 2795 praescripta,

179 2812 217 2853 in
253 2809 495 2867 hypothesi:
529 2809 567 2852 si
589 2809 777 2860 desectus
799 2808 932 2867 faerit
960 2808 1167 2865 publicus,
1192 2822 1369 2866 nempe:
1405 2811 1591 2866 personis
1625 2807 1813 2864 pluribus

177 2881 352 2926 relative
384 2881 434 2924 ad
470 2880 605 2923 locum
630 2892 677 2923 ac
701 2893 844 2923 earum
879 2882 1213 2923 circumstantias
1245 2885 1340 2923 actu
1374 2885 1507 2935 notus,
1542 2893 1590 2922 eo
1623 2879 1732 2936 quod
1768 2883 1808 2921 ut
