1971 3261
142 124 234 159 (lan.
266 123 469 158 nal-1122
497 129 499 131 “
649 125 733 160 Tm.
763 125 848 161 VII.
875 146 888 152 ·
914 126 971 161 De
1005 128 1265 162 illatrimonio
1705 130 1774 165 679

144 242 246 278 modo
270 242 328 286 (ad
355 242 629 288 dispensationis
656 243 869 279 validitatem
898 256 935 279 ex
963 256 1042 280 can.
1073 244 1128 287 39,
1155 243 1212 286 84,
1242 250 1260 288 ξ
1293 246 1322 286 l)
1352 246 1413 281 hoc
1442 247 1475 281 in
1504 258 1586 282 casu
1615 252 1774 294 (nempe:

140 301 338 337 huiusmodi
365 301 606 336 concedendae
641 302 929 348 dispensationis)
954 315 993 339 ex
1024 315 1182 350 processu
1216 305 1267 349 (in
1295 305 1433 350 scriptis
1461 306 1613 340 redacto)
1649 306 1770 342 saltem

141 360 334 396 summario
359 360 408 404 (id
434 364 485 394 est
510 360 642 406 absque
671 361 754 395 iuris
783 362 1054 397 formalitatibus
1080 363 1167 398 alias
1196 364 1430 409 praescriptis)
1463 369 1493 399 et
1521 365 1772 400 extraiudiciali

80 418 91 426 ‘
141 423 216 463 (seu
242 419 537 463 administrativo)
564 424 697 455 constet
724 421 896 466 (positivis
934 422 1153 464 argumentis
1180 434 1258 457 cum
1301 423 1419 458 morali
1449 423 1657 459 certitudine
1694 436 1774 470 pru-

141 479 250 523 denti]
281 477 596 523 interpellationem
619 482 737 524 (quam
766 480 1036 523 declaravimus)
1055 484 1090 524 a)
1113 482 1182 516 lieri
1215 493 1282 516 non
1312 493 1408 528 posse
1426 482 1484 526 (ob
1513 482 1607 517 illam
1634 494 1773 528 gravem

139 538 313 581 eausam),
342 536 372 579 b)
403 537 453 572 vel
484 537 552 572 fore
580 538 738 573 inutilem
760 553 791 582 υ,
822 539 915 574 iuxta
942 540 999 575 eit.
1030 551 1098 585 reg.
1126 540 1164 575 31
1198 541 1283 575 iuris
1311 541 1345 575 in
1375 540 1423 575 6⁰.

260 597 356 641 533.
392 599 570 644 Modus
604 601 1027 655 interpellationes
1058 601 1288 646 faciendi.
1323 626 1375 631 —
1411 600 1767 657 lutei-pellationes

139 668 349 711 faciendas
382 681 485 722 esse,
518 674 722 725 quatenus
755 671 816 713 eis
864 684 966 725 opus
1009 673 1058 713 sit
1093 671 1142 714 ad
1179 671 1510 728 cognoscendam
1550 671 1773 715 voluntatis

136 739 450 793 dispositionem
486 742 523 782 iu
558 742 735 796 coniuge
771 741 940 795 infideli,
977 747 1085 798 patet
1117 755 1165 785 ex
1200 754 1344 785 sacrae
1382 745 1622 798 Scripturae
1657 747 1770 786 textu

137 812 229 855 cit.:
265 823 343 852 nou
378 812 435 853 sic
469 810 521 854 de
546 811 667 853 modo
701 812 956 867 adimplendi
993 812 1069 855 hoc
1105 815 1166 855 ius
1199 813 1402 857 divinum.
1429 813 1531 856 (jum
1562 813 1772 857 Ecclesiae

139 883 299 924 intersit
336 880 433 924 illud
472 895 620 938 urgere
654 895 700 925 ac
734 883 919 926 eiusdem
959 883 1131 939 vigilare
1169 883 1494 938 observantiam,
1527 889 1649 928 cavet
1681 899 1770 927 ean.

140 954 269 995 1199.
300 954 328 1010 ς’
363 954 397 996 1.
434 951 802 1010 Interpellationes
836 953 942 997 duae
988 959 1239 997 memoratae
1290 957 1327 997 in
1363 968 1452 998 can.
1489 967 1624 1011 praec.
1669 955 1772 1011 fian!

138 1022 411 1079 reyulariler,
446 1025 541 1081 quia
576 1026 844 1080 exceptiones
876 1030 1167 1081 supponuntur
1202 1025 1426 1081 legitimae,
1460 1025 1500 1082 3)
1524 1024 1664 1083 forma
1687 1025 1768 1068 sal-

138 1099 219 1135 tem
253 1093 501 1147 sunznmria,
536 1097 732 1137 resecatis
755 1108 860 1151 quae
884 1095 1038 1138 addere
1073 1098 1304 1139 necessaria
1341 1109 1418 1138 non
1453 1098 1547 1151 sint,
1571 1101 1610 1138 et
1633 1102 1772 1139 eoelra-

137 1163 350 1216 iudiciali,
385 1178 456 1207 seu
508 1165 628 1207 modo
678 1165 1027 1217 administrativo,
1063 1165 1105 1222 b)
1139 1165 1190 1209 (le
1238 1166 1494 1209 auctoritate
1531 1165 1771 1222 Ordinarii,

133 1234 507 1292 subintelligendo:
545 1236 622 1279 loci
656 1236 846 1293 coniugis
880 1237 1068 1279 conversi
1101 1237 1151 1280 ad
1188 1250 1374 1280 normam
1409 1250 1498 1281 can.
1526 1238 1594 1292 94,
1630 1244 1769 1294 utpote

134 1306 244 1362 quod
280 1308 369 1349 eius
411 1309 645 1350 auctoritati
691 1307 893 1351 incumbit
926 1320 1068 1351 curam
1117 1310 1246 1359 istius,
1280 1309 1318 1363 c)
1352 1322 1376 1350 a
1421 1322 1499 1366 quo
1537 1307 1770 1352 Ordinario

132 1380 290 1420 tautum
324 1377 692 1433 superintemlente
726 1381 845 1421 novis
879 1381 1031 1435 nuptiis
1055 1379 1190 1421 forsan
1217 1379 1464 1423 desideratis
1487 1379 1770 1424 concedendae

129 1453 230 1491 sun!
263 1462 424 1506 quoque
456 1448 625 1506 eoniuyi
658 1448 836 1505 infideli,
872 1463 951 1492 non
985 1463 1055 1493 eas
1090 1450 1317 1505 offerendo,
1350 1451 1421 1494 sed
1447 1452 1485 1493 si
1508 1450 1674 1508 quidem
1697 1465 1768 1494 eas

130 1519 319 1577 petierit,
345 1522 440 1578 quia
475 1520 526 1563 de
561 1534 603 1564 re
636 1523 755 1578 gravi
780 1523 917 1576 agitur
950 1525 1074 1578 atque
1093 1521 1144 1564 de
1179 1523 1268 1565 iure
1302 1522 1543 1570 amittendo,
1569 1521 1769 1565 induciae

130 1589 189 1634 ad
212 1590 556 1641 deliberandum:
586 1592 656 1635 sed
693 1605 743 1635 ue
779 1591 845 1635 ille
869 1592 1064 1636 abutatur
1098 1594 1135 1635 iu
1173 1592 1363 1649 baptizati
1389 1595 1578 1650 coniugis
1612 1596 1767 1637 incom-

134 1662 316 1715 modum,
346 1662 408 1705 vel
444 1675 570 1719 prava
610 1663 836 1717 voluntate,
859 1663 1073 1719 subiungit
1106 1677 1263 1707 canon:
1298 1663 1343 1721 d)
1367 1678 1412 1707 eo
1449 1670 1586 1707 lamen
1608 1665 1767 1708 monito

131 1732 479 1790 (subintelligitur
511 1736 661 1777 coniux
699 1734 896 1789 infidelis)
929 1734 1022 1792 fore
1056 1740 1100 1777 ul
1134 1735 1423 1779 determinatis
1455 1735 1507 1779 ab
1542 1733 1767 1780 Ordinario

131 1802 317 1847 induciis
350 1804 578 1860 inutiliter,
613 1805 739 1848 idest:
774 1808 862 1848 sine
902 1808 1029 1861 ipsius
1062 1807 1273 1849 decisione
1308 1807 1442 1863 quoad
1479 1807 1638 1850 dandas
1683 1821 1766 1850 res-

134 1877 365 1930 ponsiones,
407 1875 732 1933 praeterlapsis,
777 1879 863 1933 ipso
913 1878 1021 1920 sacto
1069 1880 1264 1920 transacti
1310 1880 1508 1934 temporis
1549 1878 1766 1936 responsio

127 1951 433 2004 praesumatur
465 1947 675 2004 neyatim,
713 1947 929 1992 videlicet:
966 1950 1041 1991 nisi
1077 1948 1274 2005 probetur
1311 1948 1620 2005 impossibilitas
1663 1949 1764 2007 phy-

130 2019 214 2061 sica
253 2017 314 2061 vel
362 2017 530 2061 moralis
564 2019 704 2061 utendi
751 2024 936 2075 tempore
970 2019 1019 2061 ad
1065 2018 1398 2074 deliberamlum‚
1430 2025 1469 2063 et
1502 2020 1551 2063 ad
1599 2034 1765 2077 respon-

129 2088 315 2131 dendum
350 2088 484 2132 eidem
520 2086 757 2133 Ordiuario.

223 2202 227 2203 ⁷
250 2157 352 2203 Cum
377 2165 514 2203 autem
552 2159 734 2203 Ecclesia
770 2161 955 2204 intendat
977 2160 1126 2212 solum,
1151 2166 1193 2204 ut
1229 2161 1425 2204 Praelatis
1450 2167 1543 2205 nota
1567 2164 1618 2205 sit
1652 2175 1766 2219 prae-

130 2230 240 2273 dic-ta
291 2230 422 2273 <livini
464 2232 565 2274 iuris
611 2230 889 2283 observantia,
941 2231 1118 2288 benigue
1162 2231 1341 2288 disponit
1383 2232 1412 2290 ξ
1442 2234 1485 2276 9.
1521 2231 1767 2290 Interpella-

135 2300 270 2343 liones
312 2301 352 2354 a)
386 2301 513 2343 eliam
554 2300 772 2358 prii-alim,
805 2315 876 2344 seu
921 2304 1167 2345 auctoritate
1201 2299 1412 2346 Ordinarii
1458 2315 1536 2345 non
1584 2304 1764 2346 interre-

132 2373 285 2422 niente,
308 2370 451 2429 frictae
481 2371 752 2428 personaliter
778 2372 817 2425 b)
838 2372 887 2415 ab
911 2371 1005 2430 ipsa
1030 2371 1167 2429 (cuius
1192 2373 1381 2430 interest)
1401 2378 1527 2430 parte
1550 2387 1765 2427 conversa,

132 2454 210 2484 non
244 2441 296 2485 ab
329 2442 407 2485 alia
444 2454 631 2498 persona,
664 2444 737 2485 etsi
773 2444 808 2485 ei
861 2442 981 2486 valde
1020 2445 1255 2498 coniuncta,
1290 2442 1331 2500 a)
1364 2443 1517 2498 valent,
1552 2443 1600 2487 ad
1641 2457 1759 2487 usum

131 2512 338 2569 privilegii
374 2513 529 2556 Paulini
564 2513 672 2570 quod
717 2515 876 2562 attinet,
913 2513 954 2571 b)
988 2514 1069 2557 imo
1112 2519 1210 2556 sunt
1243 2514 1371 2557 eliam
1415 2514 1572 2560 licitae.
1618 2519 1758 2571 utpote

131 2587 385 2641 praescripto
418 2584 458 2642 ξι
493 2591 642 2640 praec⁵.
678 2585 814 2642 quoad
852 2585 1018 2628 modum
1055 2599 1132 2627 non
1168 2587 1403 2642 oppositae:
1447 2586 1485 2628 si
1521 2586 1661 2644 forma
1695 2601 1760 2629 su-

124 2654 273 2712 perius
304 2655 573 2712 praescripta
605 2655 771 2697 servari
803 2661 982 2713 'nequeat
1013 2656 1198 2713 qualibet
1231 2670 1279 2699 ex
1306 2669 1430 2700 causa
1464 2662 1503 2700 et
1539 2657 1763 2700 undecum-

128 2739 209 2783 que
244 2727 316 2769 ista
354 2726 570 2782 procedat:
605 2726 676 2769 sed
711 2740 805 2770 cum
841 2726 934 2770 illae
968 2727 1320 2783 interpellationes
1344 2728 1393 2771 ad
1430 2740 1559 2771 novas
1598 2730 1762 2784 nuptias

133 2796 267 2839 valide
312 2796 513 2839 ineundas
554 2796 771 2840 deservire
804 2802 970 2854 queant,
1005 2796 1219 2841 subditur:
1266 2797 1340 2841 ltoe
1379 2804 1514 2841 [anien
1560 2799 1603 2841 in
1647 2812 1760 2845 casu,

129 2880 301 2923 nempe:
335 2867 502 2924 quando
540 2872 680 2910 «sunt
712 2870 836 2911 etiam
873 2868 1053 2911 licitae»
1091 2867 1143 2911 (le
1185 2868 1304 2926 ipsis,
1337 2883 1415 2927 pro
1448 2869 1543 2927 foro
1573 2875 1759 2923 externo,
