1971 3261
192 168 261 203 600
586 168 673 202 Lm.
701 168 774 202 III.
804 188 816 194 -
844 168 955 203 PARS
980 168 1012 203 1.
1040 188 1053 194 -
1079 168 1137 203 De
1162 168 1428 204 Sacramentis
1612 168 1705 205 Gan.
1734 169 1825 204 1081

310 286 361 321 Ad
388 298 460 322 rem
489 287 639 332 pertinet
656 298 733 333 cap.
751 286 793 321 :223
814 287 868 321 tit.
892 285 938 322 De
964 285 1187 333 sponsalibus
1213 290 1246 322 et
1273 285 1498 321 matrimonio
1526 285 1597 330 (tv,
1625 286 1671 331 l).
1701 300 1716 319 «
1737 283 1825 323 Cum

190 347 282 394 apud
309 346 434 383 Sedem
462 346 662 392 Aplcam....
691 345 784 382 Sane
809 345 1016 382 consuluisti
1044 356 1121 386 nos,
1151 350 1267 381 utrum
1287 349 1406 380 mutus
1424 350 1457 381 et
1477 345 1603 381 surdus
1628 345 1732 382 alicui
1753 358 1825 394 pos-

191 407 262 442 sint
288 405 594 441 matrimonialiter
618 405 793 452 copulari:
821 405 873 440 Ad
901 405 992 451 quod
1019 403 1135 440 taliter
1161 404 1427 451 respondemuS,
1448 404 1539 450 quod
1566 415 1645 440 cum
1675 405 1825 451 prohibi-

192 466 318 501 torium
345 465 389 499 sit
414 464 567 500 edictum
594 464 636 500 de
663 463 888 500 matrimonio
913 465 1165 505 contrahendo,
1195 469 1233 499 ut
1267 464 1480 512 quicumque
1505 477 1574 502 non
1613 465 1827 511 prohibetur,

193 535 251 570 per
276 523 562 569 consequentiam
589 522 809 565 admittatur,
835 528 868 558 et
898 524 1065 569 (notetur)
1093 524 1242 559 sufficiat
1267 524 1310 560 ad
1332 524 1596 560 matrimonium
1625 524 1719 560 solus
1744 535 1826 559 con-

190 594 314 619 sensus
340 582 493 626 illorum,
523 582 565 617 de
591 593 739 628 quorum
767 593 988 629 quarumque
1013 583 1321 619 coniunctionibus
1338 583 1472 629 agitur:
1504 583 1659 624 Videtur,
1688 583 1777 629 quod
1798 584 1825 618 si

190 641 269 677 talis
297 641 379 677 velit
403 641 621 682 contrahere,
651 640 716 676 sibi
747 652 816 676 non
855 641 974 688 possit,
1003 641 1055 677 vel
1094 641 1218 677 debeat
1255 642 1441 687 denegari:
1479 641 1567 678 Cum
1596 642 1686 688 quod
1713 641 1828 678 verbis

191 711 262 736 non
291 704 412 746 potest,
441 699 553 744 signis
581 699 694 735 valeat
719 699 948 736 declarare».
978 699 1065 746 Ergo
1092 711 1153 747 per
1178 712 1213 736 se
1240 701 1407 748 expressio
1433 712 1498 736 aon
1524 700 1668 736 verbalis
1686 701 1825 741 sufficit,

190 759 248 795 sed
276 759 512 795 necessarium
539 763 590 794 est
616 770 793 794 consensus
820 759 963 795 interior
989 759 1047 806 qui
1075 759 1285 802 declaratur,
1301 764 1334 796 et
1358 759 1496 795 illorum
1522 759 1560 795 cle
1586 771 1727 807 quorum
1753 771 1827 795 con-

190 818 357 855 iunctione
383 817 508 864 aqitar,
533 823 566 853 et
592 818 716 853 ultimo
741 818 779 853 de
805 818 1053 854 matrimoniali
1078 819 1286 866 copulatione
1314 830 1373 865 per
1399 823 1628 854 contractum.

309 877 490 924 Expressio
517 877 693 923 praedicta
719 888 798 912 cum
826 877 871 912 sit
900 878 1010 913 mutui
1039 889 1244 922 consensus,
1266 878 1370 914 etiam
1391 882 1549 913 mutuam
1576 889 1651 914 esse
1672 883 1824 925 oportet:

188 936 345 973 alterutri
373 947 501 982 nempe
527 935 729 971 immediate
756 936 809 971 vel
837 936 987 972 mediate
1014 937 1260 979 manifestata;
1302 947 1441 973 necnon
1469 941 1611 972 mutuus
1637 948 1829 973 consensus

190 995 514 1042 indispensabiliter
542 995 703 1041 postulat,
724 999 762 1030 ut
789 995 825 1029 in
852 1000 999 1041 utroque
1017 995 1248 1031 contrahente
1267 996 1432 1031 coexistat
1451 995 1628 1031 moraliter
1653 996 1736 1031 dum
1757 1007 1829 1032 ma-

190 1054 387 1090 nifestatur.
410 1053 482 1089 Hoc
507 1053 671 1088 ultimum
693 1054 924 1100 praerequirit
943 1054 1137 1099 intelligere
1158 1054 1335 1090 diversum
1354 1059 1483 1090 statum
1502 1055 1628 1090 animi.
1661 1054 1829 1091 Voluntas

189 1113 290 1149 debet
319 1113 430 1160 primo
455 1113 579 1149 elicere
601 1117 718 1148 actum
746 1113 1000 1154 consentiendi,
1029 1114 1120 1159 quod
1148 1119 1200 1149 est
1219 1125 1396 1149 consensus
1415 1104 1580 1158 actualis,-
1605 1118 1638 1150 et
1664 1114 1740 1150 sine
1758 1114 1828 1155 illo,

189 1173 325 1209 etiamsi
353 1172 539 1208 adfuturus
564 1177 660 1208 certo
687 1172 901 1208 iudicaretur
926 1173 991 1208 sub
1010 1173 1162 1219 quadam
1182 1173 1379 1220 hypothesi,
1398 1174 1457 1219 qui
1486 1178 1627 1209 vocatur
1652 1185 1829 1209 consensus

187 1238 421 1279 praesumptus
448 1243 518 1267 non
546 1236 597 1267 est
622 1236 724 1278 aptus
750 1232 792 1267 ad
821 1232 1102 1268 matrimonium.
1133 1230 1334 1268 Consensus
1361 1243 1441 1269 vcro
1467 1233 1614 1268 actualis
1640 1232 1747 1268 semel
1775 1244 1830 1279 po-

190 1292 290 1333 situs,
319 1292 346 1326 si
380 1296 522 1327 maneat
548 1292 584 1326 in
610 1291 722 1326 animi
751 1291 991 1338 dispositione,
1021 1303 1060 1328 eo
1085 1293 1176 1338 quod
1216 1304 1287 1328 non
1326 1293 1426 1328 fuerit
1466 1297 1658 1336 revocatus,
1687 1297 1830 1328 vocatur

191 1356 309 1397 postca
337 1350 494 1386 virtualis
519 1350 547 1385 si
577 1356 772 1397 perseveret
800 1351 837 1385 in
863 1351 981 1397 aliquo
1007 1362 1069 1387 suo
1094 1351 1230 1395 effectu,
1257 1363 1287 1389 v.
1306 1363 1356 1397 gr.
1379 1351 1416 1386 in
1442 1357 1522 1387 actu
1548 1351 1728 1387 constituti
1751 1363 1828 1398 pro-

190 1410 373 1451 curatoris,
403 1410 438 1444 in
467 1410 537 1445 vita
562 1409 758 1455 coniugali:
791 1415 932 1446 vocatur
957 1421 1037 1446 vero
1056 1411 1193 1457 proprie
1210 1410 1404 1453 habitualis,
1425 1411 1566 1457 quando
1592 1410 1628 1445 in
1654 1410 1829 1456 praedicta

190 1470 264 1505 sola
289 1469 520 1515 dispositione
545 1469 656 1505 animi
684 1469 866 1514 subsistat,
895 1474 1069 1515 quatenus
1095 1474 1302 1506 retractatus
1328 1481 1399 1506 non
1429 1470 1532 1506 tuerit
1559 1481 1589 1505 v.
1611 1481 1664 1515 gr.
1693 1470 1728 1504 in
1758 1481 1829 1517 per-

190 1529 351 1564 suasione
377 1529 419 1564 de
446 1528 672 1564 matrimonio
699 1533 888 1573 contracto,
918 1540 997 1564 cum
1025 1529 1090 1565 hoc
1117 1530 1221 1566 fucrit
1247 1529 1457 1565 invalidum.
1495 1528 1659 1565 Virtualis
1684 1540 1829 1565 consen-

190 1600 249 1623 sus
274 1588 318 1623 ad
345 1588 464 1622 minus
491 1587 682 1633 requiritur
708 1592 746 1622 ut
774 1588 819 1623 sit
845 1588 1072 1623 coexistentia
1097 1588 1282 1624 consensui
1310 1588 1454 1624 alterius
1481 1588 1601 1635 partis,
1628 1586 1824 1623 Habitualis

192 1658 270 1683 vero
299 1646 499 1682 admittitur
541 1657 602 1693 pro
639 1646 759 1693 aliqua
796 1647 920 1682 saltem
959 1647 1142 1683 sanatione
1181 1647 1400 1683 matrimonii
1430 1647 1466 1681 in
1493 1647 1622 1683 radice.

311 1730 497 1788 Denique
532 1733 703 1774 interior
738 1731 966 1787 personalis
998 1744 1225 1775 cousensus
1247 1730 1582 1775 contrahentium
1619 1733 1829 1775 matrimo-

190 1805 304 1846 nium
329 1807 390 1846 est
412 1802 516 1846 adeo
550 1804 822 1857 necessarius,
858 1807 901 1846 ut
932 1802 1115 1859 suppleri
1151 1807 1331 1860 nequeat
1364 1804 1466 1851 iure,
1491 1802 1654 1860 publica
1688 1807 1829 1846 aucto-

193 1876 325 1928 ritate,
359 1886 435 1916 nec
468 1885 489 1916 a
523 1875 641 1916 tertia
678 1885 852 1930 persona
888 1873 1010 1917 valde
1043 1876 1181 1917 iuncta
1226 1873 1501 1917 contrahenti.
1541 1873 1657 1928 Quae
1689 1876 1827 1917 omnia

191 1945 250 1987 sic
283 1944 437 2000 optime
470 1942 673 1987 conclusit
705 1956 836 1986 canon
872 1943 985 1987 finali
1019 1943 1229 1987 clausula:
1279 1943 1352 2001 qai
1383 1942 1504 1986 milla
1539 1942 1724 1986 himiaaa
1753 1957 1827 2001 po-

193 2019 343 2058 testate
374 2013 565 2072 sappleri
598 2012 723 2057 valet.
760 2040 812 2045 —
848 2014 966 2058 Ratio
989 2015 1245 2071 disparitatis
1269 2017 1307 2058 in
1333 2016 1586 2058 matrimonii
1611 2019 1825 2058 contractu

191 2086 243 2129 ab
276 2085 367 2129 aliis
399 2090 482 2128 est:
517 2087 614 2142 quia
648 2087 962 2128 matrimonium
997 2090 1058 2129 est
1090 2090 1328 2129 contractus
1362 2098 1383 2129 a
1419 2088 1507 2129 iure
1530 2089 1704 2129 naturae
1737 2099 1828 2142 prof

192 2157 383 2200 ficiscens
415 2168 463 2199 ac
497 2155 812 2211 determinatus,
848 2169 927 2199 non
961 2156 1095 2200 solum
1131 2158 1309 2213 positivo
1334 2159 1422 2200 iure
1456 2156 1638 2200 humano
1673 2161 1712 2199 et
1735 2170 1827 2200 con-

192 2226 445 2270 trahentium
483 2226 693 2271 voluntate
726 2235 932 2272 constans,
970 2227 1187 2272 Praeterea
1221 2232 1281 2271 est
1304 2232 1541 2271 contractus
1574 2228 1625 2271 ad
1659 2233 1827 2284 statum,

192 2300 263 2356 qui
295 2298 519 2341 secumfert
551 2297 826 2354 obligationes
862 2298 982 2342 valde
1016 2311 1169 2355 graves
1202 2301 1241 2341 in
1265 2311 1322 2351 se,
1347 2300 1444 2356 quia
1468 2298 1634 2342 relictas
1666 2301 1705 2341 in
1730 2312 1825 2343 exe-

193 2370 391 2426 quutione
425 2368 596 2412 arbitrio
630 2371 868 2426 compartis,
902 2373 942 2412 et
977 2374 1145 2426 propter
1179 2370 1472 2428 frequentiam,
1505 2382 1553 2413 ac
1586 2369 1638 2413 ob
1670 2370 1827 2413 diutur-

193 2440 378 2495 nitatem,
414 2452 543 2496 usque
576 2439 625 2482 ad
662 2444 837 2482 mortem
875 2439 1072 2484 videlicet
1108 2440 1362 2483 alterutrius.
1396 2440 1569 2496 Insuper
1596 2440 1824 2483 secundum

193 2512 256 2553 ius
290 2514 462 2553 naturae
496 2509 770 2566 obligationes
803 2509 897 2553 illae
931 2513 1098 2554 omuino
1130 2515 1223 2554 sunt
1261 2510 1494 2554 voluntarie
1522 2511 1825 2567 suscipiendae,

192 2593 319 2638 quum
353 2592 375 2623 a
410 2580 519 2623 nulla
554 2580 734 2624 humana
769 2584 968 2637 potestate
1018 2583 1172 2638 imponi
1222 2586 1347 2639 queat
1389 2586 1519 2624 status
1552 2580 1620 2624 ille
1653 2581 1825 2636 directe,

193 2653 270 2694 nisi
302 2650 353 2694 ad
388 2651 465 2694 hoc
498 2650 578 2694 alio
612 2653 759 2707 potiori
795 2653 883 2695 iure
908 2653 1033 2695 fuerit
1056 2654 1149 2710 quis
1172 2651 1393 2709 obligatus.
1427 2651 1516 2695 Hoc
1551 2651 1741 2695 ultimum
1768 2663 1828 2695 ra-

195 2723 355 2765 rissime
390 2726 523 2778 posset
559 2724 596 2763 in
633 2723 719 2764 foro
755 2715 921 2778 publico
954 2722 1131 2767 admitti.

310 2791 541 2837 Couseusus
576 2792 891 2836 matrimonialis
923 2792 1132 2837 obiectum
1166 2806 1314 2837 eruere
1347 2806 1565 2850 possumus
1613 2806 1660 2836 ex
1697 2791 1775 2836 [tit.
1797 2792 1824 2834 ¹.

313 2925 323 2946 1
352 2923 427 2957 Tit.
457 2923 545 2965 VH,
575 2924 666 2968 Cap.
696 2924 747 2958 ΙΙ.
777 2924 896 2958 Ritus
923 2923 1144 2958 celebrandi
1170 2923 1415 2958 Matrimonii
1442 2923 1753 2958 Sacramentum.
