1971 3261
187 176 207 204 tt
772 167 857 200 [ΑΒ.
888 164 959 198 ΠΙ.
990 183 1002 190 -
1030 163 1086 198 De
1112 164 1222 197 rebus
1532 161 1625 197 Can.
1655 161 1808 196 727-728

187 291 506 332 ctesiasticarnm
542 286 801 335 alienatione,
836 282 884 325 ab
928 280 1117 325 Ecclesia
1157 278 1448 337 prohibeatur,
1483 283 1609 336 atque
1656 278 1810 322 solum-

189 359 307 402 modo
343 361 378 400 in
416 356 699 413 prohibitionis
732 353 908 405 casibus,
943 351 1042 407 (non
1081 363 1179 393 vero
1212 351 1244 391 si
1279 348 1436 406 absque
1478 354 1594 392 actus
1629 349 1810 405 prohibi·
1857 362 1862 367 ·

186 432 306 473 tione,
344 428 434 469 binc
471 426 668 468 inridicus
702 425 870 467 effectus
901 425 1108 466 statuatur
1144 433 1181 461 v.
1217 433 1278 475 gr.
1312 421 1487 462 cessatio
1537 419 1812 476 indulgentia-

189 512 275 542 rum
312 501 348 539 in
388 497 620 539 venditione
655 497 707 551 pii
742 493 889 537 obiecti
926 491 1033 548 quod
1071 490 1149 533 illis
1183 491 1256 532 fuit
1291 489 1502 545 ditatum),
1535 495 1596 532 es!
1633 489 1814 533 simonia

187 569 291 611 iuris
325 566 596 609 ecelesiastici
629 578 649 608 a
684 578 763 621 qno
797 564 941 606 saltem
982 560 1242 617 reprobatur.
1269 585 1321 591 —
1348 559 1435 602 Non
1461 560 1511 603 de
1536 562 1611 603 ista
1634 573 1812 617 semper,

184 638 253 682 scd
289 638 338 680 tle
371 636 496 679 altera
533 637 631 678 iuris
664 635 793 678 divini
829 632 1070 688 accipienda
1106 636 1163 674 est
1211 632 1424 687 responsio
1458 629 1505 675 D.
1539 630 1613 674 Tb.
1635 631 1674 674 ¹:
1715 631 1812 674 «di-

186 708 376 760 cendum,
409 706 515 763 quod
552 718 652 761 papa
689 709 818 760 potest
854 705 1068 746 incurrere
1104 702 1248 743 vitium
1283 702 1500 757 simoniae,
1524 703 1629 744 sieut
1663 706 1702 744 et
1724 704 1812 760 qui-

187 778 281 820 libet
315 777 418 819 alins
442 776 576 818 homo.
604 775 820 817 Peccatum
845 775 956 816 enim
981 776 1092 815 tanto
1117 773 1154 814 in
1181 770 1319 828 aliqua
1346 784 1518 828 persona
1544 776 1605 815 est
1627 774 1813 828 gravius,

187 852 337 905 quanto
362 848 556 889 maiorem
591 845 745 888 obtinet
770 844 920 887 locum.
955 843 1158 897 Quamvis
1182 844 1290 885 enim
1312 855 1376 885 res
1395 841 1606 886 Ecclesiae
1624 845 1704 886 sint
1726 845 1815 887 eius

187 923 226 960 ut
277 915 512 972 principalis
554 915 862 970 dispensatoris,
912 926 990 956 non
1026 917 1160 956 tamen
1200 917 1293 956 sunt
1345 915 1434 956 eius
1483 918 1525 956 ut
1571 913 1727 956 domini
1776 917 1816 957 et

187 988 443 1043 possessoris.
481 984 525 1028 Et
559 985 650 1028 ideo
683 987 713 1028 si
751 986 953 1040 reciperet
988 997 1060 1039 pro
1093 983 1231 1040 aliqua
1267 997 1310 1026 re
1342 983 1546 1039 spirituali
1596 987 1812 1040 pecuniam

187 1058 236 1099 de
272 1055 469 1099 reditibus
503 1054 711 1098 Ecclesiae
744 1054 934 1108 alicuius,
967 1067 1046 1096 non
1081 1058 1239 1097 careret
1287 1055 1385 1096 vitio
1428 1056 1641 1106 simoniae,
1691 1060 1731 1097 et
1762 1057 1814 1098 si-

187 1127 336 1170 militer
370 1129 493 1169 etiam
528 1130 662 1182 posset
695 1127 912 1168 simoniam
948 1127 1222 1177 committere,
1257 1124 1494 1180 recipiendo
1518 1127 1734 1181 pecuniam
1759 1124 1811 1169 ab

187 1198 324 1254 aliquo
358 1196 475 1249 laico,
510 1209 587 1239 non
622 1195 673 1239 de
708 1195 824 1239 bonis
857 1195 1069 1239 Ecclesiae
1092 1211 1129 1238 ›>.
1543 1195 1546 1199 '

304 1267 340 1309 4.
383 1269 545 1312 Verba
578 1268 1001 1323 emptio-venditio
1034 1268 1081 1311 in
1115 1269 1218 1312 iure
1261 1268 1323 1312 de
1368 1268 1590 1312 simonia.
1639 1291 1664 1297 -
1696 1265 1817 1310 Com-

188 1340 427 1380 munissime
461 1337 633 1380 docetur
665 1350 686 1380 a
722 1336 968 1380 Doctoribus
1001 1350 1049 1379 ex
1087 1339 1174 1380 inre
1222 1339 1405 1393 antian
1459 1353 1481 1377 «
1503 1337 1612 1394 quod
1649 1339 1816 1380 nomine

188 1409 404 1463 emptionis
439 1412 477 1450 et
515 1407 762 1450 venditionis
795 1406 1037 1463 intelligitur
1081 1410 1119 1450 in
1163 1407 1403 1450 delinitione
1435 1410 1636 1451 simoniae
1684 1409 1818 1450 omnis

191 1482 426 1521 contractus
463 1490 540 1519 non
565 1480 808 1533 gratuitus»
833 1478 862 1529 2,
885 1477 1064 1521 scilicet:
1103 1478 1320 1520 «duorum
1350 1477 1412 1521 vel
1438 1477 1616 1534 plurium
1644 1480 1682 1521 in
1708 1478 1816 1522 idem

189 1548 381 1604 placitum
416 1561 678 1591 consensus»
712 1561 805 1591 cum
831 1561 958 1592 onere
981 1548 1245 1604 obligationis
1265 1550 1303 1591 in
1330 1556 1508 1606 utroque
1531 1548 1815 1592 contrahente.

189 1618 369 1674 ldipsum
409 1619 530 1660 rctert
564 1633 653 1663 can.
690 1621 793 1661 7⁴28.
834 1617 931 1661 Cum
965 1617 1016 1662 de
1047 1618 1228 1662 simom'a
1262 1619 1431 1676 aqitm,⁴
1455 1618 1635 1663 scilicet:
1677 1621 1715 1661 in
1749 1617 1820 1663 Co·

191 1689 295 1741 dice,
329 1691 365 1731 in
403 1691 504 1739 inre,
539 1694 574 1732 et
610 1691 886 1732 communiter
919 1695 1028 1745 apud
1063 1689 1279 1742 Auctores,
1313 1688 1689 1747 emptio-venditio,
1727 1703 1819 1747 per·

195 1760 369 1802 nmlatio
403 1765 490 1814 ele„
526 1760 779 1816 (huiusmodi
819 1759 965 1816 verba)
998 1759 1084 1802 late
1116 1759 1387 1817 accipiendae
1419 1766 1516 1802 sunt
1558 1760 1731 1804 iuridica
1764 1763 1815 1804 si-

187 1832 449 1886 gnificatione
470 1834 648 1887 propria,
672 1832 722 1890 de
746 1844 826 1889 qna
853 1833 889 1874 in
915 1844 1004 1875 can.
1036 1832 1084 1874 18
1105 1832 1133 1884 3,
1157 1830 1198 1888 a)
1219 1845 1299 1888 pro
1323 1831 1507 1889 qualibet
1530 1831 1814 1887 conventione,

188 1900 312 1943 idest:
346 1906 462 1944 actus
494 1902 777 1945 consentiendi
813 1915 907 1945 cnm
942 1902 1021 1945 alio
1054 1902 1102 1945 ad
1140 1902 1248 1945 idem
1291 1902 1541 1957 faciendum,
1588 1907 1629 1946 ut
1677 1915 1816 1959 supra,

189 1976 225 2013 et
261 1971 335 2014 hoc
372 1974 517 2027 primo,
550 1972 598 2015 ad
633 1975 750 2015 cuius
786 1972 1099 2029 intelligentiam
1136 1973 1318 2016 deservit
1355 1986 1467 2029 prop.
1505 1972 1556 2017 ab
1591 1973 1726 2017 lnnoc.
1765 1972 1816 2016 xl

190 2040 380 2084 ‹lamnata
418 2042 536 2097 paulo
572 2048 659 2098 post
695 2043 924 2086 relerenda.
971 2043 1105 2100 Atque
1138 2045 1236 2086 satis
1269 2048 1327 2086 est
1363 2042 1472 2086 illam
1510 2045 1596 2086 lieri
1642 2056 1818 2087 conven-

187 2113 337 2154 tionem
372 2126 441 2154 seu
480 2118 657 2168 pactum,
709 2112 749 2169 b)
785 2112 882 2155 licei
931 2112 986 2156 ad
1035 2112 1221 2170 effectum
1272 2127 1353 2156 non
1402 2112 1580 2156 deducta
1630 2116 1681 2157 sit
1715 2116 1814 2170 ipsa,

187 2181 322 2223 dando
360 2181 419 2223 rol
457 2183 692 2238 recipiendo
726 2185 953 2227 simoniace
989 2196 1053 2227 res
1079 2183 1253 2240 aliquas.
1288 2183 1371 2226 lmo
1396 2196 1563 2227 necesse
1589 2197 1667 2227 non
1692 2189 1749 2228 est
1776 2189 1819 2227 ut

186 2254 397 2294 sinwniaci
431 2256 690 2308 paciscantur
720 2253 968 2297 verbotenus
996 2254 1057 2297 vel
1083 2256 1251 2310 scripte,
1275 2254 1345 2297 sed
1370 2254 1522 2297 sufficit
1544 2254 1584 2311 c)
1608 2255 1735 2298 eliam
1761 2261 1818 2297 la-

186 2322 267 2363 vim
302 2324 429 2374 tactis,
463 2325 646 2378 signisve
688 2326 1066 2376 «conventione»,
1099 2326 1217 2367 cuius
1249 2323 1476 2368 declaratio
1501 2327 1538 2367 in
1569 2337 1727 2368 canone
1759 2328 1817 2369 sic

185 2394 450 2446 exprimitur:
489 2393 528 2435 ιή
568 2407 647 2450 qua
683 2393 842 2436 seilicet
875 2394 1042 2437 <inimus
1075 2395 1346 2445 simoniacas,
1381 2397 1449 2451 qui
1484 2399 1724 2452 ceteroquin
1750 2396 1816 2438 de-

187 2462 249 2504 bet
285 2462 427 2505 adesse
461 2464 745 2507 commutandi
781 2478 844 2507 res
879 2468 1064 2521 praviter
1111 2465 1163 2508 ob
1211 2467 1428 2508 simoniam
1478 2465 1726 2522 explicatam
1778 2468 1816 2509 in

186 2544 321 2586 praec.
355 2546 527 2579 (tatione.
577 2540 615 2587 a)
650 2547 846 2591 espresw
879 2549 960 2578 non
1010 2535 1319 2592 mamsestelur,
1368 2535 1410 2591 b)
1444 2535 1517 2578 sed
1562 2549 1610 2580 eJ’
1642 2536 1816 2578 eircum-

185 2602 356 2643 stnnte'is
392 2602 632 2657 vostiantur,
668 2608 762 2662 quia
798 2618 976 2648 canones
1009 2610 1125 2648 actus
1175 2608 1355 2648 internos
1405 2619 1480 2648 non
1535 2606 1817 2658 moderantur,

188 2674 260 2713 nisi
297 2678 499 2727 qnatenus
532 2688 624 2716 cnm
663 2677 845 2718 externis
878 2678 1178 2718 connexionem
1216 2674 1390 2729 liabent;
1424 2689 1497 2719 seu
1533 2681 1573 2719 ut
1610 2676 1746 2719 lnnoc.
1768 2676 1815 2719 lll

305 2802 314 2821 ¹
347 2801 432 2834 Loc.
463 2802 546 2842 cito,
576 2810 649 2837 art.
685 2805 699 2836 l
729 2803 775 2837 ad
805 2807 865 2838 7¹²³.
909 2824 951 2830 —
991 2805 1004 2826 2
1031 2805 1075 2839 D.
1104 2804 1187 2843 Th..
1230 2806 1254 2838 l.
1285 2817 1327 2845 c.‚
1354 2805 1401 2839 ad
1429 2808 1460 2841 5.
1510 2828 1544 2832 -
1587 2808 1601 2828 3
1628 2807 1721 2840 Can.
1761 2806 1816 2839 18.

188 2846 311 2898 Leges
351 2849 634 2884 ecclesiasticae
674 2851 958 2896 intelligendae
997 2857 1093 2886 sunt:
1129 2851 1346 2886 secundum
1384 2853 1578 2899 propriam
1614 2853 1819 2887 verborum

194 2894 527 2937 significationem
556 2897 595 2930 in
625 2903 736 2931 textu
763 2903 804 2932 et
829 2904 1020 2933 contextu
1047 2898 1364 2934 consideratam...
