1971 3261
157 184 159 187 ’
186 183 254 217 188
591 180 676 214 LIB.
706 180 779 214 ΙΙΙ·
810 206 818 214 .
847 181 957 215 PARS
982 181 1014 216 Ι.
1043 201 1056 206 -
1082 181 1139 216 De
1164 181 1430 217 &loramentis
1627 182 1718 218 Can.
1747 182 1817 218 821

183 305 341 345 censuit
367 299 636 346 Ordinarium
663 313 742 342 non
768 313 886 356 posse
911 301 950 344 id
977 301 1197 357 prohibere
1216 317 1255 343 J).
1281 328 1333 332 —
1354 301 1420 345 Ad
1443 314 1631 345 normam
1667 315 1756 346 can.
1792 303 1816 346 ⁶2

184 373 260 416 bae
299 372 555 428 «liturgicae
589 371 702 427 leges
738 373 819 412 vim
854 384 973 414 suam
1007 374 1249 427 retinent»,
1282 375 1379 430 quia
1410 372 1542 416 solum
1580 373 1646 416 illa
1679 374 1815 431 quoad

184 443 345 487 Missam
374 445 578 498 privatam
608 443 682 484 «iu
707 441 859 485 Codice
882 455 1078 498 expresse
1101 445 1355 500 corrigitur»
1383 442 1436 487 ob
1461 444 1815 488 universalitatem

184 513 471 571 prohibitionis
505 527 595 555 eaa.
629 514 731 562 821,
764 512 782 568 ξ
819 512 855 554 1.
891 511 1050 556 Missae
1082 513 1357 557 celebrandae
1378 513 1692 572 initimn‚qu0(l
1729 528 1816 558 cer-

182 589 268 627 tum
303 590 373 633 est,
412 597 487 625 non
525 584 616 626 linis
649 584 737 625 eius
771 585 965 627 incertus.
998 598 1049 627 ne
1083 584 1157 641 fiat
1189 584 1230 642 a)
1264 584 1389 628 eitius
1409 587 1532 628 etiam
1559 598 1688 642 parvo
1713 590 1818 629 tem-

182 668 279 711 pore
313 669 437 712 qaam
473 667 554 696 ana
589 652 693 697 liora
727 653 777 697 de
813 659 1021 698 momento
1054 655 1104 699 ad
1141 660 1397 699 momentum
1430 661 1529 699 ante
1562 669 1765 699 auroram
1789 657 1816 713 ¹,

183 738 287 782 quae
312 727 588 768 astronomica
621 737 714 768 cum
749 727 812 780 sit,
838 727 960 769 unico
985 726 1108 769 modo
1132 729 1210 770 erit
1232 727 1526 783 computanda,
1551 729 1625 770 etsi
1650 728 1815 771 diversa

181 799 233 839 sit
267 810 338 852 pro
374 795 611 852 regionibus
634 800 673 839 et
695 797 789 838 anni
824 796 1098 852 temporibus,
1123 803 1243 854 prout
1277 799 1316 840 in
1351 797 1601 841 calendariis
1632 800 1818 855 designa-

184 872 260 923 tur,
298 866 338 923 b)
375 866 435 909 rel
467 866 605 909 serias
638 868 763 909 etiam
799 867 962 910 modico
995 873 1184 924 tempore
1208 882 1330 925 quaezm
1366 882 1451 910 una
1486 867 1591 911 liora
1623 875 1718 926 post
1741 883 1818 911 me-

180 937 347 988 ridiem,
381 950 487 995 quae
521 941 660 993 utpote
709 937 931 994 designans
979 938 1060 981 diei
1096 938 1362 982 medietatem
1400 938 1628 992 horai-jann
1666 953 1737 995 pro
1771 953 1818 983 ea

187 1011 294 1065 viget
329 1021 473 1052 norma
512 1021 641 1051 «can.
678 1008 746 1052 33.
782 1007 823 1050 ln
856 1009 1131 1065 supputandis
1156 1009 1269 1052 horis
1292 1009 1389 1062 diei,
1421 1012 1459 1052 in
1487 1011 1647 1066 privata
1672 1009 1819 1054 Missae

182 1079 475 1128 celebratione,
512 1083 643 1135 potest
675 1081 767 1136 quis
800 1081 916 1136 sequi
968 1079 1042 1123 loci
1078 1085 1242 1136 tempus
1275 1085 1346 1123 aut
1381 1079 1511 1124 locale
1548 1082 1638 1124 sive
1673 1094 1819 1124 verum

181 1153 270 1194 sive
306 1151 503 1201 medium,
525 1155 595 1193 aut
619 1149 750 1206 legale
772 1152 862 1193 sive
886 1150 1098 1207 regionale
1121 1153 1210 1194 sive
1234 1151 1348 1194 aliud
1377 1151 1816 1195 extraordinarium».

183 1220 267 1263 lino
300 1233 394 1263 cum
430 1223 468 1263 in
504 1220 581 1264 hoc
613 1233 772 1264 canone
823 1220 1083 1277 «privilegia
1132 1225 1256 1278 atque
1302 1221 1462 1265 indulta
1497 1221 1548 1265 ab
1581 1222 1818 1278 Apostolica

182 1291 287 1335 Sede
321 1304 515 1334 concessa
553 1304 630 1333 non
667 1296 974 1346 revocentur»,
1009 1292 1058 1335 ad
1095 1304 1283 1335 normam
1320 1305 1412 1337 can.
1447 1292 1469 1335 4
1510 1294 1707 1348 «integra
1735 1304 1818 1336 ma·

182 1366 318 1404 nent»
357 1364 504 1404 canoni
539 1363 761 1418 contraria,
781 1362 950 1404 forsitan
991 1361 1202 1406 «cuilibet
1237 1362 1426 1418 religioni
1460 1363 1618 1406 directe
1652 1376 1819 1407 conces-

184 1445 269 1475 sa»
307 1437 418 1484 (can.
454 1432 550 1476 613.
584 1432 612 1490 ἓ
647 1431 704 1489 1.)
725 1431 752 1472 ².

300 1502 418 1547 Circa
452 1502 595 1546 horam
647 1516 746 1546 vero
780 1502 1018 1547 celebrandi
1063 1506 1255 1560 exceptio
1290 1506 1328 1546 in
1364 1503 1488 1548 Rub.s
1534 1504 1707 1548 Dilissalis
1739 1504 1817 1548 Ro-

185 1576 293 1617 mani
327 1573 416 1628 XV,
451 1575 473 1616 4
507 1576 565 1617 sic
598 1576 753 1630 scripta
786 1579 913 1618 estz...
953 1590 975 1616 ε(
1000 1577 1038 1617 in
1064 1573 1299 1618 Nativitate
1325 1574 1502 1627 Domini,
1536 1574 1660 1619 Missa
1686 1578 1819 1632 prima

183 1642 336 1688 dicitur
371 1650 458 1700 post
493 1644 671 1687 mediam
697 1649 874 1701 noctem,
899 1645 1014 1688 finito
1053 1643 1104 1687 Te
1127 1644 1258 1688 Deam
1282 1645 1506 1688 laudamus
1541 1648 1579 1688 in
1604 1645 1816 1700 Matutin03

182 1715 363 1759 secunda
401 1718 437 1758 in
472 1716 649 1771 Aurora,
691 1715 812 1759 dictis
858 1715 1065 1760 Laudibus
1108 1721 1147 1760 et
1193 1716 1350 1760 Prima:
1386 1719 1507 1760 tertia
1544 1730 1642 1775 vero
1678 1719 1716 1759 in
1752 1717 1818 1760 die

184 1791 271 1842 post
296 1785 489 1837 Tertiain‚
528 1786 588 1829 vel
617 1785 683 1829 ubi
708 1786 827 1829 aliter
850 1800 898 1829 ex
925 1787 1232 1843 dispensatione
1255 1787 1493 1843 Apostolica
1517 1787 1817 1843 disponatur».

185 1856 282 1900 Sola
317 1870 415 1912 ergo
451 1869 530 1899 una
564 1856 743 1900 choralis
777 1859 1042 1913 permittitur,
1079 1857 1206 1914 ldque
1241 1858 1460 1900 confirmat
1493 1857 1511 1913 ξ
1546 1858 1584 1900 (2.
1620 1856 1668 1900 Ia
1701 1863 1820 1900 noete

184 1926 436 1971 Nalirilalis
474 1926 642 1970 Domini
676 1926 871 1971 inchoari
895 1927 1031 1971 media
1056 1934 1173 1971 noete
1195 1929 1245 1972 ad
1271 1941 1461 1971 normam
1485 1941 1574 1972 can.
1602 1928 1670 1984 33,
1694 1929 1722 1987 ξ
1747 1930 1761 1971 l
1789 1929 1817 1984 ³,

184 1998 466 2041 diversimode
501 2001 614 2042 iuxta
650 2001 816 2042 missam
852 2000 1171 2042 conventualem
1196 1999 1497 2042 solleinnemve
1521 2012 1568 2043 ac
1594 2002 1815 2056 privatam,

183 2068 272 2112 sola
307 2082 378 2112 seu
414 2072 533 2112 unica
568 2068 701 2112 Missa
735 2069 775 2126 a)
811 2069 1115 2124 conventualis,
1147 2072 1205 2113 sic
1243 2075 1387 2113 vocata
1419 2073 1514 2128 quia
1559 2073 1815 2114 conveniunt

302 2224 312 2244 ¹
347 2238 359 2252 α
377 2223 673 2257 Communiter»
719 2227 765 2257 ut
792 2222 940 2256 dicitur
968 2224 1008 2256 in
1035 2222 1187 2256 Missali
1215 2223 1403 2267 Romano,
1451 2238 1465 2252 «
1484 2234 1532 2257 ex
1559 2234 1635 2268 quo
1661 2226 1818 2257 constat

183 2269 359 2303 habitam
384 2269 506 2304 fuisse
533 2271 727 2304 rationem
754 2270 928 2304 locorum
948 2271 988 2304 in
1008 2270 1151 2314 quibus
1170 2282 1248 2304 non
1268 2274 1429 2315 apparet
1447 2281 1586 2304 aurora
1604 2282 1637 2304 »z
1669 2271 1818 2304 etenim

191 2333 203 2347 0<
219 2316 344 2361 quoad
371 2318 553 2362 regiones
580 2321 757 2351 carentes
775 2329 926 2360 aurora,
948 2317 1196 2362 intelligitur
1214 2318 1415 2351 moraliter
1434 2317 1480 2351 de
1506 2323 1694 2362 tempore,
1716 2317 1818 2362 quod

183 2364 406 2408 aequivalet
433 2370 472 2398 et
499 2365 776 2409 correspondet
802 2376 976 2405 aurorae,
1005 2364 1078 2398 hoc
1104 2370 1164 2398 est
1192 2364 1237 2399 de
1265 2365 1424 2399 exordio
1460 2365 1538 2399 diei
1566 2365 1709 2407 civilis,
1739 2377 1817 2398 mo-

183 2412 277 2445 ralis
304 2417 343 2445 et
369 2411 530 2451 usualis,
559 2412 599 2445 in
626 2423 702 2456 quo
729 2411 909 2446 homines
936 2411 1113 2446 diluculo
1141 2423 1300 2457 surgere
1327 2413 1455 2446 solent
1473 2412 1522 2446 ad
1548 2423 1677 2456 opera,
1704 2412 1818 2446 iuxta

184 2465 358 2503 receptas
384 2469 424 2492 et
451 2459 682 2503 approbatas
708 2460 913 2504 regionum
944 2459 1252 2493 consuetudines
1269 2476 1282 2489 2>
1320 2460 1357 2493 S.
1387 2459 1430 2494 R.
1469 2460 1508 2494 C.
1536 2461 1557 2493 2
1583 2460 1682 2493 Nov.
1713 2460 1819 2500 1634,

189 2518 226 2540 n.
257 2506 334 2539 614.

300 2553 313 2574 ‘2
340 2553 398 2586 Ex
425 2553 604 2587 omnibus
623 2554 797 2598 quinque
817 2553 997 2587 formulis
1028 2553 1175 2586 Vicarii
1195 2565 1239 2587 ac
1257 2553 1451 2587 Praefecti
1470 2553 1612 2598 Aplici.
1631 2553 1817 2587 obtinent

183 2599 413 2634 facultatem
447 2600 732 2644 «permittendi
760 2606 805 2634 ut
831 2601 952 2635 Missa
977 2601 1164 2634 celebrari
1183 2604 1300 2644 queat
1318 2612 1398 2634 una
1422 2599 1518 2634 hora
1543 2606 1631 2645 post
1650 2600 1817 2634 mediam

184 2652 339 2681 noctem
360 2663 391 2686 »,
428 2648 729 2691 computandam
760 2648 809 2682 ad
838 2659 1014 2682 normam
1040 2659 1123 2681 ean.
1159 2648 1204 2682 33
1222 2648 1399 2685 'citatam
1430 2648 1470 2680 in
1504 2651 1633 2682 textu.
1666 2647 1713 2681 In
1742 2647 1817 2681 for-

184 2695 304 2728 mulis
330 2703 461 2728 tamen
489 2695 613 2738 prima
648 2700 689 2728 et
726 2700 894 2740 utraque
921 2694 1091 2729 secunda
1126 2700 1187 2728 est
1213 2695 1414 2729 additum:
1460 2711 1472 2725 <x
1490 2695 1531 2729 in
1558 2706 1651 2729 casu
1684 2706 1817 2728 neces-

186 2742 321 2776 Slbatis
338 2757 350 2771 ι
365 2769 369 2774 .

301 2789 315 2811 3
343 2789 432 2823 Can.
460 2788 516 2823 33.
548 2792 562 2831 Ξ
592 2790 623 2822 1.
652 2789 699 2822 In
726 2789 988 2833 supputandis
1014 2788 1121 2822 horis
1141 2788 1219 2822 diei
1238 2788 1424 2822 standum
1443 2792 1503 2822 est
1523 2787 1724 2822 communi
1741 2787 1817 2821 loci

184 2837 296 2870 usui:
326 2836 392 2870 sed
419 2837 459 2869 in
488 2836 643 2879 privata
676 2836 821 2870 Missae
857 2836 1182 2878 celebratione‚...
1214 2835 1254 2868 in
1282 2847 1389 2869 sacra
1420 2835 1696 2869 communione
1722 2834 1816 2868 reci-

182 2883 380 2928 pienda,.„
412 2888 541 2927 potest
569 2884 656 2928 quis
683 2884 793 2928 sequi
820 2884 895 2917 loci
923 2893 1078 2928 tempus
1105 2887 1175 2916 aut
1202 2883 1324 2916 locale
1352 2883 1436 2917 sive
1464 2894 1601 2917 verum
1630 2882 1713 2915 sive
1739 2892 1816 2915 me-

183 2931 305 2972 dium,
334 2937 403 2964 aut
432 2930 557 2975 legale
584 2930 668 2964 sive
694 2931 894 2976 regionale
921 2931 1004 2964 sive
1031 2929 1134 2963 aliud
1161 2929 1530 2964 extraordinarium.
