1971 3261
212 162 281 195 632
604 161 690 195 Lm.
718 161 790 195 ΙΙΙ.
820 181 830 186 -
859 161 968 196 PARS
993 161 1024 196 I.
1054 181 1067 187 —
1093 142 1442 198 De²Sacrizmentis
1624 163 1718 199 Gan.
1746 164 1838 199 1095

330 278 391 321 Ad
430 277 529 322 VllI.
563 277 824 322 Atiirmative
858 281 896 322 in
930 281 1139 323 territorio
1171 281 1427 326 cumulative
1454 281 1609 327 habito.

329 348 390 392 Ad
426 347 475 391 X.
509 349 770 393 Affirmative
794 363 867 406 pro
891 352 1079 406 personis
1110 349 1187 394 sibi
1222 352 1405 407 creditis,
1430 355 1468 396 in
1494 353 1583 397 loco
1607 357 1742 396 tamen
1769 353 1836 397 ubi

212 420 540 463 iurisdictionem
575 424 785 475 exercent,
819 421 1045 464 dummodo
1077 426 1236 465 constet
1275 425 1373 480 ipsis
1415 426 1677 467 commissam
1714 425 1838 468 fuisse

214 490 375 547 plenam
412 495 654 547 potestatem
690 491 1036 548 parochialem».

330 561 516 620 Denique
566 564 681 606 iuvat
726 562 1063 606 animadvertere
1113 564 1340 619 praefatum
1375 571 1518 609 num.m
1551 579 1630 608 non
1666 565 1837 622 intelligi

212 634 263 677 de
297 633 389 688 illis,
423 635 491 690 qui
528 638 676 689 regunt
720 635 934 689 paroecias
976 636 1219 678 constitutas
1260 640 1355 678 ante
1394 635 1587 680 Codicem
1626 649 1745 693 «pro
1778 636 1838 679 di·

212 706 407 748 versitate
438 706 642 748 sermonis
673 716 745 747 seu
779 706 956 748 nationis
991 704 1173 748 tidelium
1209 708 1247 748 in
1282 706 1428 750 eadem
1462 709 1632 751 civitate
1668 707 1729 750 vel
1755 712 1836 751 ter·

212 777 354 818 ritorio
387 775 643 831 degentium,
676 779 746 818 aut
781 788 893 818 mere
926 775 1149 819 familiares
1183 776 1247 819 vel
1290 776 1571 832 personales»
1608 778 1714 830 (can.
1740 778 1841 826 ⁶216,

209 846 236 904 ἓ
270 845 328 903 4),
363 845 618 903 proindeque
655 845 790 889 valide
824 859 902 889 non
935 847 1132 890 assistunt
1166 850 1441 891 matrimoniis
1469 861 1549 891 non
1573 848 1833 892 subditorum

211 916 440 974 cappellani
476 922 708 960 castrenses
750 921 790 960 et
828 916 896 959 alii
942 917 1108 973 parochi
1145 917 1343 961 babentes
1376 918 1522 962 fideles
1554 918 1742 963 subditos
1777 932 1838 963 ra-

212 989 320 1031 tione
355 1000 638 1044 personarum.

331 1058 446 1102 luxta
468 1059 523 1116 ξω
548 1059 602 1101 3¹¹¹
626 1058 738 1104 Dec.¹
764 1064 846 1102 tres
868 1059 1126 1103 conditiones
1150 1073 1401 1105 concurrere
1425 1060 1632 1105 debebant
1666 1063 1703 1104 in
1728 1075 1843 1105 exer-

208 1132 304 1174 citio
339 1132 512 1173 ministri
537 1129 748 1174 Ecclesiae
781 1131 916 1188 quoad
944 1131 1233 1187 praestandam
1271 1132 1406 1175 valide
1439 1134 1713 1176 assistentiam
1751 1145 1836 1176 ma-

211 1203 428 1244 trimoniis.
463 1200 622 1244 Dicitur
655 1203 763 1244 enim
800 1201 979 1245 ibidem:
1009 1202 1282 1246 «dummodo
1317 1205 1477 1246 invitati
1512 1208 1552 1247 et
1585 1206 1713 1259 rogati
1739 1219 1777 1259 ³),
1802 1208 1838 1247 et

212 1285 261 1315 en
297 1274 427 1328 prima
462 1276 559 1315 tunc
582 1272 778 1327 conditio,
803 1286 912 1316 nunc
945 1272 1141 1330 abrogata
1166 1287 1259 1317 cum
1285 1274 1457 1317 relativa
1481 1274 1519 1317 S.
1544 1273 1692 1331 Congr.
1717 1272 1841 1319 Conc.

212 1343 493 1386 declaratione
526 1343 578 1386 ob
610 1346 780 1387 canonis
822 1343 1030 1387 silentium
1075 1344 1125 1387 de
1160 1344 1242 1399 illa,
1287 1347 1356 1403 qui
1390 1344 1467 1388 sub
1500 1345 1558 1388 n.⁰
1591 1345 1640 1388 30
1674 1346 1841 1402 incipit:

217 1413 458 1470 Dummodo,
486 1413 657 1458 verbum
692 1417 930 1471 exprimens
953 1415 1230 1459 conditionem
1260 1429 1332 1472 pro
1369 1416 1505 1459 valido
1529 1416 1676 1473 agendi
1703 1415 1839 1464 modo,

213 1484 394 1528 scilicet:
430 1490 473 1528 ut
507 1485 623 1529 liberi
657 1488 750 1541 sint,
784 1500 916 1543 neque
948 1486 1002 1540 vi,
1033 1500 1104 1530 seu
1142 1486 1311 1544 physica
1346 1489 1573 1542 coactione,
1601 1500 1681 1545 qua
1716 1500 1753 1530 v.
1778 1500 1843 1543 gr.

215 1559 253 1599 in
288 1555 471 1600 Ecclesia
524 1559 799 1601 retinerentur
841 1557 1007 1614 singuli,
1040 1571 1171 1615 neqne
1212 1563 1323 1601 nictu
1363 1558 1487 1616 yram·
1531 1563 1668 1615 proter
1712 1560 1844 1601 minas

215 1629 357 1684 gravis
389 1628 527 1671 damni
554 1627 823 1684 probabiliter
847 1630 972 1672 futuri
1003 1629 1283 1686 (importunae
1306 1638 1442 1673 autem
1479 1643 1623 1686 preces
1645 1641 1692 1673 ac
1716 1631 1840 1673 etiam

217 1700 353 1741 minae
385 1703 509 1756 atque
543 1699 712 1742 inflictio
746 1702 864 1756 parvi
898 1700 1073 1743 alicuius
1105 1700 1244 1743 damni
1270 1699 1369 1743 nihil
1395 1699 1584 1754 obstant),
1609 1699 1843 1751 constricti,

216 1782 385 1826 nempe:
422 1769 488 1813 illa
527 1770 590 1813 vel
634 1770 711 1814 hoc
746 1772 909 1814 incusso
941 1771 992 1814 ad
1039 1771 1076 1814 id
1121 1771 1230 1828 quod
1264 1774 1474 1829 sequitur:
1509 1784 1603 1814 nam
1638 1773 1710 1814 etsi
1745 1784 1840 1814 con·

215 1839 537 1884 trahentes-sint
589 1843 673 1885 veri
708 1844 883 1885 ministri
931 1845 1179 1886 sacramenti
1226 1844 1475 1885 matrimonii
1524 1846 1564 1886 et
1605 1846 1758 1900 queant
1789 1854 1839 1885 ex

215 1913 361 1967 seipsis
392 1913 666 1956 sufficientem
700 1915 936 1969 exprimere
968 1926 1229 1967 consensum,
1265 1918 1444 1956 attamen
1471 1913 1616 1956 modus
1649 1913 1838 1968 dignitati

215 1984 462 2025 sacramenti
496 1985 631 2038 aptior
662 1987 702 2026 et
734 1982 885 2027 Rituali
920 1983 1106 2027 Romano
1143 1986 1273 2040 magis
1305 1984 1530 2027 conformis
1564 1985 1844 2039 praescriptus

216 2057 275 2095 est
309 2052 359 2096 ad
397 2055 645 2097 matrimonii
682 2053 953 2108 validitatem,
989 2059 1031 2097 ut
1063 2067 1211 2111 nempe
1247 2056 1432 2098 minister
1464 2054 1673 2098 Ecclesiae
1706 2056 1842 2097 active

215 2136 258 2166 se
293 2123 453 2179 habeat,
488 2125 585 2168 dum
623 2127 888 2183 prosequitur
935 2138 1090 2169 canon:
1124 2126 1346 2183 requirant
1379 2125 1516 2183 aliquo
1551 2126 1672 2168 modo
1706 2126 1841 2168 forsan

218 2196 526 2251 interrogativo,
561 2196 859 2254 excipiantque
893 2209 964 2252 per
997 2196 1214 2240 relativam
1250 2195 1587 2239 contrahentium
1613 2197 1844 2239 manifesta·

217 2267 366 2308 tionem
403 2268 510 2310 circa
546 2280 688 2310 eornm
724 2269 935 2324 proprium
971 2281 1227 2322 eonsensum,
1261 2269 1455 2325 quamvis
1487 2269 1699 2324 expressio
1722 2279 1845 2324 quae-

217 2336 312 2380 dam
347 2339 385 2379 in
419 2337 495 2380 hoc
529 2338 715 2381 faciendo
750 2351 828 2381 non
878 2340 930 2381 sit
962 2340 1194 2381 necessario
1227 2338 1514 2392 determinata,
1549 2340 1630 2380 imo
1663 2336 1741 2381 alia
1782 2337 1842 2380 di-

221 2419 338 2450 versa
362 2406 412 2450 ab
446 2421 493 2451 ea
517 2421 641 2465 quam
677 2407 839 2452 Rituale
864 2408 1093 2452 Romanum
1129 2408 1388 2465 praescribit,
1416 2408 1479 2451 vel
1512 2410 1641 2464 signis
1666 2412 1843 2451 tantum-

219 2477 340 2521 modo
374 2478 467 2521 data
502 2492 580 2521 non
615 2479 799 2522 officeret
822 2481 1072 2522 matrimonii
1109 2479 1324 2522 validitati.
1349 2478 1435 2522 Hoc
1471 2483 1676 2534 postremo
1710 2479 1845 2535 requi-

216 2549 293 2590 sito
328 2548 541 2603 praeclusa
575 2554 635 2592 est
669 2551 734 2591 via
771 2551 1044 2591 matrimoniis
1066 2563 1116 2592 ex
1151 2551 1358 2605 inopinato
1388 2549 1610 2592 contractis
1641 2547 1844 2590 adversus

219 2620 501 2661 ministrorum
536 2619 746 2663 Ecclesiae
779 2619 1048 2675 voluntatem,
1084 2633 1159 2663 nec
1193 2621 1354 2663 favetur
1392 2633 1413 2662 e
1446 2624 1588 2662 contra
1622 2616 1844 2662 cuiuslibet

220 2691 393 2731 ministri
427 2689 598 2732 arbitrio
633 2689 833 2733 laedentis
874 2691 1008 2734 sorsan
1042 2703 1286 2747 sponsorum
1331 2689 1578 2741 libertatem,
1611 2701 1658 2732 ac
1695 2701 1739 2731 se
1772 2701 1841 2744 op-

221 2762 408 2816 ponentis
439 2773 581 2803 eorum
620 2761 834 2815 voluntati,
868 2764 963 2819 quia
1011 2764 1043 2804 si
1079 2761 1179 2804 haec
1213 2763 1316 2804 iusta
1349 2763 1415 2815 sit,
1448 2760 1571 2804 alium
1609 2761 1840 2803 ministrum

219 2829 586 2873 administrationis
619 2833 741 2874 etiam
776 2831 911 2875 licitae
947 2833 1134 2874 invenire
1169 2835 1349 2887 possunt.

335 2900 487 2945 Mutato
513 2900 671 2944 Decreti
707 2902 851 2945 ordine
876 2903 1263 2958 praescriptionum,
1289 2901 1426 2945 elucet
1459 2900 1510 2944 ob
1534 2901 1838 2945 connexionem
