1971 3261
98 135 194 171 Cana
218 133 376 170 884885
626 134 710 169 Tm
736 134 801 169 IV.
829 155 841 160 -
869 135 924 170 De
951 136 1195 170 Pocm‘tentia
1657 137 1724 170 241

99 254 259 310 pertiri,
292 250 486 308 (ethaec
519 257 579 295 est
613 251 810 308 obligatio
844 252 1072 295 sacerdotis
1104 252 1332 296 absoluturi
1365 255 1622 297 sacerdotem
1657 257 1726 312 qui

106 322 364 380 complicem,
399 327 442 365 ut
474 322 630 371 dictum
681 326 740 365 est
774 322 896 377 paulo
943 328 1050 375 ante,
1090 322 1301 379 absolvit),
1345 337 1468 379 qnam
1505 328 1726 380 praemissa

103 394 350 450 gravissima
384 391 684 445 adhortatione,
718 393 813 447 (non
849 405 947 449 ergo
981 395 1118 448 agitur
1141 393 1192 436 do
1216 399 1436 450 praecepto
1462 396 1727 451 imponendo)

103 468 144 508 ut
178 463 358 507 officium
409 464 648 506 confessarii
684 463 892 505 dimittere
940 464 1115 516 studeat,
1151 477 1308 506 necnon
1355 467 1542 520 imposita
1578 465 1730 519 obliga-

102 537 224 579 tione.
260 539 303 577 ut
336 546 356 577 a
391 532 721 577 confessionibus
754 533 970 589 complicis
1003 534 1223 577 audiendis
1257 537 1294 577 in
1330 540 1536 591 posterum
1563 538 1728 578 ‹unnim›

99 605 326 658 abstineat;
362 604 554 662 (nempe:
590 604 641 648 ob
676 604 903 660 periculum
940 610 977 647 et
1013 610 1179 661 propter
1205 605 1520 662 prohibitionem
1563 619 1730 657 gencra-

101 676 180 720 lem
216 679 254 719 in
292 676 402 719 Bulla
440 674 749 732 Benedictina);
797 678 949 718 monita
987 676 1131 719 eadem
1180 690 1351 732 persona
1389 677 1630 729 [sacerdotis
1663 677 1727 720 ab·

100 746 308 804 solvendi)
333 746 547 803 complice,
573 748 605 789 si
630 746 766 789 denno
791 752 1044 802 compareat,
1074 751 1113 789 ut
1139 747 1189 789 de
1225 751 1393 803 peccato
1426 748 1728 803 complicitatis,

100 823 139 862 et
173 821 322 862 ceteris
356 817 539 861 invalide
572 818 784 860 confessis:
817 817 925 873 apud
962 817 1087 860 alium
1114 819 1411 860 confessarium
1437 832 1478 861 se
1503 824 1665 861 accuset
1691 835 1727 862 ».

218 889 395 946 Explicit
430 901 561 932 canon
585 891 667 932 sic:
702 887 758 930 ad
791 901 979 931 normam
1015 888 1360 931 constitutionum
1386 888 1729 946 apostolicaram,

98 973 204 1018 quas
251 960 572 1004 commentando
623 959 720 1002 illud
777 959 1008 1010 retulimus,
1041 964 1079 1002 et
1115 959 1360 1002 ›toneinatim
1418 960 1730 1003 constitutionis

105 1030 319 1075 Ιῖθηθιίισίι
354 1029 459 1074 XIV
489 1046 507 1071 «
529 1031 844 1073 §aeramentum
878 1030 1166 1088 poenitentum
1185 1047 1205 1071 ))
1247 1034 1265 1073 l
1302 1030 1391 1075 Ιηη,
1431 1034 1557 1084 1741,
1595 1036 1730 1087 utpote

99 1116 206 1159 quae
241 1101 563 1146 fundamentalis
595 1106 656 1145 est
690 1103 727 1144 in
765 1101 839 1145 luxi(
874 1101 1143 1157 legislitione.

221 1174 317 1217 ⁶208.
353 1174 691 1219 Absolutionis
723 1174 949 1225 formula,
979 1175 1016 1215 in
1038 1172 1113 1216 Ru.
1136 1172 1251 1216 Rom.
1279 1173 1291 1195 ¹
1312 1178 1468 1216 constat
1494 1173 1622 1215 tribus
1643 1187 1731 1229 par-

100 1245 220 1289 tibus.
237 1244 390 1301 ¹Prima
427 1246 592 1300 incipit:
632 1259 654 1284 «
679 1242 949 1287 lliseiQeatur.
958 1249 1066 1288 etc.
1092 1243 1249 1287 Deinde
1274 1244 1443 1287 dextera
1473 1257 1615 1287 tersus
1639 1258 1731 1300 poe-

103 1319 300 1360 nitentem
335 1315 512 1369 elevata,
548 1315 670 1359 dicit:
714 1314 1064 1371 lmlulgentiam...
1090 1320 1166 1360 etc.
1192 1331 1230 1369 )),
1280 1320 1317 1358 et
1352 1315 1403 1358 de
1437 1315 1499 1358 his
1543 1315 1734 1371 precibus

102 1390 159 1431 ait
190 1387 236 1430 D.
271 1385 450 1430 Thomas
468 1387 497 1427 ².
527 1401 546 1426 <t
572 1385 820 1429 Huiusmodi
844 1390 981 1429 autem
1017 1385 1297 1430 absolutiones
1332 1388 1368 1429 in
1406 1385 1570 1442 publico
1605 1388 1733 1429 sactae

101 1462 290 1515 (nempet
323 1460 428 1501 sicut
463 1459 501 1500 in
529 1457 663 1501 Prima
698 1462 736 1500 et
770 1459 808 1499 in
843 1455 1121 1513 Completorio
1146 1463 1182 1500 et
1219 1460 1256 1500 in
1282 1470 1409 1501 coena
1452 1456 1630 1513 Domini)
1656 1470 1733 1499 non

101 1535 198 1574 sunt
229 1528 564 1583 sacramentales,
598 1529 668 1572 sed
703 1533 797 1571 sunt
830 1530 1038 1571 orationes
1081 1529 1285 1586 quaedam
1339 1528 1552 1571 ordinatae
1585 1528 1634 1571 ad
1673 1542 1733 1571 re-

105 1603 343 1644 missionem
381 1599 604 1643 venialium
640 1604 920 1656 peecatorum.
946 1599 1063 1643 Unde
1094 1602 1131 1642 in
1156 1599 1446 1643 sacramentali
1478 1599 1735 1643 absolutione

102 1685 183 1716 non
216 1671 426 1715 sufficeret
458 1671 622 1714 dicere:
657 1669 918 1714 lllt‘sereatur
952 1670 1014 1713 tui
1047 1670 1309 1728 omnipotens
1346 1669 1467 1721 Deus,
1513 1669 1576 1713 vel
1612 1669 1734 1713 Abso-

101 1742 304 1786 lutionem
337 1747 376 1785 et
408 1741 698 1784 remissionem
749 1741 907 1784 tribuat
944 1740 1068 1794 Deus,
1116 1743 1212 1798 quia
1248 1754 1319 1797 per
1369 1740 1468 1784 baec
1506 1741 1629 1784 rerba
1674 1754 1735 1783 sa-

100 1814 255 1859 cerdos
281 1813 584 1857 absolutionem
619 1825 698 1855 non
733 1813 939 1868 significat
979 1814 1082 1866 lieri,
1116 1813 1185 1855 sed
1214 1814 1311 1868 petit
1346 1817 1387 1855 ut
1423 1813 1502 1856 liat.
1542 1812 1735 1854 Praemit-

102 1888 202 1929 titur
235 1890 371 1928 tamen
406 1886 530 1927 etiam
564 1885 602 1926 in
626 1883 918 1927 sacramentali
943 1883 1201 1927 absolutione
1242 1882 1333 1926 talis
1356 1885 1500 1935 oratio,
1527 1895 1575 1925 ne
1614 1884 1737 1938 impe-

103 1955 426 1999 diatureffectus
443 1957 692 1998 sacramenti
713 1967 762 1997 ex
785 1958 898 2010 parte
919 1955 1177 2010 poenitentis,
1199 1955 1316 1996 cuius
1335 1958 1450 1996 actus
1470 1952 1738 1995 materialiter

103 2025 412 2085 quodammodo
436 2039 479 2069 se
513 2025 663 2069 liabent
701 2028 738 2068 in
773 2025 850 2069 hoc
884 2030 1158 2073 sacramento,
1194 2037 1272 2067 non
1307 2028 1442 2067 antem
1471 2025 1507 2065 in
1535 2022 1737 2079 baptismo

105 2096 169 2140 vet
203 2095 658 2149 confirmatione-&De
677 2095 740 2139 his
764 2098 986 2153 praecipue
1012 2097 1260 2138 mentionem
1288 2096 1381 2138 lacit
1402 2107 1492 2138 (τινι.
1512 2095 1620 2147 885,
1639 2093 1735 2135 dum

104 2169 183 2212 ait:
203 2166 300 2211 Etsi
314 2180 473 2225 preces,
492 2167 541 2210 ab
561 2166 752 2210 Ecclesia
770 2165 984 2224 formulae
1007 2165 1294 2209 absolutoriae
1327 2164 1568 2219 adiunctae,
1593 2164 1738 2221 quales

104 2247 199 2283 sunt
230 2241 354 2299 etiam
395 2240 530 2295 priora
567 2237 694 2282 verba
728 2237 936 2282 secundae
982 2239 1108 2293 partis
1142 2239 1179 2279 in
1226 2236 1303 2279 Rit.
1354 2235 1485 2288 Rom„
1522 2234 1737 2278 videlicet:

108 2325 131 2351 «
155 2308 356 2353 Dominus
374 2314 513 2353 noster
536 2308 649 2352 lesus
671 2308 858 2353 Christus
883 2314 919 2351 te
944 2307 1130 2351 absolvat
1151 2324 1190 2360 )),
1214 2308 1408 2364 (piamris
1433 2308 1635 2362 integrent
1661 2307 1742 2348 t'or-

107 2380 262 2425 mulam
282 2379 577 2424 absolutor-iam
603 2384 921 2437 prosequentem
952 2395 972 2419 α
996 2383 1033 2421 et
1058 2392 1134 2434 ego
1158 2368 1403 2421 auctoritate
1425 2379 1592 2433 ipsius...
1618 2392 1637 2417 ))
1662 2381 1738 2419 etc.

104 2455 362 2496 constantem
397 2450 656 2494 absolutione
680 2463 700 2494 a
740 2452 926 2493 censuris
956 2454 993 2492 et
1037 2448 1279 2491 «Deinde»
1307 2447 1563 2491 absolutione
1596 2458 1616 2489 a
1654 2460 1742 2502 pec-

106 2524 209 2580 catis
252 2535 324 2579 per
357 2521 460 2566 haec
496 2520 644 2566 verba:
685 2534 805 2577 «ego
841 2526 877 2563 te
911 2519 1083 2563 absolvo
1116 2532 1136 2562 a
1174 2521 1354 2576 peccatis
1388 2520 1467 2561 tuis
1501 2520 1538 2559 in
1575 2519 1739 2559 nomine

108 2593 370 2649 Patrisfflet
402 2592 492 2636 Filii
526 2597 566 2636 et
597 2592 775 2648 Spiritus
807 2591 959 2634 Sancti.
994 2591 1125 2633 Amen
1161 2606 1200 2633 )).

225 2687 386 2723 Defensio
411 2686 679 2722 convenientiae
706 2677 810 2721 huius
839 2685 1006 2719 formulae
1033 2684 1080 2718 sic
1095 2683 1241 2730 exprimi
1272 2687 1379 2729 potest
1407 2693 1484 2718 cum
1507 2681 1544 2716 D.
1563 2681 1693 2716 Tboma
1714 2684 1739 2715 ⁵⁷²:

112 2760 128 2779 «
157 2745 227 2782 Hoc
253 2750 526 2788 sacramentum,
552 2744 683 2780 scilicet
711 2744 957 2790 poenitentiae,
988 2754 1056 2778 non
1078 2742 1236 2777 consistit
1256 2742 1290 2776 in
1310 2741 1570 2777 consecratione
1596 2740 1742 2775 alicuius

225 2842 236 2864 ¹
265 2842 343 2875 Tit..
374 2841 444 2882 ΙΙΙ,
471 2852 552 2886 cap.
581 2842 617 2874 ⁶2.
669 2860 690 2864 -
718 2839 731 2862 ²
760 2839 895 2884 Suppl.
919 2850 953 2884 q.
978 2837 1186 2872 LXXXIV
1213 2849 1246 2872 a.
1275 2838 1310 2871 3.
1340 2836 1385 2871 ad
1417 2839 1474 2870 1¹³¹.
1503 2857 1544 2859 —
1576 2837 1588 2854 ²²
1609 2834 1742 2879 Suppl.

112 2901 148 2935 q.
178 2888 395 2932 LXXXIV,
423 2892 499 2923 arb.
527 2888 550 2921 3
575 2898 678 2932 corp.

193 2967 290 2996 BLAT
313 2983 332 2990 -
359 2966 482 2996 Comm.
511 2967 596 2996 Text.
622 2966 698 2995 Cod.
724 2966 796 2995 [ur.
822 2965 904 2994 Can.
1622 2961 1658 2988 to
