1971 3261
198 115 270 148 410
595 113 680 148 Lm.
708 113 781 147 ΙΙΙ.
811 133 823 139 -
850 113 959 148 PARS
984 114 1015 148 I.
1045 135 1056 140 -
1083 114 1140 149 De
1164 115 1428 150 Sam-amentis
1634 116 1726 152 Gan.
1752 116 1821 151 981

199 233 251 277 de
283 233 429 291 quibus
462 233 505 275 in
539 247 629 277 can.
654 235 761 284 979,
784 235 809 286 g
832 235 854 275 1
887 235 1231 276 commentarium
1266 233 1406 277 datum
1442 240 1515 289 est,
1548 240 1719 292 praesto
1751 235 1821 292 sit,

201 304 384 362 quolibet
417 318 465 347 ex
502 306 657 346 motivo
700 305 740 347 id
784 306 1015 360 proveniat,
1049 303 1240 362 suppleri
1278 310 1416 362 potest
1457 304 1534 348 hoc
1577 308 1823 362 requisitum

199 381 305 419 03η.ὃ
337 375 434 427 974,
469 388 505 420 n.
542 374 586 416 70
622 373 744 417 tilulo
777 373 942 416 servitii
974 373 1189 425 dioecesis,
1223 375 1261 418 id
1295 380 1378 419 est:
1411 380 1531 418 antea
1564 375 1673 419 dicto
1702 391 1722 417 «
1744 375 1821 420 Ec-

199 446 348 489 clesiae
371 462 410 501 »‚
435 451 487 497 el,
511 445 552 487 in
588 444 689 488 loeis
724 445 880 489 Sacrae
905 444 1235 503 Conyreyationi
1262 445 1312 488 de
1337 445 1457 504 Prop.
1478 445 1582 489 Fide
1613 446 1821 499 subiectis,

198 530 304 574 quae
338 519 537 560 recensita
562 517 725 558 suerunt
758 518 795 558 in
830 515 1136 559 Commentario
1168 515 1320 559 Textus
1352 517 1402 560 ad
1437 530 1526 560 can.
1551 517 1650 570 ⁶252,
1681 520 1821 575 aequi-

199 587 376 643 pollente
402 587 524 629 titulo
557 586 784 641 missionis,
809 588 878 643 qui
912 586 994 629 duo
1026 586 1183 629 definiti
1216 592 1311 629 sunt
1334 589 1371 630 iu
1398 588 1633 644 praedictae
1656 588 1695 630 S.
1717 586 1821 632 Con-

196 660 450 714 gregationis
483 659 755 700 Instructione
787 669 910 713 supra
944 659 1027 711 cit„
1052 657 1112 699 ita
1147 662 1389 711 ta·men,seu
1421 671 1516 701 cum
1551 658 1626 701 hac
1661 658 1821 714 partiali

198 731 424 772 mutatione
460 740 595 784 praec.
631 730 744 782 iuris,
779 732 823 770 ut
855 727 1079 770 ordinatus
1111 742 1205 771 cum
1240 728 1437 772 alterutro
1473 729 1606 784 titulo,
1639 731 1677 785 a)
1709 729 1818 771 inre-

197 798 380 842 iurando
422 812 588 854 semper
630 798 880 856 interposito
921 798 998 841 sub
1041 800 1294 855 praescripta
1339 800 1522 842 fortassis
1556 799 1747 853 formula,
1778 812 1822 841 se

194 868 393 912 devoveat
426 869 467 926 b)
499 874 701 926 perpetuo
739 868 940 911 dioecesis
973 874 1047 910 <int
1080 867 1294 911 missionis
1327 867 1366 925 c)
1400 868 1587 922 servitio,
1617 882 1665 913 ac
1704 885 1722 910 <‹
1749 883 1820 925 pro

195 955 245 984 eo
269 947 455 997 tempore
478 954 559 998 quo
584 940 849 983 iurisiurandi
883 939 1079 996 obligatio
1114 940 1352 996 perdurat»
1392 940 1517 983 idest:
1552 943 1626 983 nisi
1661 941 1821 997 dispen-

196 1017 352 1066 sentur,
382 1027 401 1052 ‹<
426 1011 608 1054 invalide
641 1011 692 1054 ad
728 1013 972 1053 novitiatum
1007 1011 1325 1054 admittuntur»
1355 1013 1392 1053 in
1418 1010 1600 1068 qualibet
1624 1012 1823 1067 religione

198 1083 306 1139 (can.
345 1083 444 1136 542,
482 1082 557 1139 10),
593 1081 636 1139 d)
675 1080 747 1124 snb
794 1080 1020 1125 Ordinarii
1059 1081 1139 1124 [oei
1180 1084 1481 1138 cuiuscumque
1517 1095 1597 1139 pro
1643 1088 1824 1139 tempore

194 1154 569 1205 auetorilate,1wn
602 1152 734 1195 solum
771 1152 879 1195 illius
911 1165 1051 1196 coram
1086 1166 1167 1210 quo
1202 1155 1479 1195 iuramentum
1513 1153 1639 1195 dedit.
1664 1152 1705 1196 Si
1738 1165 1824 1196 am-

197 1225 324 1282 pliora
359 1224 409 1267 de
443 1224 519 1267 hoc
566 1223 833 1267 iureiurando
876 1223 1179 1275 desiderentur,
1215 1225 1390 1266 inveniri
1434 1228 1589 1280 queunt
1633 1225 1671 1266 in
1704 1222 1821 1267 Com-

198 1299 399 1339 mentario
432 1295 585 1338 Textus
618 1295 668 1337 ad
703 1307 792 1339 can.
829 1295 972 1337 ultimo
1005 1296 1072 1337 cit.
1459 1332 1461 1334 .

314 1366 448 1409 Aliam
486 1370 641 1422 partem
678 1365 930 1408 delinitionis
963 1364 1109 1408 horum
1151 1365 1362 1408 titulorum
1408 1366 1527 1408 datae
1562 1368 1599 1407 in
1636 1364 1822 1422 praelau-

193 1438 290 1481 data
326 1437 610 1490 lnstructione,
645 1439 703 1479 sic
748 1436 987 1479 moderatur
1018 1434 1046 1493 ξ
1079 1436 1117 1480 ⁶2.
1155 1434 1414 1479 Ordinarins
1449 1435 1708 1494 presbytero,
1741 1449 1819 1479 non

193 1509 370 1552 diacono
406 1507 467 1550 vel
503 1507 771 1561 subdiacono,
791 1520 907 1563 quenz
938 1506 1195 1562 promoverit
1221 1506 1285 1550 vel
1309 1506 1504 1549 ordinans
1537 1520 1647 1561 eum,
1674 1506 1735 1549 vel
1769 1507 1819 1550 ad

193 1581 498 1623 ordinationem
535 1577 860 1635 presbyteralem
893 1578 995 1621 dans
1030 1577 1185 1620 litteras
1217 1578 1473 1621 dimissorias
1502 1578 1624 1621 tilulo
1657 1577 1822 1620 servitii

194 1650 395 1693 ecelesiae
436 1649 500 1692 vel
542 1649 768 1696 missionis,
805 1650 869 1691 cui
911 1648 1096 1691 alterutri
1148 1651 1310 1704 praesit.
1351 1647 1466 1691 debet
1508 1649 1549 1706 a)
1582 1647 1819 1705 beneficium

197 1721 478 1764 definiendum
515 1723 552 1762 in
588 1732 677 1763 can.
713 1719 842 1773 1409,
879 1718 919 1775 b)
954 1718 1016 1762 nel
1048 1717 1230 1776 officinm
1265 1721 1387 1762 etiam
1417 1719 1543 1762 «lato
1575 1733 1696 1762 sensu
1722 1735 1740 1760 ³>
1769 1719 1819 1762 ad

196 1804 383 1834 normam
419 1803 509 1835 can.
548 1790 643 1844 145,
677 1803 715 1834 v.
751 1804 812 1846 gr.
848 1793 1089 1833 contentum
1124 1789 1200 1833 sub
1233 1803 1324 1833 can.
1359 1790 1487 1843 1412,
1520 1792 1556 1843 c)
1587 1789 1650 1832 vel
1691 1789 1822 1832 subsi-

194 1861 311 1904 dium
345 1867 414 1905 aut
447 1875 496 1905 ex
533 1863 709 1918 propriis
743 1860 862 1904 bonis
899 1860 1020 1903 officii
1060 1860 1120 1903 vel
1157 1863 1390 1917 patrimonii
1425 1866 1495 1903 aut
1529 1865 1738 1917 receptum
1775 1860 1825 1903 ab

195 1933 299 1989 aliis,
334 1933 403 1976 sed
440 1946 582 1976 eorum
618 1931 831 1989 quodlibet
866 1930 922 1974 ad
965 1945 1193 1988 conyruani
1236 1931 1418 1974 eiusdem
1463 1933 1521 1974 sic
1564 1932 1739 1987 promoti
1773 1930 1823 1973 ad

198 2004 527 2061 presbyteratum
577 2002 805 2062 sufficiens,
857 2003 1029 2059 proinde
1078 2002 1396 2046 «subsidium»
1444 2004 1567 2045 etiam
1611 2001 1823 2058 periodice

195 2075 399 2133 conferre.

315 2145 412 2188 334.
445 2147 593 2191 Tituli
626 2147 848 2191 canonici
882 2147 1224 2202 religiosorum
1259 2147 1549 2202 peculiares.
1581 2169 1635 2176 -
1663 2142 1821 2186 Titulus

195 2217 431 2260 ordinarius
464 2216 715 2272 regularium
750 2229 821 2259 seu
857 2215 1000 2259 titulus
1034 2217 1298 2272 paupertatis,
1324 2215 1432 2258 idem
1466 2215 1566 2258 dicit
1598 2227 1645 2258 ac
1678 2214 1821 2257 titulus

197 2283 556 2329 monasterti‘sive
592 2285 802 2342 religionis
833 2288 924 2329 sive
957 2287 1225 2343 professionis
1268 2285 1500 2341 religiosae,
1532 2297 1579 2328 ac
1612 2289 1673 2327 est
1713 2286 1821 2326 «ius

194 2361 436 2412 competens
471 2355 731 2412 regularibus
753 2357 802 2399 ad
830 2356 906 2399 hoc
931 2362 973 2399 ut
995 2357 1046 2399 de
1070 2355 1187 2399 bonis
1211 2357 1447 2411 monasterii
1479 2357 1820 2398 sustentationem

194 2440 421 2484 congruam
456 2430 695 2483 suscipiant,
731 2432 899 2484 propter
932 2427 1039 2484 quod
1076 2430 1188 2470 iuxta
1221 2440 1274 2469 ss.
1307 2438 1486 2470 canones
1519 2425 1628 2469 licite
1659 2424 1736 2468 hac
1768 2424 1820 2468 de

195 2510 318 2542 causa
354 2503 652 2554 promoventur
684 2498 734 2541 ad
769 2499 935 2541 ordines
967 2511 1150 2541 sacros»
1174 2498 1201 2538 ¹.

313 2603 351 2638 ln
379 2602 496 2639 const.
528 2618 541 2635 «
566 2603 742 2639 Romanus
770 2604 963 2639 Pontifex»
995 2603 1075 2638 Pius
1103 2603 1160 2639 PP.
1194 2603 1215 2637 V
1244 2604 1313 2639 ait:
1343 2606 1399 2647 (ἐξ
1417 2603 1437 2637 Q
1456 2608 1488 2638 et
1507 2601 1541 2645 3)
1574 2601 1697 2637 «Cum
1723 2601 1821 2637 nulla

194 2663 231 2698 in
259 2662 464 2698 Tridentino
493 2661 632 2697 Decreto
658 2662 765 2698 citato
791 2673 895 2708 supra
922 2662 1161 2707 religiosorum
1187 2662 1391 2698 clericorum
1418 2662 1548 2697 mentio
1580 2661 1669 2696 facta
1705 2660 1819 2704 fuerit,

193 2733 233 2757 ac
261 2725 442 2767 propterea
470 2720 677 2756 nonnulli...
708 2720 898 2766 Religionis
926 2725 1161 2767 praetextu‚...
1191 2718 1255 2756 nec
1281 2721 1375 2756 iuxta
1389 2720 1470 2756 dicti
1493 2719 1623 2755 Decreti
1650 2723 1817 2761 tenorem,

313 2862 326 2884 ¹
353 2861 487 2896 Consta.
523 2877 536 2891 «
557 2861 756 2896 Romanus
784 2862 970 2896 Pontifex
990 2878 1003 2892 ³>
1037 2863 1099 2896 Pii
1126 2862 1202 2897 PP.
1230 2863 1274 2897 V.
1306 2863 1349 2896 14
1380 2862 1466 2897 Oct.
1498 2861 1602 2895 1568.
