1971 3261
601 171 687 206 ΤιΤ.
715 171 788 207 ΙΙΙ.
818 190 830 198 -
856 171 913 206 De
938 174 1191 206 sanctissimo
1219 172 1475 207 Eucharistia
1790 172 1852 205 101

221 308 236 328 «
263 291 332 347 qui
370 294 583 345 peccatum
620 302 699 332 non
733 289 830 333 fecit
863 301 938 332 nec
984 290 1179 332 inventus
1213 294 1273 332 est
1306 289 1427 332 dolus
1467 292 1503 332 in
1539 303 1610 333 ore
1644 291 1732 332 eius
1756 305 1775 329 »
1815 294 1854 332 et

213 360 335 404 simul
362 360 374 382 ¹
414 359 603 416 «Agnus
628 359 708 403 Dei
743 361 812 417 qui
849 358 953 402 tollit
988 364 1155 415 peccata
1193 360 1336 403 mundi
1363 375 1382 400 ))
1423 360 1597 416 proinde
1637 362 1853 403 verissime

213 435 395 484 sanctuS,
427 443 473 474 ac
509 444 556 474 eo
591 433 691 487 ipso,
727 430 834 487 quod
871 429 1002 473 hostia
1039 432 1155 487 panis
1188 444 1236 474 ac
1273 433 1356 473 vini
1394 432 1438 473 tit
1461 435 1600 474 sancta
1638 445 1710 487 por
1744 435 1852 474 tran-

212 501 615 556 substantiationem,
661 500 745 544 Deo
787 506 1004 554 sacratur-3
1048 500 1224 556 Missae,
1266 503 1358 545 sive
1392 503 1488 559 quia
1525 506 1566 545 ut.
1601 501 1850 559 quibusdam

214 572 347 629 placet
380 574 417 615 in
456 573 535 615 tine
570 571 678 615 illius
711 571 977 615 dimittuntur
1014 571 1171 627 fideles,
1206 575 1297 616 sive
1333 572 1480 615 melius
1512 577 1551 616 et
1584 575 1722 629 aptius
1755 575 1850 630 quia

211 642 310 686 dum
346 656 423 686 non
461 643 504 685 tit
538 644 731 686 mactatio
777 641 948 700 physica
998 645 1204 698 victimae,
1251 642 1383 686 solum
1419 642 1573 687 oblatio
1608 643 1692 686 Deo
1729 646 1849 686 missa

210 713 462 758 sensibiliter
494 713 626 757 oculis
674 718 811 770 patet,
861 714 1041 771 denique
1091 714 1302 770 sacrificio
1349 716 1677 758 antonomastice
1725 714 1850 767 dicto,

207 787 304 843 quia
339 787 450 828 iuxta
485 783 608 829 Conc.
642 783 754 829 Trid.
780 783 821 829 ²:
865 800 884 826 <t
908 784 1065 841 Siquis
1099 785 1266 837 dixerit,
1305 787 1454 828 missae
1479 786 1735 828 sacrificium
1761 789 1847 828 tan-

209 860 294 899 tum
329 869 418 899 esse
453 855 586 899 laudis
618 860 657 899 et
689 858 919 912 gratiarum
954 857 1143 910 actionis,
1178 860 1248 899 aut
1283 856 1437 898 nudam
1485 858 1846 899 commemoratio-

209 940 302 971 nem
335 928 530 970 sacrilicii
565 929 604 970 in
639 940 764 970 cruce
800 929 971 983 peracti,
1006 940 1084 969 non
1110 931 1247 970 autem
1276 928 1638 983 propitiator-tunm
1678 927 1739 970 vel
1772 927 1846 970 soli

210 997 405 1055 prodesse
428 1000 635 1046 sumenti;
672 1011 807 1055 neque
833 1011 905 1054 pro
933 999 1040 1040 vivis
1063 1001 1103 1041 et
1126 997 1345 1051 defunctis,
1373 1011 1445 1053 pro
1472 1000 1666 1054 peccatis,
1692 1000 1846 1054 poenis,

207 1068 557 1113 satisfactionibus
579 1073 618 1112 et
641 1068 732 1112 aliis
756 1068 1072 1112 necessitatibus
1103 1069 1243 1111 offerri
1268 1068 1453 1124 debere3
1488 1068 1707 1111 anathema
1733 1071 1784 1111 sit
1807 1084 1846 1113 )).

213 1138 363 1183 Verum
398 1144 459 1183 est
492 1153 592 1196 ergo
624 1140 894 1194 sacrificium,
929 1141 1114 1182 omnium
1149 1139 1452 1182 sacrificiorum
1497 1141 1762 1196 antiquorum
1797 1140 1849 1183 es-

207 1211 338 1254 tectus
373 1212 410 1253 in
445 1213 580 1266 seipso
614 1215 771 1253 tantum
806 1212 1023 1253 continens
1060 1211 1212 1253 virtute
1246 1222 1294 1253 ac
1328 1209 1667 1266 supergrediens.

310 1280 564 1335 ‘Tridentina
613 1281 805 1338 Synodus
838 1281 961 1324 docet
985 1280 1028 1323 3:
1070 1282 1210 1337 «quia
1247 1293 1320 1337 per
1356 1286 1530 1323 mortem
1565 1281 1844 1324 sacerdotium

207 1352 296 1396 lesu
330 1351 480 1397 Christi
515 1353 846 1408 extinguendum
880 1365 960 1395 non
995 1355 1113 1406 erat,
1149 1353 1187 1394 in
1223 1364 1352 1395 coena
1389 1353 1630 1404 novissima,
1672 1364 1750 1408 qua
1776 1365 1845 1395 no—

205 1428 269 1468 cte
302 1423 559 1478 tradebatur,
606 1427 648 1466 ut
689 1423 867 1466 dilectae
910 1435 1086 1480 sponsae
1129 1435 1228 1466 suae
1271 1422 1484 1466 Ecclesiae
1530 1422 1706 1473 visibile,
1740 1426 1846 1467 sicut

205 1495 419 1539 hominum
456 1499 603 1538 natura
627 1496 769 1551 exigit,
796 1494 1050 1552 relinqueret
1072 1493 1345 1550 sacrificium,
1379 1507 1460 1551 quo
1484 1500 1703 1538 cruentum
1729 1494 1843 1550 illud,

204 1566 332 1610 semel
384 1568 421 1609 in
473 1578 599 1609 cruce
648 1565 949 1622 peragendum,
998 1570 1410 1622 repraesentaretur:
1457 1570 1539 1610 ...et
1582 1566 1730 1610 infra...
1765 1578 1844 1609 una

204 1639 314 1681 enim
348 1637 581 1694 eademque
615 1641 676 1680 est
711 1636 869 1690 hostia,
907 1637 1015 1680 idem
1061 1642 1172 1679 iiimc
1211 1636 1390 1695 offerens
1421 1635 1684 1680 sacerdotum
1720 1636 1842 1679 ‘mini-

203 1708 348 1762 sterio,
384 1710 452 1765 qui
487 1721 531 1751 se
563 1710 696 1765 ipsum
744 1712 841 1751 tunc
886 1710 923 1750 in
959 1721 1083 1751 cruce
1122 1707 1283 1762 obtulit,
1317 1707 1409 1751 sola
1441 1707 1646 1766 offerendi
1679 1708 1846 1751 ratione

205 1778 434 1822 diversa».
468 1777 574 1822 Hinc
618 1780 772 1835 optime
816 1783 940 1835 caput
983 1777 1246 1822 distribuitur
1282 1781 1319 1822 in
1354 1779 1459 1822 duos
1505 1781 1660 1835 primos
1693 1781 1844 1822 articu-

204 1850 287 1894 los:
327 1866 347 1891 <(
371 1849 400 1893 1.
435 1850 485 1893 de
518 1850 735 1893 sacerdote
769 1849 916 1893 Missae
949 1851 1201 1894 sacrificium
1247 1849 1548 1903 celebrante»,
1583 1855 1620 1892 et
1660 1866 1681 1891 α
1705 1849 1749 1892 ll.
1788 1849 1843 1892 De

202 1921 350 1965 Missae
395 1920 543 1964 ritibus
571 1925 611 1964 et
643 1923 983 1975 caeremoniis»,
1027 1922 1178 1978 quibus
1218 1921 1382 1964 accedit
1426 1921 1477 1964 de
1520 1923 1844 1964 circumstantiis

202 1995 448 2037 extrinsecis
481 1992 600 2044 alius,
635 2005 814 2049 nempe:
854 2009 876 2033 ((
900 1992 986 2036 Art.
1024 1992 1087 2035 ΙΙΙ.
1125 1992 1181 2035 De
1208 1997 1395 2048 tempore
1419 1997 1459 2035 et
1484 1992 1571 2035 loco
1606 1992 1753 2035 Missae
1777 2005 1842 2036 ce-

203 2063 427 2108 lebrandae
449 2079 488 2104 ».
524 2063 603 2107 Sed
638 2077 733 2107 cum
773 2079 795 2105 «
818 2067 907 2107 eius
941 2067 1159 2107 occasione
1195 2077 1244 2107 ex
1288 2065 1393 2106 iusto
1428 2063 1544 2106 titulo
1578 2076 1598 2106 a
1624 2066 1753 2107 sacris
1776 2076 1839 2106 ca-

202 2134 380 2178 nonibus
416 2133 477 2177 vel
513 2147 534 2177 a
569 2133 752 2190 legitima
797 2134 1098 2178 consuetudine
1146 2136 1362 2190 recognito
1407 2133 1515 2188 (can.
1550 2134 1652 2189 7303·
1686 2138 1840 2190 tempo-

202 2205 288 2249 rale
321 2205 506 2259 detur»,
554 2204 849 2260 complendum
896 2207 971 2248 fuit
1014 2204 1146 2261 Caput
1185 2204 1194 2247 l
1229 2205 1280 2248 de
1325 2206 1473 2248 Missae
1521 2206 1727 2248 sacrificio
1770 2218 1841 2260 per

205 2276 337 2319 «Art.
374 2275 436 2318 lV.
482 2275 540 2319 De
584 2275 799 2320 Missarum
848 2276 1128 2333 eleemosynis
1176 2289 1246 2319 seu
1298 2276 1577 2332 stipendiis»,
1623 2280 1665 2319 ut
1703 2276 1838 2333 quoad

201 2346 303 2391 haec
335 2349 413 2390 rite
446 2346 755 2403 adimpleantur
788 2346 1078 2403 obligationes.

322 2418 418 2461 1002.
454 2420 530 2464 lus
574 2420 881 2475 praecedens
925 2422 1153 2475 respectu
1189 2420 1404 2475 vigentis
1443 2419 1752 2474 disciplinae.
1784 2443 1841 2448 —

201 2488 309 2532 lnter
341 2501 481 2532 sacras
515 2488 629 2545 leges
661 2491 773 2533 circa
807 2491 973 2532 missam
1010 2491 1216 2545 (sepositis
1249 2501 1356 2546 quae
1380 2491 1553 2533 crimina
1579 2493 1773 2531 coercent
1798 2494 1835 2530 in

198 2561 287 2603 eius
320 2558 602 2604 celebratione
628 2559 822 2616 patrata),
846 2560 1016 2617 quidam
1042 2573 1093 2602 ss.
1117 2573 1177 2602 cc.
1215 2559 1425 2615 liturgiam
1457 2559 1726 2602 moderantur
1751 2563 1837 2601 tum

199 2631 237 2673 in
274 2629 336 2674 bis
369 2642 477 2688 quae
511 2633 718 2687 pertinent
741 2631 791 2674 ad
817 2636 1063 2687 apparatum
1100 2630 1223 2674 huius
1241 2629 1546 2685 celebrationis,
1575 2635 1658 2673 tum
1683 2632 1719 2672 in
1746 2629 1836 2672 aliis

198 2713 304 2757 quae
340 2703 377 2743 in
412 2700 692 2744 celebratione
726 2701 848 2745 buius
883 2703 1070 2758 mysterii
1116 2701 1325 2750 dicuntur,
1364 2700 1426 2743 vel
1461 2703 1571 2744 circa
1607 2703 1736 2756 ipsam
1772 2713 1838 2743 ce-

198 2769 470 2814 lebrationem
506 2772 636 2825 tiunt3
671 2772 739 2815 alii
774 2786 826 2815 ss.
852 2786 911 2816 cc.
952 2772 1233 2816 determinant
1257 2771 1406 2825 locum,
1439 2776 1615 2827 tempus,
1649 2770 1834 2827 aliasque

317 2925 327 2946 ¹
355 2924 464 2958 Ioan.
486 2925 517 2966 I,
537 2925 594 2958 29.
615 2945 657 2950 —
684 2925 698 2946 ²
725 2924 826 2959 Sess.
848 2924 967 2959 XXII
994 2935 1079 2958 can.
1103 2924 1173 2958 ΙΙΙ.
1195 2944 1239 2949 —
1265 2924 1278 2946 3
1309 2923 1410 2958 Sess.
1440 2923 1573 2967 XXII,
1594 2935 1673 2968 cap.
1702 2924 1720 2956 1
1743 2927 1783 2956 et
1802 2923 1836 2956 2.
