1971 3261
188 174 233 208 78
596 172 681 205 LIB.
713 171 783 205 ΠΙ.
814 191 824 196 -
854 171 963 204 PARS
989 170 1018 204 I.
1048 190 1061 195 -
1088 170 1144 204 De
1170 170 1434 205 Sacramentis

1623 170 1716 205 Can.
1746 169 1814 204 782

188 302 347 337 expressa
375 290 502 336 proprii
530 300 647 325 eorum
678 287 856 324 Ordinarii
894 298 965 332 pro-

188 339 323 373 bibitio.

236 389 255 427 ξ
281 384 314 419 ⁶2.
345 384 381 418 ln
408 384 523 419 aliena
555 382 680 418 diocesi
713 382 845 426 indiget
864 381 966 417 licen-

188 433 233 467 tia
262 430 439 467 Ordinarii
468 431 529 465 loci
559 430 679 465 saltem
713 428 967 464 rationabiliter

190 483 423 524 praesumpta,
463 478 529 512 nisi
569 482 692 521 agatur
733 477 774 511 de
817 475 965 521 propriis

188 526 335 561 subditis
361 524 487 570 quibus
521 523 822 559 confirmationem
850 522 964 557 confe-

188 579 240 607 rat
268 572 427 617 privatim
463 582 502 605 ac
536 572 612 605 sine
643 570 765 605 baculo
791 574 824 604 et
851 569 965 605 mitra.

235 619 319 654 Cis.
349 617 429 653 784.
451 638 471 644 -
504 617 706 663 Presbytero
724 627 861 662 quoque
877 616 964 656 licet,

189 667 214 700 si
242 666 429 712 apostolico
456 665 553 700 locali
577 663 754 709 privilegio
780 664 824 698 sit
851 663 966 698 muni—

189 719 255 755 tuS‚
283 714 317 747 in
345 713 524 757 designato
551 711 614 746 sibi
643 711 815 746 territorio
841 710 966 745 confir-

190 771 283 795 mare
308 760 411 795 etiam
439 764 630 799 extraneos,
662 757 729 792 nisi
758 758 791 792 id
812 759 965 803 ipsorum

190 806 365 842 Ordinarii
393 817 552 852 expresse
579 805 763 840 vetuerint.

259 853 342 889 CAN.
374 852 451 890 785.
481 874 496 878 -
525 857 544 895 g
572 852 602 887 l.
622 851 810 897 Episcopus
835 850 966 896 obliga-

190 901 284 936 tione
308 905 447 936 tenetur
462 904 722 935 sacramentum
758 899 822 933 hoc
852 897 969 933 subdi-

190 948 234 982 tis
260 949 324 983 rite
350 952 380 983 et
408 946 662 983 rationabiliter
678 945 877 992 petentibus
891 955 970 980 con-

1038 286 1182 324 ferendi,
1214 287 1416 332 praesertim
1434 291 1587 333 tempore
1607 287 1814 322 visitationis

1037 333 1214 368 dioecesis.

1084 384 1103 422 ξ
1130 379 1161 414 2.
1190 379 1316 415 Eadem
1341 380 1552 425 obligatione
1571 385 1707 416 tenetur
1726 391 1813 426 pres-

1039 427 1150 473 byter,
1197 427 1375 472 privilegio
1416 427 1604 473 apostolico
1652 428 1814 468 donatus,

1037 484 1118 518 erga
1144 474 1220 509 illos
1247 485 1393 519 quorum
1422 475 1457 509 in
1488 475 1636 510 favorem
1664 480 1713 509 est
1733 485 1813 509 con-

1036 532 1132 556 ccssa
1160 521 1317 556 facultas.
1576 534 1579 537 ·

1087 568 1148 610 33.
1159 567 1379 608 Ordinarius,
1390 568 1545 612 legitima
1558 579 1662 603 causa
1674 567 1815 613 impedi-

1039 621 1092 650 tus
1105 620 1165 650 aut
1183 619 1347 660 potestate
1361 615 1592 650 confirmandi
1609 626 1744 657 carenS‚
1761 615 1814 650 de-

1039 663 1106 702 betff
1121 662 1233 707 quoad
1250 662 1321 698 fieri
1339 663 1457 708 possit,
1471 663 1592 697 saltem
1605 662 1698 697 intra
1711 662 1816 708 quod—

1038 709 1413 755 libetquinquennium
1425 708 1817 755 providereutsuissub-

1036 757 1117 792 ditis
1145 758 1206 791 boc
1231 761 1490 791 sacramentum
1515 755 1793 791 administretur.

1086 806 1104 849 Β·
1130 801 1161 838 4.
1189 801 1224 838 Si
1245 803 1396 848 graviter
1416 802 1603 847 neglexerit
1622 813 1816 838 sacramen-

1038 855 1113 885 tum
1140 849 1417 885 confirmationis
1444 850 1516 885 suis
1534 849 1684 884 subditis
1704 861 1763 896 per
1780 860 1816 885 se

1040 898 1090 933 vel
1108 908 1166 943 per
1183 896 1291 932 alium
1313 897 1524 933 ministrare.
1546 902 1701 932 servetur
1719 907 1815 942 prae-

1039 945 1206 990 scriptum
1235 955 1312 979 can.
1343 943 1422 984 *274³
1455 955 1490 978 n.
1520 942 1552 978 4.

308 1067 375 1109 75.
412 1067 669 1122 Inscriptio
719 1066 896 1121 capitis
944 1067 993 1110 et
1040 1066 1163 1110 ordo
1196 1077 1452 1110 canonum.
1488 1088 1540 1093 —
1576 1061 1817 1106 lusci-ibitur

194 1137 340 1195 Caput.
377 1136 405 1179 I.
446 1135 502 1179 De
532 1135 729 1178 ministro
763 1134 1097 1191 confirmationis
1133 1133 1268 1178 valide
1300 1133 1588 1187 conferendae,
1621 1145 1715 1176 nam
1751 1132 1816 1176 illa

193 1208 382 1264 baptismi
418 1209 640 1250 necessitas
673 1205 723 1249 ad
758 1205 931 1248 salutem
967 1205 1084 1248 deest
1127 1207 1164 1247 in
1198 1205 1528 1255 confirmatione,
1566 1208 1690 1261 atque
1724 1203 1817 1246 ideo

192 1278 313 1321 liuius
346 1277 509 1321 collatio
544 1279 632 1320 iure
666 1277 809 1319 divino
843 1281 903 1319 est
938 1280 1147 1319 reservata
1184 1274 1276 1329 illis,
1310 1277 1378 1332 qui
1413 1278 1708 1330 computantur
1740 1273 1816 1317 sub

191 1348 373 1405 Apostoli
407 1348 538 1391 dicto:
580 1347 690 1390 «Sic
723 1359 797 1389 nos
844 1347 1052 1389 existimet
1100 1345 1237 1399 homo,
1270 1349 1313 1388 ut
1346 1346 1555 1387 ministros
1596 1342 1744 1388 Christi
1779 1348 1820 1387 et

192 1420 496 1475 dispensatores
545 1419 838 1474 mysteriorum
883 1415 1001 1459 Dei»
1031 1416 1059 1470 ¹,
1093 1421 1216 1473 atque
1257 1415 1334 1459 sub
1375 1418 1508 1472 capite
1555 1418 1820 1458 continentur

189 1492 310 1533 etiam
346 1501 515 1531 normae
546 1487 777 1531 servandae
811 1500 859 1530 ex
896 1489 997 1538 iure,
1033 1492 1075 1529 ut
1107 1489 1199 1544 quis
1234 1486 1342 1530 licite
1377 1490 1576 1542 potestate
1609 1497 1682 1529 sua
1706 1487 1816 1528 circa

193 1559 269 1603 hoc
302 1562 607 1602 sacramentum
645 1562 798 1602 utatur.
832 1556 891 1600 De
927 1556 994 1599 illo
1028 1570 1128 1613 ergo
1163 1558 1348 1600 ministro
1381 1555 1458 1600 sub
1491 1556 1754 1599 distinctione
1772 1567 1821 1598 ac

191 1631 459 1686 consequenti
485 1629 838 1684 limitationeragit
861 1640 951 1671 can.
972 1627 1071 1682 78⁶2,
1091 1641 1163 1684 pro
1181 1631 1330 1670 statuta
1355 1628 1530 1670 ministri
1556 1627 1820 1670 distinctione

192 1706 294 1743 can⁸.
330 1700 428 1753 783,
461 1699 543 1742 784
580 1699 678 1742 dant
713 1710 881 1741 normas
914 1702 999 1741 tum
1035 1700 1144 1741 circa
1179 1709 1389 1754 personas,
1412 1709 1515 1754 quas
1548 1696 1602 1739 illi
1643 1698 1819 1739 ministri

192 1771 452 1823 confirment,
488 1775 572 1813 tum
607 1769 658 1812 de
692 1770 899 1812 territorio
935 1770 973 1811 in
1008 1781 1090 1826 quo
1134 1771 1301 1811 utantur
1341 1771 1540 1824 potestate
1578 1766 1817 1810 conferendi

191 1845 515 1892 sacramentum,
547 1852 594 1883 ac
629 1839 798 1882 ultimus
817 1851 906 1881 can.
930 1838 1014 1881 785
1033 1837 1326 1894 obligationem
1346 1836 1651 1881 circumscribit
1671 1836 1817 1879 horum

195 1914 490 1955 ministrorum.

311 1982 378 2024 76.
415 1983 641 2027 Minister
690 1983 888 2027 validae
936 1982 1343 2027 confirmationis.
1380 2004 1403 2012 -
1443 1979 1542 2023 Can.
1586 1982 1692 2024 782.
1722 1982 1747 2034 ξ
1781 1980 1818 2022 1.

198 2050 470 2104 (lrclimtrt‘ns,
504 2050 683 2094 scilicet:
719 2054 783 2094 cui
818 2064 867 2094 ex
903 2051 1047 2094 ordine
1082 2055 1248 2107 recepto
1281 2050 1441 2094 adnexa
1476 2052 1644 2093 estiure
1676 2050 1820 2093 divino

195 2126 386 2178 potestas,
407 2127 448 2164 ut
466 2123 517 2164 sit
537 2121 786 2177 regulariter
805 2121 1138 2178 confirmationis
1156 2121 1350 2163 ntt'nister
1367 2126 1429 2163 est
1446 2120 1560 2164 solus
1573 2119 1819 2178 Episcopus²

196 2195 307 2235 iuxta
342 2192 623 2235 definitionem
674 2192 953 2248 dogmaticam
1001 2190 1124 2235 Conc.
1169 2190 1342 2234 T1·i‹t.²:
1398 2192 1481 2235 «Si
1515 2193 1607 2248 quis
1654 2191 1820 2244 dixerit,

194 2267 361 2306 sanctae
394 2263 721 2305 confirmationis
755 2263 1010 2306 ordinarium
1049 2263 1280 2305 ministrum
1329 2274 1408 2304 non
1444 2274 1532 2304 esse
1565 2261 1698 2305 solum
1734 2263 1817 2317 epi-

195 2347 381 2389 scopum,
413 2333 482 2376 sed
517 2335 711 2388 quemvis
744 2333 976 2390 simplicem
1010 2332 1283 2385 sacerdotem,
1317 2331 1536 2375 anathema
1569 2330 1821 2375 sit».Cuius

199 2406 379 2447 veritatis
410 2403 737 2459 supernaturalis
785 2403 1064 2460 theologicum
1099 2407 1390 2458 argumentum
1436 2401 1553 2445 nobis
1584 2394 1821 2458 suppeditat

198 2473 458 2530 Angelicus3
494 2473 555 2516 liis
591 2472 749 2516 verbis:
790 2476 872 2516 «in
923 2471 1108 2530 quolibet
1155 2485 1279 2528 opere
1328 2472 1470 2515 ultima
1518 2474 1820 2515 consummatio

197 2555 416 2600 supremae
450 2545 525 2586 arti
560 2548 630 2586 aut
681 2546 819 2586 virtuti
874 2547 1125 2596 reservatur,
1171 2544 1277 2586 sicut
1320 2544 1578 2598 praeparatio
1623 2544 1820 2585 materiae

199 2616 374 2670 pertinet
398 2614 446 2656 ad
474 2614 687 2657 inferiores
710 2615 904 2668 artifices,
927 2615 1117 2669 superior
1139 2618 1275 2656 autem
1301 2613 1370 2655 dat
1387 2613 1575 2655 formam.
1595 2614 1821 2668 supremus

197 2690 334 2727 autem
369 2689 428 2726 est
461 2684 510 2727 ad
545 2697 667 2741 quem
706 2686 880 2740 pertinet
914 2697 1025 2740 usus,
1059 2685 1127 2740 qui
1152 2688 1211 2726 est
1234 2683 1326 2725 finis
1349 2684 1686 2734 artiliciatorum;
1713 2682 1821 2725 unde

199 2754 383 2810 epistola,
416 2767 522 2811 quae
554 2766 575 2797 a
611 2756 770 2797 notario
819 2753 1028 2808 scribitur,
1063 2766 1084 2797 a
1122 2753 1290 2796 domino
1337 2755 1537 2809 signatur.
1574 2778 1626 2783 -
1663 2752 1821 2796 Fideles

319 2859 365 2892 ¹1
391 2859 437 2892 ad
465 2859 645 2893 Corinth.
676 2871 758 2903 cap.
788 2859 854 2902 IV,
884 2871 921 2893 v.
952 2860 984 2893 1.
1023 2878 1055 2883 —
1083 2859 1096 2880 2
1123 2858 1223 2892 Sess.
1264 2857 1351 2901 VII,
1393 2870 1477 2892 can.
1518 2858 1578 2892 III
1612 2858 1657 2892 de
1684 2857 1820 2892 confir-

201 2906 384 2939 matione.
416 2926 457 2930 —-
484 2908 497 2927 3
523 2907 564 2939 3³
591 2906 633 2939 P.
664 2918 698 2950 q.
728 2906 896 2948 LXXII,
924 2910 998 2940 art.
1028 2907 1070 2939 11
1098 2917 1128 2940 c,
