1971 3261
173 127 269 163 Gan.
299 125 390 161 1131
689 122 772 157 ΤῙΤ.
799 122 887 157 VII.
913 142 925 147 -
952 122 1010 157 De
1035 122 1294 156 Matrimonia
1735 121 1803 156 691

174 245 312 291 Conc.i
345 243 456 288 Trid.
490 243 772 286 definitionem
811 243 852 286 ¹:
902 244 984 286 «Si
1030 245 1122 299 quis
1162 242 1329 294 dixerit,
1375 246 1542 298 propter
1584 240 1807 295 haeresim,

175 322 245 361 aut
276 315 490 360 molestam
526 313 890 364 cohabitationem,
924 318 995 357 aut
1027 314 1259 357 affectatam
1295 312 1523 356 absentiam
1559 324 1579 355 a
1614 315 1804 369 coniuge,

175 387 344 432 dissolvi
390 399 508 442 posse
553 387 804 428 matrimonii
853 385 1079 432 vinculum,
1114 383 1332 427 anathema
1367 386 1416 427 sit
1441 399 1480 427 u.
1516 409 1568 414 —
1606 383 1677 427 His
1709 397 1804 427 con—

174 458 318 504 cordat
341 456 538 513 illamque
563 457 722 511 praxim
749 456 1007 499 demonstrat
1041 457 1344 512 confirmatque
1376 469 1464 498 caiz.
1493 456 1612 498 1131.
1646 454 1674 511 ξ
1700 456 1734 498 1.
1762 455 1807 499 Si

175 528 286 572 aller
317 527 485 581 conium,
522 528 694 569 maritus
731 526 793 569 vel
831 540 946 581 uxor,
992 528 1034 583 a)
1066 531 1203 569 seclae
1246 525 1522 580 acatholicae,
1565 528 1624 570 sic
1672 526 1807 570 dictae

176 600 340 656 proprie
387 597 439 641 ob
490 597 712 654 professam
764 597 966 640 baeresim
1004 597 1068 639 vel
1112 596 1305 647 schisma,
1342 610 1487 639 nomen
1531 596 1696 640 dederi!
1736 610 1807 653 per

175 672 303 726 ipsius
350 671 660 725 inscriptionem
710 671 816 711 inter
864 668 1140 712 adhaerentes
1190 668 1264 717 illi,
1304 670 1442 724 «quia
1495 667 1728 719 intidelitas,
1765 673 1807 711 ut

173 743 327 798 optime
377 742 647 784 ratiocinatur
694 739 739 782 D.
775 739 846 782 Tli.
883 738 911 790 2,
946 752 1052 796 quae
1101 740 1254 782 dicitur
1301 738 1528 795 spiritualis
1577 740 1805 788 fornicatio,

173 815 297 857 etiam
332 817 394 855 est
425 816 567 854 contra
604 810 754 855 bonum
793 813 1059 863 matrimonii,
1095 811 1203 868 quod
1241 815 1299 853 est
1335 810 1472 865 proles
1504 810 1719 854 educanda
1754 811 1804 853 ad

173 884 330 928 cultum
365 882 454 937 Dei,
488 882 703 940 (ideoque)
736 884 858 925 etiam
906 883 991 938 ipsa
1038 882 1264 924 divortium
1311 882 1407 924 facit
1443 880 1594 935 (idestt
1637 893 1805 924 causam

173 956 244 999 dat
265 953 574 1010 sufficientem),
596 954 667 997 sed
704 958 839 996 tamen
874 952 993 996 aliter
1025 966 1148 1010 quam
1184 951 1411 1008 corporalis
1435 953 1680 1006 fornicati03
1714 954 1809 1009 quia

176 1031 345 1083 propter
379 1038 503 1068 unum
537 1029 674 1068 actum
711 1024 994 1067 fornicationis
1026 1022 1207 1066 carnalis
1243 1027 1373 1078 potest
1398 1022 1564 1078 procedi
1599 1023 1648 1065 ad
1673 1023 1810 1065 divor-

174 1100 291 1152 tium,
327 1108 405 1139 non
430 1100 567 1139 autem
594 1100 761 1151 propter
785 1107 912 1137 unum
949 1099 1086 1137 actum
1124 1093 1393 1145 infidelitatis,
1414 1094 1484 1136 sed
1513 1099 1681 1149 propter
1713 1106 1809 1137 con-

174 1167 454 1219 suetudinem,
477 1178 584 1222 quae
608 1167 878 1221 pertinaciam
907 1165 1100 1217 ostendit,
1126 1166 1163 1206 in
1188 1176 1267 1220 qua
1295 1163 1515 1206 infidelitas
1540 1164 1753 1220 pei-licitur
1770 1179 1809 1206 2).

174 1238 264 1294 lpsa
298 1240 453 1294 optime
487 1239 524 1279 in
559 1248 717 1280 canone
760 1236 1076 1289 determinatur,
1111 1235 1407 1292 praedictaque
1453 1237 1610 1277 ratione
1644 1234 1811 1278 fulcitur

173 1322 304 1353 canon
339 1311 398 1352 sic
432 1320 715 1365 prosequens:
751 1306 792 1364 b)
827 1306 865 1349 si
909 1306 1072 1364 prolem
1120 1304 1357 1349 cicatltoliee
1388 1305 1630 1348 educaverit
1663 1319 1808 1349 secun-

174 1380 272 1423 dum
297 1381 612 1422 instructionem
636 1390 684 1421 ac
710 1391 845 1421 mores
867 1377 1194 1421 acatholicorum
1216 1392 1225 1431 3
1259 1378 1299 1433 c)
1323 1376 1361 1418 si
1383 1376 1513 1418 vitam
1537 1377 1809 1420 criminosam

175 1456 343 1508 propter
377 1454 642 1506 peccatorum
679 1450 971 1506 frequentiam,
1005 1450 1174 1504 insuper
1216 1452 1255 1490 ct
1298 1447 1623 1505 iqnomim'osam
1668 1447 1807 1504 clueat,

174 1535 225 1565 ne
258 1522 362 1565 alter
397 1521 589 1564 videatur
636 1520 772 1563 eidem
815 1522 1056 1575 connivere,
1098 1521 1242 1576 sicque
1285 1521 1393 1561 vitae
1441 1519 1551 1562 illius
1600 1519 1810 1562 moraliter

175 1596 383 1650 particeps
416 1594 533 1645 tieri3
578 1591 623 1648 d)
655 1591 693 1634 si
727 1604 806 1634 non
841 1591 1163 1648 qualecumque,
1196 1589 1266 1633 sed
1308 1603 1440 1647 qrave
1483 1592 1521 1633 in
1556 1603 1599 1634 se
1643 1595 1811 1647 propter

175 1665 373 1708 damnum
407 1678 480 1707 seu
512 1663 683 1706 animae
719 1676 755 1707 v.
791 1676 851 1718 gr.
888 1662 1086 1718 peccandi
1133 1661 1376 1713 mortaliter,
1410 1662 1626 1705 amittendi
1671 1662 1811 1716 fidem,

174 1749 247 1778 seu
295 1735 502 1792 corporis,
536 1748 575 1777 v.
611 1748 672 1790 gr.
707 1734 925 1776 amittendi
976 1733 1225 1787 libertatem,
1263 1745 1410 1788 magna
1457 1734 1646 1776 fortunae
1691 1733 1811 1788 bona,

176 1807 415 1850 incurrendi
450 1818 625 1863 gravem
665 1806 962 1856 infirmitatem,
994 1803 1233 1862 perieulum
1270 1817 1366 1847 vere
1391 1804 1608 1847 fundatum
1643 1817 1690 1848 ac
1725 1818 1814 1861 pro-

176 1878 313 1923 babile
346 1877 475 1920 alteri
506 1878 671 1932 coniugi
706 1875 904 1933 facessat,
943 1878 1016 1919 etsi
1052 1875 1130 1918 boc
1163 1874 1215 1918 ab
1248 1877 1339 1918 eius
1376 1875 1587 1918 voluntate
1622 1876 1816 1933 indepen-

176 1951 278 1994 dens
312 1951 462 2002 t'uerit3
496 1948 537 2006 e)
560 1948 598 1990 si
620 1947 825 1998 saevitiis,
858 1959 964 2005 quae
1001 1947 1327 1990 moderationem
1366 1949 1403 1989 in
1438 1947 1649 1990 afflictivis
1674 1950 1815 2003 poenis

175 2024 298 2065 etiam
335 2022 452 2064 iustis
483 2019 681 2073 excludit,
730 2018 860 2061 vitam
903 2031 1158 2061 communem
1203 2020 1310 2060 inter
1343 2020 1543 2074 coniuges
1576 2018 1810 2062 ducendam

176 2106 255 2136 non
290 2091 652 2150 qualitercumque
684 2094 755 2133 aut
789 2102 950 2146 parum,
983 2089 1053 2132 sed
1100 2088 1225 2132 nimis
1265 2087 1477 2146 difficilem
1520 2088 1678 2143 reddit,
1712 2088 1814 2132 haee

176 2166 285 2207 enim
325 2162 386 2206 vel
422 2163 490 2205 tini
526 2163 724 2218 primario
760 2160 822 2203 vel
857 2165 970 2203 certe
1006 2164 1148 2202 mutuo
1181 2160 1402 2209 adiutorio,
1436 2160 1684 2204 secundario
1726 2173 1809 2203 ma-

176 2236 358 2278 trimonii
393 2235 461 2276 lini
498 2232 709 2275 moraliter
742 2231 1034 2284 adversantur,
1068 2230 1107 2287 s)
1141 2229 1313 2288 aliaque
1354 2230 1398 2274 id
1438 2245 1570 2288 yemis
1613 2231 1809 2275 determi-

177 2309 359 2349 nandum
394 2318 442 2348 ex
481 2305 730 2347 matrimonii
781 2301 932 2346 tinibus
979 2301 1209 2345 secundum
1245 2301 1550 2345 declarationes
1582 2315 1705 2359 supra
1741 2316 1810 2359 po-

176 2379 288 2432 sitas,
324 2390 361 2420 v.
396 2389 458 2432 gr.
492 2375 679 2418 affectata
728 2373 924 2417 diuturna
973 2372 1158 2416 absentia
1192 2375 1394 2429 coniugis,
1427 2385 1534 2430 quae
1577 2373 1810 2417 remedium

177 2449 539 2503 concupiscentiae
573 2445 751 2499 fraudat,
785 2449 882 2487 sunt
923 2457 1002 2501 pro
1044 2443 1181 2487 altero
1224 2443 1399 2501 coniuqe
1442 2445 1625 2501 praefata
1659 2444 1810 2488 (lamna

176 2520 405 2583 sustinente
441 2517 504 2561 vel
538 2517 590 2560 ab
625 2516 704 2559 illis
736 2517 872 2559 causis
904 2515 1055 2569 alieno,
1089 2513 1260 2558 totidem
1295 2514 1511 2572 legitimae
1545 2515 1676 2558 idest:
1722 2518 1811 2559 iure

176 2590 376 2633 canonico
412 2587 667 2644 approbatae
715 2585 904 2642 singulae
953 2599 1108 2628 causae
1153 2584 1410 2637 discedendi,
1461 2585 1506 2643 α)
1539 2599 1706 2642 semper
1737 2599 1809 2629 seu

177 2658 365 2703 absolute
397 2657 656 2702 auctoritate
691 2655 919 2700 Ordinarii
951 2655 1034 2699 loci
1065 2659 1355 2712 cognoscentis
1388 2670 1571 2709 causam,
1594 2660 1636 2700 et
1667 2656 1808 2700 decer-

178 2731 311 2773 nentis
353 2728 497 2772 saltem
540 2727 914 2772 extraiudicialiter
956 2728 1276 2783 separationem,
1324 2726 1367 2784 β)
1401 2727 1600 2770 cleliam
1630 2726 1810 2785 propria

243 2884 261 2917 1
282 2835 294 2856 ¹
313 2833 421 2915 dSegs.
440 2833 575 2868 XXIV
600 2832 647 2867 de
665 2835 911 2867 sacramento
929 2831 1173 2866 matrimonii
1201 2843 1285 2866 ean.
1315 2833 1350 2867 5.
1372 2852 1416 2858 —
1434 2833 1448 2855 2
1474 2832 1611 2877 Suppl.
1641 2844 1676 2877 q.
1697 2831 1810 2866 LXII

177 2896 211 2919 a.
288 2893 311 2916 a
386 2888 426 2916 ¹¹³.
