1971 3261
216 178 284 213 7⁶28
930 180 1137 205 APPENDIX

213 297 252 339 ill
288 307 482 351 expresse
532 293 654 335 fuerit
700 293 789 334 iure
841 289 902 333 vel
953 289 1112 332 indulto
1155 301 1462 332 concessum».
1496 287 1740 333 Huiusmodi
1781 295 1842 334 est

213 380 311 422 ergo
344 365 392 408 ad
431 364 684 407 validitatem
721 365 838 404 actus
870 361 1231 404 consecrationum
1264 359 1439 403 facultas
1472 359 1529 417 (n.
1565 359 1661 417 31);
1701 375 1721 401 <‹
1745 374 1842 404 con-

212 436 366 479 ferendi
402 436 471 477 uni
505 433 680 477 alterive
714 432 895 489 (duobus
927 430 977 474 ad
1012 443 1222 473 summum
1255 433 1379 473 etiam
1414 429 1556 486 simul)
1579 444 1629 474 ex
1662 433 1747 475 suis
1770 430 1841 489 (ob

211 503 558 561 iurisdictionem)
592 501 880 546 sacerdotibus
914 500 981 559 (ad
1030 500 1308 558 validitatem)
1344 500 1580 545 facultatem
1621 501 1746 560 (quae
1788 502 1838 546 ad

211 577 349 633 plures
382 581 498 619 actus
530 571 766 629 ordinatur)
790 570 1066 615 consecrandi
1089 570 1294 630 (proprie)
1321 574 1434 616 iuxta
1467 573 1643 616 formam
1679 575 1717 616 in
1745 573 1841 616 Pon-

209 647 347 690 tificali
382 646 568 690 Romano
603 645 694 702 (pro
726 643 889 687 actibus
921 641 1246 700 episcopalibus)
1281 645 1580 699 praescriptam
1611 643 1668 699 (in
1701 646 1840 700 specie

208 718 258 761 ad
292 717 476 773 singulas
509 717 857 767 consecrationes,
891 726 998 771 quae
1037 712 1291 756 «invalidae
1324 709 1498 767 suntjsi
1530 713 1714 758 adhibita
1759 728 1837 758 non

208 790 330 832 fuerit
373 786 549 830 formula
592 785 643 829 ab
689 784 873 828 Ecclesia
919 786 1221 840 praescripta»
1260 796 1352 827 can.
1389 784 1517 838 1148,
1547 787 1572 839 g
1605 783 1662 842 2),
1695 784 1738 842 a)
1771 799 1838 828 ca·

208 858 320 909 lices,
357 858 399 914 b)
428 862 609 915 patenas
642 855 683 913 c)
715 860 754 898 et
787 854 990 898 altarium
1023 853 1189 911 lapides
1225 854 1282 912 (itl
1318 859 1401 898 est:
1445 854 1590 898 altaria
1633 855 1839 912 portatilia

206 943 276 973 seu
314 933 449 985 petras
480 926 652 984 sacras),
672 925 869 970 adhibitis
902 930 1038 968 tamen
1060 925 1153 983 (pro
1190 922 1421 983 validitate)
1439 925 1541 969 oleis
1562 925 1614 970 ab
1637 926 1840 983 Episcopo

205 999 409 1044 catholico
444 999 598 1057 (quoad
644 995 889 1054 liceilatem)
925 995 1156 1040 benedictis
1178 1011 1219 1050 2),
1253 995 1304 1040 de
1336 1009 1417 1054 qua
1458 995 1748 1040 benedictione
1781 996 1838 1041 lo-

205 1073 345 1128 quitur
378 1083 467 1114 can.
502 1069 602 1112 734.

323 1142 428 1184 Ante
453 1154 490 1183 n.
517 1140 584 1183 32.
603 1139 720 1182 —ln
748 1142 924 1195 utraque
944 1137 1136 1181 Formula
1158 1139 1307 1181 minori
1332 1138 1466 1195 (num.
1490 1139 1516 1168 >¹<
1533 1138 1579 1182 31
1610 1143 1682 1182 aut
1705 1138 1730 1166 ²¹<
1749 1137 1837 1196 21).

209 1228 229 1253 ((
252 1211 447 1268 Erigendi
474 1213 586 1267 pium
611 1211 858 1253 exercitium
889 1207 988 1252 Viae
1010 1207 1156 1252 Crucis
1178 1223 1199 1250 )>
1228 1213 1305 1252 etc.
1332 1213 1375 1252 ut
1397 1210 1574 1252 refertur
1596 1222 1689 1252 cuin
1715 1223 1839 1266 expo-

203 1285 350 1328 sitione
383 1285 421 1325 in
458 1294 549 1339 pag.
585 1281 682 1326 319.

987 1398 1052 1444 ἡδὲ-ἓ

321 1494 377 1529 32.
407 1493 644 1540 lmpertiendi,
672 1497 808 1539 praeter
841 1491 1103 1528 concessionem
1136 1492 1178 1527 de
1211 1503 1281 1538 qua
1314 1493 1349 1527 in
1377 1490 1465 1528 Can.
1495 1490 1575 1534 914,
1601 1496 1653 1528 ter
1677 1492 1713 1527 in
1739 1503 1836 1529 anno

203 1556 237 1588 in
265 1553 534 1589 solemnioribus
562 1552 657 1587 festis
671 1551 936 1587 Benedictionem
963 1549 1119 1598 Papalem
1144 1552 1238 1587 iuxta
1265 1551 1513 1597 praescriptam
1541 1551 1726 1587 formulam
1753 1562 1832 1587 cum

202 1612 423 1657 indulgentia
450 1611 608 1658 plenaria
633 1610 677 1646 ab
704 1610 746 1645 iis
773 1610 955 1652 lucranda,
981 1610 1039 1656 qui
1072 1621 1151 1646 vere
1184 1610 1416 1656 poenitentes,
1443 1611 1592 1646 confessi
1619 1615 1652 1646 et
1676 1623 1704 1645 s.
1733 1609 1835 1646 Com-

202 1671 369 1706 munione
407 1670 522 1705 refecti
562 1670 676 1705 eidem
714 1668 953 1705 Benedictioni
991 1668 1230 1709 interfuerint,
1261 1668 1439 1713 Deumque
1479 1679 1538 1715 pro
1570 1681 1598 1705 s.
1629 1668 1720 1704 Fidei
1756 1680 1834 1715 pro-

201 1730 384 1776 pagatione
421 1734 454 1764 et
492 1729 587 1764 iuxta
626 1733 780 1764 mentem
819 1727 956 1764 Summi
998 1727 1178 1763 Pontificis
1215 1727 1404 1763 oraverint.
1434 1727 1537 1772 (Vide
1570 1727 1606 1762 in
1643 1739 1719 1774 pag.
1749 1727 1828 1770 300,

202 1793 282 1824 nota
314 1789 355 1832 l).

318 1883 378 1926 Ad
415 1896 452 1925 n.
487 1883 555 1927 32.
583 1909 634 1913 -
669 1882 786 1937 Quae
819 1887 1051 1940 sequuntur
1084 1895 1235 1925 novem
1270 1882 1486 1925 facultates
1517 1887 1612 1926 sunt
1644 1895 1829 1926 commu-

198 1967 271 1997 nes
303 1957 486 1997 omnium
520 1953 825 1998 For-mularum.
849 1952 1160 1996 Declarationes
1183 1955 1454 1996 inveniuntur
1476 1966 1550 2010 pro
1573 1966 1684 1996 num.
1712 1953 1765 1996 32
1790 1956 1829 1997 in

199 2038 291 2082 pag.
318 2025 416 2077 300,
440 2030 534 2068 nota
569 2024 648 2082 (l),
682 2038 755 2081 pro
778 2030 907 2068 num.⁵
931 2024 1062 2067 33-37
1088 2026 1127 2067 in
1153 2036 1274 2081 pagg.
1301 2024 1400 2079 293,
1421 2024 1517 2080 294,
1544 2038 1616 2080 pro
1635 2037 1748 2069 num.
1774 2025 1828 2068 38

199 2099 237 2138 in
274 2108 362 2152 pag.
400 2095 497 2149 333,
532 2101 625 2138 nota
661 2095 736 2152 (l),
774 2109 845 2152 pro
879 2108 991 2138 num.
1029 2095 1082 2138 39
1117 2097 1157 2138 in
1191 2107 1283 2152 pag.
1321 2095 1419 2149 296,
1453 2100 1548 2138 nota
1582 2094 1660 2152 (1),
1684 2100 1724 2138 et
1757 2109 1830 2152 pro

198 2179 312 2208 num.
346 2166 399 2208 40
435 2168 471 2208 in
508 2179 599 2222 pag.
636 2166 733 2209 320.

315 2271 372 2306 33.
403 2271 622 2307 Concedendi
644 2278 691 2313 ut,
711 2273 857 2308 servatis
875 2273 1053 2308 consuetis
1078 2272 1352 2313 conditionibus,
1369 2270 1615 2319 Indulqemiam
1637 2271 1827 2319 plenariam

197 2331 232 2366 in
258 2331 386 2378 primae
408 2331 656 2367 Communionis
682 2332 829 2367 solemni
858 2332 1107 2368 distributione
1132 2336 1165 2367 et
1190 2331 1226 2366 in
1253 2343 1283 2367 s.
1307 2331 1578 2378 Confirmationis
1603 2331 1828 2367 administra-

196 2390 302 2431 tione,
324 2390 577 2425 christifideles
602 2391 644 2425 ad
673 2403 699 2424 s.
718 2389 1011 2426 Communionem
1039 2391 1092 2426 vel
1118 2389 1430 2426 Confirmationem
1456 2389 1521 2425 rite
1545 2390 1750 2426 accedentes
1777 2390 1827 2425 lu-

196 2448 283 2484 crari
313 2449 456 2493 possint,
485 2448 586 2488 (Vide
611 2449 884 2485 declarationem
912 2461 1012 2485 num.
1038 2449 1178 2484 33-37*
1203 2449 1239 2484 in
1267 2460 1345 2495 pag.
1372 2447 1552 2493 293-294).

313 2507 333 2526 ³⁶
353 2506 408 2541 34.
435 2506 655 2543 Concedendi
676 2507 924 2555 Indalqenllam
940 2508 1129 2555 plenariam
1148 2508 1261 2555 primo
1276 2507 1442 2543 conversis
1455 2507 1499 2543 ab
1516 2507 1661 2548 haeresi,
1681 2507 1827 2543 servatis

194 2565 369 2600 consuetis
395 2566 669 2601 conditionibus.

312 2622 366 2658 35.
395 2623 618 2670 impertiendi
641 2624 887 2671 Indulqemlem
908 2626 1100 2673 plenariam
1121 2625 1272 2671 singulis
1302 2636 1341 2661 ex
1371 2625 1475 2670 clero,
1496 2624 1554 2671 qui
1584 2636 1644 2671 per
1669 2624 1826 2671 quinque
1966 2617 1968 2637 ³

194 2682 317 2718 saltem
343 2683 416 2718 dics
441 2683 547 2718 sacris
580 2682 761 2720 Ewerciliz's
788 2684 1021 2726 interfuerint,
1040 2696 1092 2728 ac,
1111 2689 1372 2719 sacrosanctum
1392 2683 1516 2719 Missae
1533 2683 1744 2718 sacrificium
1771 2694 1822 2718 ce-

195 2741 382 2782 lebrantes,
412 2742 461 2776 vel
489 2742 611 2777 saltem
637 2743 679 2777 ad
708 2755 735 2777 s.
757 2742 926 2790 Synaxim
953 2743 1167 2784 accedentes,
1189 2743 1263 2789 pias
1287 2743 1331 2778 ad
1360 2742 1467 2778 Deum
1496 2752 1612 2787 preces
1638 2741 1846 2777 effuderint·

194 2810 254 2845 pro
281 2812 307 2835 S.
336 2799 425 2835 Fidei
455 2801 703 2846 propagatione
728 2807 761 2837 et
787 2803 883 2837 iuxta
911 2806 1062 2837 mentem
1091 2801 1226 2837 Summi
1256 2800 1445 2837 Pontificis.

310 2858 331 2877 ᾗ
350 2857 405 2893 36.
432 2857 651 2894 Concedendi
669 2859 950 2896 Benedictionem
967 2860 1199 2906 Apostolicam
1215 2871 1293 2895 cum
1310 2858 1523 2904 Indulqemla
1534 2858 1690 2906 plenaria
1707 2858 1820 2894 omni-

195 2917 258 2952 bus
283 2916 580 2962 christifidelibus,
603 2919 660 2963 qui
688 2918 929 2964 spiritualibus
947 2918 1126 2955 Exercitiis
1152 2929 1211 2954 seu
1238 2918 1344 2954 sacris
1369 2916 1602 2962 Mlssionlbus,
1622 2917 1664 2953 de
1691 2917 1818 2963 quibus
