1971 3261
173 128 239 164 176
566 128 650 162 Lm.
680 127 752 161 ΙΙΙ.
783 146 795 151 -
822 128 933 162 PARS
959 127 991 163 Ι.
1019 148 1035 155 -
1060 129 1117 164 De
1142 129 1408 166 sacramentis
1613 131 1706 168 Gan.
1733 131 1804 167 845

177 251 301 293 missa
335 249 425 290 Arc.
466 247 527 291 Ill
557 247 813 304 legislatione
850 246 907 290 De
940 253 1124 306 tempore
1147 255 1185 292 et
1209 249 1297 293 loco
1321 264 1399 308 quo
1422 264 1547 293 saera
1571 252 1803 297 communio

173 319 374 363 distribui
404 324 552 377 potest.
587 318 705 362 Circa
741 320 975 362 ministrum
1014 333 1112 364 vero
1145 323 1251 365 scire
1284 326 1468 379 oportet:
1510 325 1701 379 quisnam
1735 323 1803 367 ille

174 394 237 446 sit,
273 391 381 448 quod
417 403 466 433 ex
500 402 589 433 can.
625 389 709 432 845
743 390 929 445 discitur,
962 403 1142 448 sequens
1180 405 1272 436 can.
1307 392 1390 435 846
1424 393 1475 436 de
1498 396 1803 438 communionis

174 467 361 519 respectu
396 461 445 504 ad
481 459 767 503 Eucharistiae
800 464 1157 506 consecrationem
1190 462 1386 521 loquitur,
1411 469 1451 507 et
1472 477 1560 508 can.
1600 465 1801 509 847-850

175 533 443 576 moderantur
477 530 727 574 delationem
762 534 1071 576 communionis
1103 534 1153 576 ad
1190 535 1389 587 infirmos,
1422 537 1476 578 ita
1510 540 1553 579 ut
1586 536 1802 593 designato

173 603 382 646 deferendi
420 602 540 645 modo
575 615 647 658 per
680 614 770 645 can.
806 602 905 657 847,
941 616 1014 659 pro
1049 603 1159 648 illius
1191 605 1433 649 diversitate
1467 611 1705 651 reservetur
1740 620 1803 664 pa-

174 674 298 717 rocho
319 676 355 716 in
381 686 470 717 can.
497 673 593 725 848,
620 673 718 727 850,
748 673 810 716 vel
834 674 1103 718 adiudicetur
1125 675 1296 719 cuilibet
1318 677 1523 721 sacerdoti
1548 680 1658 722 circa
1684 692 1801 722 reve-

174 747 346 788 rentiam
382 756 429 787 ac
462 744 694 787 decentiam
719 744 971 788 servandam
1002 747 1154 788 monito
1190 748 1227 789 in
1262 758 1353 790 can.
1389 747 1495 802 8493
1521 748 1572 791 de
1596 750 1675 792 ritu
1704 763 1801 793 vero

169 816 377 859 servando
412 817 451 858 in
485 827 602 858 sacra
635 818 931 858 communione
966 815 1252 860 distribuenda
1290 830 1380 862 can.
1416 819 1495 861 851
1533 819 1727 876 disponit,
1754 834 1800 865 ac

174 886 244 929 ult.
278 898 367 929 can.
404 886 486 929 853⁶.)
521 890 641 929 cavet
673 885 750 929 sub
784 898 863 943 qua
898 888 1038 942 specie
1072 889 1312 930 communio
1346 888 1607 943 praebeatur.

293 957 389 999 162.
407 959 632 1003 Minister
650 958 931 1003 ordinarius
949 961 999 1003 et
1024 960 1466 1005 extraordinarius.
1490 986 1545 990 —
1572 959 1673 1003 Can.
1692 962 1800 1004 845.

169 1026 198 1085 ἓ
218 1029 254 1072 1.
292 1027 489 1071 Minister
521 1027 784 1079 ordinarius,
808 1041 880 1071 seu
904 1030 971 1072 cui
997 1031 1155 1072 ratione
1178 1030 1336 1073 ordinis
1358 1033 1536 1087 suscepti
1563 1037 1802 1075 reservatur

172 1099 359 1143 facienda
381 1099 627 1155 regulariter
645 1099 880 1143 distributio
904 1113 1053 1142 sacrae
1070 1100 1373 1143 communionis
1391 1106 1452 1144 est
1473 1101 1587 1144 solus
1604 1096 1801 1146 sacerdos

170 1172 260 1213 sive
302 1169 530 1226 Episcopus
572 1171 661 1213 sive
696 1169 937 1227 presbyter,
976 1183 1069 1214 nam
1105 1175 1147 1213 ut
1179 1173 1235 1214 ait
1260 1171 1306 1214 D.
1349 1170 1559 1215 Thomas¹
1600 1172 1690 1216 «ad
1735 1185 1799 1216 sa-

170 1240 380 1285 cerdotem
418 1243 593 1296 pertinet
625 1240 876 1297 dispensatio
910 1243 1098 1298 corporis
1140 1240 1289 1285 Christi
1326 1247 1493 1299 propter
1532 1245 1630 1286 tria:
1667 1245 1800 1300 primo

171 1311 355 1368 quidem,
387 1313 497 1368 quia,
530 1313 637 1355 sicut
670 1312 827 1355 dictum
861 1317 935 1363 est,
972 1315 1059 1369 ipse
1103 1318 1319 1357 consecrat
1352 1315 1390 1356 in
1426 1326 1600 1370 persona
1633 1313 1800 1359 Christi.

172 1381 260 1437 lpse
294 1386 432 1425 autem
455 1381 641 1426 Christus
664 1385 770 1426 sicut
790 1385 1067 1426 'consecravit
1099 1397 1251 1440 corpus
1283 1386 1467 1427 suumin
1497 1397 1638 1440 coena,
1674 1387 1728 1428 ita
1762 1390 1799 1428 ct

170 1453 261 1496 aliis
293 1454 543 1497 sumendum
592 1453 718 1497 dedit.
752 1453 870 1498 Unde
918 1456 1024 1497 sicut
1057 1454 1106 1497 ad
1142 1456 1401 1497 sacerdotem
1454 1457 1629 1512 pertinet
1662 1469 1798 1499 conse-

170 1526 300 1567 cratio
333 1526 518 1581 corporis
551 1524 715 1579 Christi,
752 1527 802 1567 ita
838 1524 887 1567 ad
923 1538 1019 1568 eum
1065 1528 1240 1581 pertinet
1282 1525 1548 1581 dispensatio.
1591 1526 1797 1579 Secundo,

169 1597 266 1652 quia
298 1595 500 1639 Sacerdos
534 1598 797 1639 constituitur
847 1595 1008 1639 medius
1042 1597 1148 1639 inter
1184 1595 1311 1639 Deum
1346 1600 1387 1639 et
1421 1596 1642 1652 populum;
1692 1597 1798 1640 unde

168 1668 274 1709 sicut
307 1666 357 1709 ad
392 1680 487 1709 enm
524 1668 700 1723 pertinet
733 1667 838 1710 dona
875 1666 1014 1723 populi
1051 1665 1133 1709 Deo
1158 1666 1318 1717 offerre,
1345 1668 1399 1710 ita
1422 1666 1473 1709 ad
1498 1680 1593 1709 eum
1621 1670 1798 1722 pertinet

169 1736 276 1779 dona
309 1738 562 1780 sanctiticata
597 1737 797 1780 divinitus
833 1737 982 1793 populo
1019 1737 1195 1780 tradere.
1230 1736 1380 1789 Tertio,
1405 1739 1501 1794 quia
1538 1739 1575 1779 in
1601 1750 1796 1780 reveren·

170 1810 267 1850 tiam
302 1807 423 1851 huius
456 1810 712 1851 sacramenti
737 1821 759 1851 a
785 1808 894 1851 nulla
921 1821 963 1851 re
988 1810 1243 1864 contingitur
1275 1810 1351 1851 nisi
1387 1812 1650 1851 consecrata:
1689 1807 1797 1851 unde

170 1883 210 1921 et
242 1879 456 1935 corporale
481 1884 520 1922 et
542 1878 648 1922 calix
674 1883 971 1922 consecrantur
995 1878 1139 1936 (idestz
1178 1878 1479 1922 benedicuntur
1513 1878 1798 1922 benedictione

168 1950 468 2006 constitutiva),
504 1955 543 1993 et
565 1950 756 1993 similiter
791 1963 935 1994 manus
968 1950 1208 2001 sacerdotis,
1243 1950 1292 1992 ad
1330 1949 1583 2006 tangendum
1626 1949 1701 1992 hoc
1734 1962 1795 1992 sa-

169 2027 450 2064 cramentum:
488 2023 595 2064 unde
632 2021 729 2064 nulli
765 2021 832 2064 alii
869 2026 1039 2077 tangere
1075 2020 1182 2075 licet,
1218 2023 1294 2063 nisi
1330 2022 1368 2063 in
1404 2022 1664 2075 necessitate,
1700 2025 1795 2076 puta

168 2093 200 2133 si
234 2091 403 2135 caderet
437 2095 473 2134 in
511 2097 677 2144 terram,
715 2092 776 2135 vel
815 2094 851 2134 in
887 2091 1025 2149 aliquo
1061 2091 1141 2134 alio
1186 2093 1441 2134 necessitatis
1474 2103 1630 2134 casu».
1674 2090 1723 2134 Et
1758 2093 1794 2133 in

169 2160 291 2205 Conc.
341 2161 450 2205 Trid.
484 2176 583 2206 sess.
620 2162 722 2217 Xlll,
757 2177 791 2207 c.
832 2162 915 2206 Vlll
952 2162 1153 2219 legimus:
1209 2178 1229 2202 «
1255 2162 1295 2204 ln
1328 2161 1618 2205 sacramentali
1657 2166 1794 2204 autem

169 2235 403 2290 sumptione
436 2247 599 2290 semper
623 2236 661 2277 in
686 2233 870 2277 Ecclesia
897 2233 968 2276 Dei
1007 2246 1093 2276 mos
1127 2234 1214 2285 fuit,
1251 2237 1292 2276 ut
1328 2232 1417 2276 laici
1452 2244 1474 2275 a
1511 2231 1797 2276 sacerdotibus

169 2306 505 2347 communionem
530 2307 784 2361 acciperent,
809 2304 1051 2348 sacerdotes
1069 2308 1206 2364 autem
1227 2302 1488 2347 celebrantes
1510 2304 1667 2358 seipsos
1690 2315 1798 2345 com-

172 2376 453 2428 municarent,
488 2377 556 2431 qui
593 2388 692 2429 mos,
728 2380 937 2432 tamquam
962 2387 1010 2417 ex
1038 2374 1256 2417 traditione
1279 2373 1502 2430 apostolica
1526 2372 1793 2427 descendens,

172 2447 260 2488 iure
295 2458 342 2489 ac
378 2448 522 2488 merito
558 2448 724 2489 retineri
759 2446 939 2490 debet».

286 2516 314 2574 ἓ
338 2517 375 2560 (2.
393 2515 784 2559 Eoetraordimwius
801 2516 947 2573 supple
974 2518 1258 2571 «minister»,
1283 2517 1347 2559 cui
1367 2514 1524 2558 scilicet
1543 2514 1796 2558 characteris

169 2587 327 2628 ratione
361 2588 557 2642 competit
592 2599 663 2642 per
711 2588 998 2643 exceptionem
1035 2586 1338 2629 administratio
1382 2586 1577 2641 praefata,
1611 2589 1671 2626 est
1703 2582 1793 2626 dia-

169 2669 310 2710 eonus,
344 2669 391 2699 eo
445 2657 588 2713 «quod
624 2656 691 2699 ille
724 2659 840 2714 quasi
892 2658 1148 2713 propinquus
1191 2656 1324 2699 ordini
1359 2654 1604 2699 sacerdotali
1639 2653 1793 2711 aliquid

170 2729 387 2783 participat
420 2727 470 2770 de
504 2729 592 2770 eius
625 2728 773 2782 officio,
811 2732 852 2770 ut
886 2727 1044 2771 scilicet
1077 2727 1285 2783 diSpenset
1324 2728 1567 2782 sanguinem
1602 2727 1657 2777 (in
1691 2726 1793 2767 anti-

288 2882 298 2901 ἱ
322 2880 364 2913 3³
392 2880 432 2912 P.
463 2891 497 2923 q.
528 2878 722 2912 LXXXII
747 2891 769 2912 a
794 2879 815 2912 3
842 2890 944 2923 corp.
