1971 3261
151 140 244 177 Can.
273 140 473 176 loeo-1097
714 139 798 173 Tm.
829 139 882 173 VI
909 160 921 165 -
949 140 1004 174 De
1032 140 1292 174 Matrimonz'o
1712 138 1781 171 635

154 265 243 317 pter
276 259 483 303 licentiam
521 260 724 314 recipiens
773 262 902 314 potest
938 257 1163 314 procedere
1212 261 1295 300 tuta
1339 258 1605 309 conscientia,
1639 260 1677 298 et
1726 255 1781 298 illi

154 332 415 374 matrimonio
449 334 645 387 tanquam
679 329 909 372 secundum
943 342 1122 373 canones
1157 328 1267 371 licito
1301 328 1514 371 adsistere.

270 402 365 446 499.
394 403 545 447 Licita
578 403 782 457 parochi
816 415 875 447 ac
908 403 1000 447 loci
1028 402 1277 446 Ordinarii
1312 401 1600 445 assistentia
1623 400 1783 444 matri-

154 475 343 520 moniis.
375 497 432 502 —
463 472 647 528 Sequens
679 484 809 515 canon
862 474 999 528 magni
1044 476 1101 514 est
1149 473 1358 525 momenti,
1392 473 1486 527 quia
1530 475 1569 512 ut
1604 470 1785 512 diximus

154 547 192 587 in
225 556 315 588 can.
353 544 463 586 1020
497 544 548 587 ad
583 543 811 601 clausulam
850 558 869 583 ((
896 543 1114 599 parochus,
1148 545 1212 585 cui
1249 544 1310 584 ius
1344 547 1401 584 est
1436 541 1662 584 adsistendi
1699 554 1781 583 ina—

154 617 347 658 trimonio
370 630 410 661 »,
446 614 548 658 haec
582 614 890 670 interpretanda
924 619 985 657 est
1019 626 1090 669 pro
1126 615 1241 669 praxi
1277 612 1505 656 secundum
1540 626 1630 654 ean.
1668 613 1785 654 1097

157 690 194 730 in
228 700 323 744 quo,
357 688 566 742 expressis
601 688 680 729 iam
715 685 870 742 regulis
902 685 1121 729 servandis
1154 698 1228 741 per
1252 684 1464 728 Ecclesiae
1500 685 1723 737 initiistros,
1749 688 1789 725 ut

161 757 296 801 valide
346 759 507 800 ineatur
541 758 864 811 matrimonium,
900 758 1166 799 continentur
1208 754 1285 798 sub
1335 754 1465 798 tribus
1507 753 1594 811 §3⁰¹⁵
1626 766 1674 796 ac
1706 754 1790 796 t'ere

159 828 303 872 iisdem
341 827 450 871 Dec.¹
489 826 626 871 vei-bis
651 829 900 870 mutationes
922 831 1179 883 opportunae
1213 827 1336 882 capiti
1367 841 1388 865 «
1407 824 1583 868 'l'ametsi
1604 839 1626 864 ))
1654 824 1789 882 quoad

160 901 373 956 proprium
407 898 457 942 ad
503 898 724 942 hceitatem
771 897 997 953 parochum
1032 896 1411 940 determuiamlum.
1443 896 1470 953 ξ
1508 896 1541 938 1.
1581 893 1792 938 Paroclms

158 976 314 1024 autem,
337 972 405 1028 qui
439 983 488 1013 ex
524 982 614 1013 can.
650 969 762 1012 1095
800 968 935 1012 valide
967 970 1131 1023 assistit,
1156 967 1219 1010 eet
1253 967 1334 1009 leci
1372 966 1631 1009 ()r‹ttm1rtus
1657 979 1792 1022 respe-

158 1044 308 1095 ctivus,
330 1054 377 1084 ac
403 1043 440 1084 in
465 1054 513 1084 ee
536 1046 643 1084 can⁰.
668 1039 866 1084 declarati
895 1038 1164 1082 niatrimonie
1181 1040 1406 1095 unicuique
1430 1037 1545 1080 licite
1568 1037 1792 1082 assistunt.

161 1113 316 1156 liceitas
349 1125 448 1169 ergo
490 1112 778 1155 consideratur
820 1113 858 1153 in
903 1111 1050 1154 ordine
1094 1109 1143 1152 ad
1191 1111 1501 1166 inscriptionem
1537 1110 1703 1164 capitis:
1741 1134 1792 1138 —

278 1183 319 1226 1⁰
356 1182 543 1226 Constite
576 1183 668 1233 sibi,
705 1195 877 1238 nempe:
910 1186 952 1225 ut
986 1184 1072 1238 ipse
1108 1181 1318 1224 moraliter
1342 1185 1480 1224 certus
1502 1182 1566 1233 sit,
1591 1180 1662 1223 sed
1697 1179 1795 1235 lessi—

162 1254 259 1298 time
292 1254 328 1297 id
365 1260 438 1303 est,
465 1256 734 1310 proveniente
768 1267 816 1296 ex
852 1252 1117 1297 observantia
1143 1265 1195 1295 ss.
1220 1264 1427 1295 canonum
1465 1253 1693 1307 vigentium
1730 1251 1795 1294 illa

159 1326 409 1370 certitudine
457 1324 669 1368 delibero
713 1330 828 1367 statu
869 1322 1222 1378 contrahentium,
1256 1335 1362 1380 quae
1396 1322 1448 1366 ab
1491 1323 1798 1377 impedimentis

163 1399 403 1440 immunitas
436 1398 513 1439 erit
547 1395 602 1439 ad
634 1409 825 1438 normam
858 1394 967 1437 iuris
1003 1394 1294 1438 mensuranda.

280 1468 320 1512 S.
354 1466 505 1524 Congr.
529 1468 580 1510 sle
612 1466 829 1523 disciplina
865 1466 1230 1510 Sacramentorum
1264 1465 1313 1508 ad
1350 1464 1459 1508 hunc
1485 1464 1619 1508 locum
1655 1478 1801 1521 oppor-

162 1544 260 1582 tune
302 1539 499 1583 admenet
532 1541 570 1581 in
615 1540 703 1581 eius
753 1537 869 1580 lnstr.
903 1550 1018 1580 num.
1065 1536 1103 1579 1.
1143 1534 1398 1580 «Ordinarii
1451 1538 1488 1579 in
1525 1535 1797 1592 parochorum

165 1613 409 1654 memoriam
446 1622 646 1653 revocare
679 1613 869 1665 satagant
898 1607 1006 1651 haud
1044 1607 1170 1651 licere
1204 1610 1302 1664 ipsis
1325 1607 1490 1650 adstare
1524 1608 1801 1655 matrimonio,

165 1695 215 1725 ne
249 1686 438 1738 pretextu
473 1680 640 1737 quidem
676 1684 716 1722 et
749 1682 975 1723 intentione
1007 1678 1224 1722 avertendi
1275 1677 1418 1721 tideles
1449 1690 1471 1721 a
1507 1680 1616 1734 turpi
1651 1690 1800 1720 concu-

168 1751 323 1805 binatu,
356 1756 427 1794 aut
460 1750 739 1807 praecavendi
773 1749 1016 1793 scandalum
1063 1751 1259 1806 coniugii,
1294 1748 1403 1806 quod
1458 1753 1618 1803 vocant,
1653 1747 1803 1795 civilis,

166 1825 241 1866 nisi
276 1824 451 1866 constite
484 1821 561 1865 sibi
598 1821 779 1877 legitime
823 1821 874 1863 de
918 1820 1049 1864 libero
1097 1824 1203 1863 statu
1245 1818 1595 1872 contrahentium,
1629 1821 1807 1862 servatis

165 1893 216 1937 de
249 1896 338 1937 iure
371 1892 604 1946 servandis,
641 1892 749 1949 (can.
789 1891 900 1934 1020
939 1896 979 1935 et
1016 1891 1126 1934 1097
1162 1893 1187 1945 ἓ
1232 1891 1269 1945 1,
1303 1903 1340 1933 n.
1381 1891 1394 1932 l
1444 1890 1545 1934 Cod.
1583 1892 1659 1933 iur.
1693 1889 1804 1946 can.)

165 1965 376 2022 iidemque
411 1968 656 2007 moneantur
691 1976 740 2006 ne
773 1965 976 2016 omittant,
1011 1962 1060 2006 ad
1099 1974 1286 2005 normam
1319 1973 1409 2005 can.
1451 1961 1578 2014 10:21,
1615 1960 1804 2017 baptismi

165 2038 445 2079 testimonium
480 2047 498 2078 a
525 2033 866 2078 contrahentibus
898 2035 1083 2089 exigere,
1107 2035 1138 2075 si
1177 2032 1242 2076 bie
1283 2034 1322 2075 in
1357 2031 1434 2075 alia
1471 2033 1660 2088 paroecia
1687 2032 1807 2075 fuerit

168 2106 253 2150 illis
286 2106 461 2150 collatus
486 2122 525 2147 ».

293 2177 351 2222 2⁰
389 2176 580 2221 Censtite
614 2176 790 2233 insuper
821 2178 928 2220 sicut
962 2188 1103 2232 supra,
1134 2175 1205 2219 sed
1242 2174 1389 2218 modus
1421 2174 1713 2218 certitudinem
1747 2186 1810 2218 ac-

170 2249 362 2307 quirendi
396 2253 455 2292 est
489 2247 662 2306 quilibet
695 2252 816 2304 aptus
848 2247 899 2291 ad
935 2249 1214 2304 cognitionem
1248 2248 1289 2304 a)
1322 2245 1373 2289 de
1415 2245 1630 2289 domteitto
1666 2258 1807 2301 paroe-

169 2320 260 2364 ciali
297 2325 366 2363 aut
414 2320 678 2368 dioecesano,
717 2318 758 2377 b)
794 2317 855 2361 vel
904 2318 1028 2376 quasi
1060 2317 1290 2371 domicilio,
1322 2317 1430 2374 quod
1482 2322 1569 2360 erat
1620 2319 1657 2360 in
1692 2316 1809 2360 Dec.⁰

170 2394 385 2445 omissum,
422 2390 622 2434 alterutro
659 2395 700 2433 ut
734 2392 847 2445 prius
883 2392 962 2433 iam
997 2391 1199 2446 acquisito
1233 2402 1309 2433 nec
1351 2391 1502 2432 amisso
1536 2388 1586 2432 ad
1624 2401 1809 2431 normam

171 2475 261 2506 cau.
297 2462 364 2514 92,
400 2463 468 2517 95,
504 2461 544 2519 c)
582 2461 642 2504 cet
676 2466 892 2503 menstrua
928 2462 1154 2514 praemissa
1198 2464 1238 2504 et
1276 2459 1434 2503 actuali*
1472 2459 1813 2509 commeratione,

175 2546 282 2590 quae
327 2534 645 2576 continuitatem
688 2533 834 2585 innuit,
868 2530 912 2588 d)
948 2536 1022 2573 aut
1067 2544 1140 2587 pro
1189 2543 1286 2574 casu
1322 2535 1502 2574 tantum:
1541 2530 1578 2572 si
1627 2528 1677 2572 cle
1710 2543 1812 2587 voye

174 2608 344 2660 ayatur,
376 2605 444 2660 qui
480 2602 654 2659 proinde
692 2617 712 2642 «
737 2601 881 2645 nullibi
915 2601 1172 2645 domicilium
1218 2600 1367 2644 babeat
1421 2600 1484 2644 vel
1530 2603 1646 2658 quasi
1682 2600 1812 2643 domi-

172 2673 359 2717 cilium»
399 2672 509 2730 (can.
546 2672 634 2730 91),
671 2671 834 2715 actuali
878 2672 1206 2715 renumeratione
1238 2674 1434 2728 quamvis
1478 2672 1579 2714 inl'ra
1632 2683 1812 2714 mensem

172 2743 425 2787 alterutrius
459 2742 761 2798 contrahentis,
786 2743 896 2801 quod
931 2744 1095 2796 sullicit,
1122 2742 1161 2785 in
1197 2742 1285 2786 lece
1317 2742 1599 2787 matrimonii.
1625 2744 1713 2784 sire
1748 2739 1814 2783 ille

172 2815 473 2871 consideretur,
510 2820 550 2858 ut
603 2817 792 2870 paroecia
840 2814 901 2857 vel
937 2816 1288 2872 ‹prasi-paroecia,
1320 2816 1410 2857 sive
1463 2818 1657 2870 tanquam
1703 2811 1814 2854 dioe-
