1971 3261
240 168 285 201 3⁴2
632 163 716 196 Liss.
747 162 816 196 III.
844 182 855 186 -
884 161 994 194 PARS
1020 160 1049 193 Ι.
1081 179 1092 183 -
1120 159 1176 192 De
1202 157 1470 192 Sacramentz's
1584 157 1678 193 Can.
1708 158 1864 193 743-744

359 284 424 326 ἐϋ.
464 283 670 327 Parochi
704 282 935 326 debitum.
970 302 992 309 -
1027 276 1085 319 Ne
1119 279 1156 318 in
1194 289 1236 318 re
1269 277 1438 318 maximi
1468 279 1681 332 momenti,
1706 271 1863 320 acino-

243 358 378 410 pinato
412 354 628 396 ereniente
664 352 795 392 forsan
831 361 927 391 casu
961 360 1039 389 non
1083 358 1174 389 raro
1220 359 1293 402 per
1336 348 1610 402 ignorantiam
1654 352 1861 404 peccetur,

243 426 506 466 monitionem
543 421 667 464 debiti
703 421 882 463 coiitinet
917 431 1005 459 cari..
1027 418 1132 461 743.
1162 415 1287 458 Curet
1316 415 1527 473 parochus
1560 422 1790 473 opportune
1813 430 1860 461 ac

243 495 466 550 prudenter
491 497 533 534 a!
556 490 711 546 fidele&
734 489 1009 544 additurque:
1031 486 1300 544 praesertim,
1323 489 1419 544 quia
1453 486 1516 530 his
1538 489 1608 544 qui
1631 493 1862 546 sequuntur

241 567 478 619 contingere
500 560 769 617 probabiliter
788 563 918 614 potest
936 557 1147 613 obligatio,
1166 557 1419 609 obstetrices,
1433 556 1583 600 medici
1600 563 1639 600 et
1657 557 1863 615 obintrat,

242 641 394 676 rer-lam
419 630 661 690 baptizandi
686 629 845 672 modum
866 628 914 671 ad
941 641 1129 671 normam
1153 641 1242 672 can.
1263 628 1361 678 759,
1380 631 1404 682 ἓ
1426 629 1442 671 1
1461 641 1541 686 pro
1565 642 1665 671 casu
1687 628 1863 672 necessi-

243 705 342 746 talis
372 703 497 760 probe
521 704 543 743 i.
569 715 603 745 e.
628 701 782 756 absque
809 699 889 741 ullo
915 712 1056 742 errore
1086 698 1289 751 ediscant,
1310 704 1429 755 prout
1452 699 1491 742 lii
1517 703 1709 742 tenentur
1733 702 1865 756 magis

246 774 305 817 vel
342 776 474 815 minus
505 786 554 815 cx
592 769 791 826 probabili
832 771 1089 812 connexione
1126 769 1371 813 accidentali
1406 783 1499 813 cum
1534 782 1680 812 eorum
1711 769 1863 813 officio.

359 843 423 886 27.
460 844 682 887 Minister
723 841 956 896 baptismi
999 841 1291 885 adultorum.
1323 865 1349 869 —
1388 839 1446 883 Ex
1495 839 1572 884 Rit.
1607 839 1722 883 Rom.
1747 839 1759 860 ²
1804 844 1864 882 est

241 917 520 968 transumptus
552 925 643 954 esta.
678 913 781 953 744.
818 909 1070 952 Adulterum
1103 909 1347 967 baptismus,
1380 909 1456 954 sub
1488 910 1724 971 conditione
1759 909 1866 953 loco-

242 997 330 1026 rum
366 983 432 1024 alu·
464 981 671 1025 commode
703 980 796 1037 fieri
825 980 976 1038 possit.
1002 979 1057 1022 ad
1090 979 1171 1023 loci
1198 979 1476 1023 Ordinarium
1508 979 1742 1038 deferatur,
1761 993 1861 1036 ergo

240 1060 336 1097 tunc
368 1053 487 1097 debet
524 1053 598 1095 boc
633 1054 720 1095 lieri
754 1051 940 1108 obsequii
975 1050 1100 1094 causa
1133 1063 1232 1107 erga
1256 1053 1344 1094 eius
1366 1051 1625 1107 dignitatem,
1650 1056 1708 1104 ut,
1732 1051 1770 1093 si
1802 1065 1866 1094 vo-

241 1124 366 1167 lueri!
401 1137 472 1180 pro
507 1122 634 1175 libitu,
671 1121 719 1164 ab
753 1136 798 1164 eo
834 1121 894 1164 vel
927 1120 976 1163 ab
1008 1121 1098 1164 eius
1130 1120 1322 1179 deleyato
1367 1134 1438 1177 pro
1482 1132 1578 1164 casu
1617 1119 1864 1163 sollemnitas

243 1199 406 1251 propter
440 1193 689 1250 peculiarem
726 1194 958 1235 ministrum
994 1191 1254 1249 conseratur.

951 1365 1096 1403 CAPUT
1123 1367 1161 1404 ll.

808 1462 862 1496 De
896 1461 1069 1496 subiecto
1098 1461 1297 1505 baptismi.

289 1581 371 1616 Cn.
402 1578 481 1614 745.
513 1601 528 1605 —
557 1584 575 1621 ξ
607 1580 633 1613 l.
669 1579 870 1615 Subiectum
906 1590 1012 1626 capax

243 1628 401 1674 baptismi
430 1632 480 1662 est
506 1627 621 1661 omnis
640 1632 672 1662 et
690 1627 785 1662 solus
814 1627 916 1662 bomo
943 1627 1012 1662 via-

242 1682 304 1713 tor.
335 1675 490 1709 nondum
519 1674 724 1719 baptizatus.

290 1727 307 1763 ἐ
334 1722 366 1756 2'.
397 1720 483 1757 Cum
510 1722 624 1766 agitur
649 1722 691 1757 de
718 1721 912 1767 baptismo:

341 1770 373 1803 1⁰
400 1769 623 1803 Parvulorum
650 1780 709 1803 seu
741 1768 930 1804 infantium
959 1780 1018 1803 no-

245 1817 337 1852 mine
378 1817 535 1856 veniunt,
571 1816 615 1851 ad
656 1827 815 1851 normam
854 1826 931 1850 can.
957 1814 1013 1856 88,

244 1869 262 1906 ,ξ
280 1864 313 1906 3,
331 1864 387 1908 qui
417 1864 572 1898 nondum
600 1863 744 1898 rationis
772 1874 874 1898 usum
902 1863 1016 1909 adepti

243 1915 335 1951 sunt,
361 1911 559 1956 eisdemque
592 1915 821 1945 accensentur
860 1915 1018 1945 amentes

242 1959 286 1993 ab
306 1958 467 1998 infantia,
486 1958 520 1992 in
540 1958 662 2003 quavis
688 1962 799 1993 aetate
817 1957 1014 1999 constituti;

338 2004 375 2039 20
401 2005 516 2039 Adulti
559 2009 674 2040 autern
717 2009 917 2045 censentur,
959 2005 1016 2050 qui

245 2053 388 2086 rationis
417 2064 478 2086 usu
511 2052 692 2093 sruuntur;
720 2052 823 2097 idque
858 2053 942 2087 satis
968 2056 1018 2087 est

245 2105 281 2134 ut
307 2110 368 2134 suo
394 2100 541 2144 quisque
558 2099 667 2133 animi
688 2104 783 2134 motu
805 2099 1016 2145 baptismum

247 2151 337 2191 petat
362 2153 394 2181 et>
418 2147 460 2181 ad
489 2146 587 2181 illurn
613 2146 828 2181 admittatur.

293 2193 374 2228 CAN.
403 2192 482 2228 746.
507 2213 522 2220 -
543 2197 562 2235 ξ
585 2193 613 2228 l.
644 2193 749 2229 Nemo
768 2194 803 2228 in
824 2198 920 2229 utero
947 2204 1017 2228 ma-

246 2240 306 2274 tris
324 2241 461 2275 clausus
480 2241 688 2286 baptizetur,
705 2241 814 2276 donec
829 2241 1018 2287 probabilis

245 2299 322 2333 spes
349 2288 391 2321 sit
419 2293 454 2322 ut
480 2288 545 2323 rite
569 2288 682 2323 editus
710 2288 875 2334 baptizari
898 2288 1015 2334 possit.

293 2339 310 2375 ξ
337 2336 369 2368 2.
396 2334 429 2369 Si
459 2334 576 2370 infans
595 2339 698 2380 caput
723 2335 878 2370 emiserit
904 2340 937 2370 et
964 2346 1018 2381 pe·

247 2381 393 2415 rit-ulum
434 2382 553 2416 mortis
593 2382 786 2423 immineat,
827 2382 1020 2428 baptizetur

247 2429 281 2462 in
302 2428 432 2473 capite:
463 2440 524 2464 nec
545 2434 673 2474 postea,
694 2429 719 2463 si
743 2430 840 2464 vivus
858 2429 1020 2470 evaserit,

246 2481 294 2508 est
322 2475 445 2510 iterum
464 2476 527 2511 sub
546 2476 746 2511 conditione
773 2477 1017 2523 baptizandus.

293 2527 311 2563 g
339 2522 370 2556 23.
399 2522 432 2556 Si
461 2523 554 2558 aliud
583 2523 778 2558 membrum
799 2524 963 2565 emiserit,
983 2524 1019 2558 in

248 2569 313 2607 illo.
341 2569 366 2602 si
397 2570 586 2615 periculum
616 2571 809 2609 immineat,
828 2571 1021 2617 baptizetur

248 2617 311 2649 snb
326 2617 521 2652 conditione
536 2629 542 2661 3
558 2622 592 2652 at
612 2622 707 2659 tunc,
723 2618 749 2652 si
768 2623 870 2653 natus
888 2618 1018 2657 vixerit,

247 2668 297 2697 est
325 2675 442 2711 rursus
469 2664 532 2699 sub
559 2665 760 2700 conditione
780 2665 1021 2711 baptizandus.

296 2714 313 2750 ξ
342 2709 372 2744 si.
397 2711 429 2745 Si
451 2717 559 2746 mater
579 2723 774 2756 praegnans
795 2718 929 2748 mortua
949 2713 1020 2748 fue-

250 2757 304 2800 rit,
329 2759 414 2791 tetus
440 2758 482 2791 ab
511 2759 550 2792 iis
576 2759 618 2793 ad
646 2770 731 2803 quos
758 2765 888 2804 spectat
914 2764 1022 2795 extra—

368 2900 376 2919 ¹
407 2899 483 2932 Tit.
515 2899 563 2942 ΙΙ,
593 2912 624 2932 (·.
654 2902 687 2940 ὃ,
718 2912 755 2933 n.
785 2900 817 2933 3.

1086 1584 1175 1620 ctus,
1208 1579 1235 1613 si
1270 1583 1362 1614 certo
1397 1577 1502 1619 vivat,
1539 1577 1734 1624 baptizetur
1767 1578 1866 1613 abso-

1087 1626 1177 1669 lute3
1206 1626 1233 1660 si
1261 1625 1378 1666 dubie,
1404 1625 1468 1660 sub
1495 1625 1706 1660 conditione.

1134 1678 1152 1716 ἓ
1180 1673 1214 1708 5.
1245 1672 1356 1717 Fetus,
1378 1672 1415 1706 in
1443 1677 1538 1708 utero
1565 1672 1771 1718 baptizatus,
1792 1676 1866 1717 post

1089 1725 1203 1756 ortum
1230 1721 1344 1755 denuo
1370 1719 1434 1754 sub
1465 1719 1664 1755 conditione
1698 1718 1865 1764 baptizari

1090 1768 1202 1804 debet.

1138 1813 1222 1851 CAN.
1245 1812 1324 1849 747.
1346 1835 1361 1839 -
1385 1812 1589 1849 Curandum
1617 1818 1653 1848 ut
1679 1823 1801 1848 omnes
1821 1812 1868 1847 fe-

1090 1866 1146 1897 tus
1179 1861 1340 1903 abortivi,
1370 1861 1492 1907 quovis
1525 1865 1678 1906 tempore
1717 1860 1812 1901 editi,
1839 1860 1866 1893 si

1090 1913 1182 1945 certo
1214 1909 1346 1951 vivant,
1377 1907 1596 1954 baptizentur
1629 1907 1805 1947 absolute;
1840 1906 1867 1940 si

1090 1956 1208 2000 dubie,
1237 1957 1302 1991 sub
1328 1955 1538 1991 conditione.

1139 2002 1223 2038 CAN.
1245 2001 1325 2038 748.
1349 2024 1365 2028 —
1387 2002 1541 2038 Monstra
1567 2005 1600 2036 et
1625 2005 1761 2036 ostenta
1779 2011 1867 2036 sem-

1092 2061 1153 2097 per
1180 2051 1401 2096 baptizentur
1422 2049 1544 2084 saltem
1563 2048 1628 2083 sub
1646 2047 1866 2088 conditione;

1091 2100 1128 2133 in
1154 2097 1260 2133 dubio
1285 2102 1402 2132 autem
1429 2107 1568 2131 unusne
1593 2106 1639 2130 an
1666 2095 1780 2141 plures
1798 2095 1870 2129 sint

1092 2145 1265 2187 homines,
1285 2155 1377 2179 unus
1403 2143 1562 2178 absolute
1588 2142 1794 2188 baptizetur,
1821 2153 1870 2177 ce-

1090 2193 1153 2228 teri
1180 2191 1244 2227 sub
1271 2191 1482 2226 conditione.

1139 2238 1223 2274 CAN.
1254 2237 1334 2273 749.
1360 2259 1376 2263 -
1406 2237 1560 2272 infantes
1586 2236 1732 2282 expositi
1759 2240 1792 2271 et
1820 2235 1870 2269 in-

1092 2287 1183 2322 venti
1213 2286 1293 2326 nisi,
1312 2296 1347 2320 re
1373 2285 1558 2329 diligenter
1586 2283 1807 2328 investigata,
1827 2282 1869 2316 de

1091 2344 1210 2369 eorum
1229 2333 1402 2379 baptismo
1420 2336 1565 2372 constet,
1587 2331 1652 2366 sub
1670 2329 1869 2365 conditione

1092 2381 1324 2427 baptizentur.

1139 2428 1219 2464 CAN.
1249 2426 1327 2461 750.
1356 2447 1378 2452 -
1403 2430 1423 2468 ξ
1454 2426 1483 2462 l.
1512 2425 1633 2460 lnfans
1660 2423 1869 2464 infidelium,

1091 2475 1196 2511 etiam
1233 2475 1351 2509 invitis
1386 2473 1602 2519 parentibus,
1633 2471 1725 2506 licite
1759 2470 1870 2516 bapti-

1093 2528 1201 2564 zatur,
1219 2533 1298 2556 cum
1327 2521 1362 2555 in
1388 2532 1427 2556 eo
1455 2524 1611 2556 versatur
1638 2519 1727 2553 vitae
1753 2516 1870 2553 discri-

1094 2570 1200 2611 mine,
1223 2574 1259 2604 ut
1286 2568 1473 2614 prudenter
1501 2565 1742 2612 praevideatur
1769 2564 1872 2599 mori-

1093 2622 1202 2657 turus,
1216 2620 1405 2661 antequam
1425 2625 1527 2649 usum
1541 2613 1687 2649 rationis
1707 2612 1867 2656 attingat.

1141 2668 1159 2706 ξ
1186 2664 1219 2698 ⁶2.
1251 2663 1351 2697 Extra
1382 2661 1503 2697 mortis
1539 2660 1746 2707 periculum,
1775 2659 1873 2694 dum-

1094 2711 1195 2746 modo
1212 2710 1401 2746 catbolirae
1420 2709 1494 2744 eius
1512 2708 1709 2744 educationi
1731 2711 1871 2741 cautum

1094 2758 1151 2799 sit,
1183 2758 1273 2793 licite
1299 2757 1518 2803 baptizatur:
