1971 3261
139 140 230 176 Can.
258 140 415 175 843-844
527 140 610 175 TJT.
638 141 708 174 111.
732 161 742 166 -
762 141 818 176 De
844 145 1094 177 sanctissima
1123 143 1377 178 Eucharistio
1703 146 1773 181 173

142 261 296 305 Pariter
330 265 492 317 praeter
526 260 674 303 librum
710 261 760 304 de
794 274 875 317 quo
901 263 937 303 in
963 275 1054 304 can.
1075 263 1157 305 843
1181 262 1208 320 ἓ
1234 263 1269 313 1,
1292 263 1397 306 alter
1417 263 1520 307 liber
1545 267 1772 309 retineatur

139 338 177 376 et
210 332 318 389 apud
355 337 554 375 rectorem
594 331 823 388 (Ecclesiae
859 332 1145 376 fundationum
1192 334 1372 391 piarum)
1397 341 1600 382 serretur,
1628 341 1770 394 inquo

137 402 297 460 singula
333 414 456 446 onera
493 407 687 459 perpetua
724 408 761 445 et
796 406 1047 458 temporaria
1088 418 1316 462 corumque
1366 406 1678 462 implementum
1731 413 1768 451 et

137 474 427 530 eleemosynae
460 474 724 528 adnotentur,
760 478 801 516 ut
835 473 887 522 de
924 475 971 515 iis
1005 475 1197 518 omnibus
1230 481 1373 519 exacta
1411 479 1512 520 ratio
1546 476 1769 521 Ordinario

138 544 212 588 loci
240 544 437 588 reddatur
460 544 603 587 saltem
635 529 880 587 visitationis
905 550 1089 600 tempore
1115 562 1151 586 ».
1177 548 1418 603 Congruens
1442 550 1767 604 interpretationi

133 616 161 675 ξ
196 616 218 659 2
252 622 358 659 can⁵.
393 616 475 658 843
509 618 698 673 sequitur
732 617 770 658 in
802 631 820 655 t(
846 628 934 658 can.
968 616 1088 659 1530.
1114 619 1151 658 Si
1178 624 1323 673 agatur
1344 619 1393 661 dc
1419 621 1494 675 piis
1518 620 1766 663 fundationi-

135 687 210 730 bus
244 689 282 729 in
317 687 517 737 ecclesiis,
542 688 664 729 etiam
693 685 1010 742 paroecialibus,
1038 687 1323 743 religiosorum
1349 695 1654 745 exemplorum,
1680 693 1765 734 iura

133 763 170 801 et
205 758 340 801 officia
373 754 584 801 Ordinarii
623 757 714 810 loci,
749 757 799 800 de
833 756 985 814 quibus
1026 759 1062 799 in
1110 771 1198 802 can.
1248 759 1510 813 ilites-1:549,
1553 761 1767 805 exclusive

133 832 371 885 competunt
405 830 614 884 Superiori
652 830 857 871 maiori».
895 826 974 880 Qui
1014 844 1033 869 ((
1058 841 1236 872 canones
1272 833 1332 873 ius
1370 837 1485 874 ictus
1518 846 1566 874 ex
1604 834 1765 888 integro

138 901 365 943 referunt»
405 901 508 951 (can.
546 900 582 945 6,
620 899 682 955 9⁰)
719 904 958 942 contentum
996 901 1033 941 in
1069 898 1184 943 Dec0.
1226 916 1243 939 «
1271 900 1407 957 Nuper
1431 918 1451 941 n
1490 902 1527 945 S.
1553 902 1595 946 C.
1620 902 1662 947 C.
1687 902 1764 946 sub

135 970 371 1013 Innocentio
407 969 474 1012 Xll
504 970 529 1012 ¹.

252 1042 346 1084 138.
383 1043 454 1087 De
487 1043 810 1088 adnotatione
844 1044 1109 1088 Missarum
1154 1046 1218 1088 ab
1269 1045 1558 1097 Ordinariis‚
1608 1046 1761 1102 Supe-

129 1115 342 1159 rioribus
374 1118 423 1158 et
445 1115 790 1158 sacerdotibus
813 1115 1050 1170 gerenda.
1076 1139 1126 1143 ——
1152 1113 1211 1156 Ex
1238 1113 1409 1157 Deci-cto
1440 1130 1458 1155 ((
1484 1114 1532 1159 Ut
1555 1115 1692 1159 debita
1720 1133 1757 1162 2),

131 1186 273 1241 inquo
300 1186 476 1239 primum
504 1183 605 1227 llaec
631 1186 902 1240 praescriptio
949 1186 1053 1227 iacta
1098 1189 1172 1235 est,
1218 1184 1385 1228 brevius
1429 1187 1673 1230 transfertur
1717 1190 1754 1230 in

128 1257 344 1299 (·(ιη.844.
379 1257 403 1307 §j
441 1256 473 1296 l.
515 1253 741 1297 Ordinurii
774 1269 936 1312 quoque
969 1255 1159 1298 {acorum
1193 1262 1231 1298 el
1266 1256 1511 1311 Superiores
1554 1257 1758 1313 reliqz'osi.

126 1327 247 1367 etiam
276 1325 425 1368 locales
448 1331 485 1368 et
511 1338 588 1367 non
624 1329 820 1382 exempti,
857 1326 930 1383 qui
965 1327 1007 1383 a)
1028 1326 1219 1384 propriis
1251 1326 1429 1369 ‚salnlilis
1464 1331 1640 1384 primum
1669 1342 1757 1385 pro-

127 1395 328 1441 videndis.
365 1409 466 1452 quos
501 1399 722 1439 missarum
756 1397 1055 1441 intentionibus
1090 1397 1277 1454 indigere
1313 1402 1518 1453 noverint,
1546 1400 1583 1442 b:
1609 1399 1758 1443 aliisve

123 1466 418 1511 Sacerdotibus
465 1467 526 1510 vel
571 1465 820 1517 Ordinariis‚
866 1468 1249 1526 Superioribusque
1298 1468 1453 1512 Missas
1487 1470 1758 1514 celebrandas

122 1537 410 1583 commz'ltzml5
442 1541 689 1594 supponitur
722 1552 821 1595 ergo
858 1539 1016 1582 licitum
1052 1553 1142 1583 esse
1178 1542 1214 1582 in
1250 1539 1358 1583 hunc
1394 1542 1514 1583 tinem
1556 1554 1757 1598 quaerere

122 1613 161 1651 et
194 1611 384 1665 accipere
418 1622 500 1662 eas,
535 1610 643 1666 quod
680 1611 1055 1653 animadvertimus
1090 1613 1128 1653 in
1162 1624 1366 1654 canonum
1413 1613 1750 1668 praecedentium

122 1682 485 1736 interpretatione:
519 1678 576 1724 illi
609 1681 759 1737 singuli
796 1695 900 1738 quas
934 1682 1170 1739 acceperint
1206 1681 1374 1729 Missas,
1415 1686 1654 1738 praesertim
1705 1697 1752 1727 ex

119 1751 286 1794 annuali
320 1751 576 1807 depositione
610 1752 658 1794 ad
697 1765 882 1794 normam
918 1765 1007 1795 can.
1045 1753 1142 1807 841,
1178 1753 1218 1809 a)
1253 1767 1341 1795 cnm
1367 1753 1455 1795 suis
1480 1752 1752 1811 eleemosynis

120 1821 161 1877 b)
195 1822 275 1865 cito
309 1823 350 1879 c)
385 1822 424 1864 in
461 1821 611 1865 librum
648 1822 886 1866 distinctum
920 1836 942 1866 a
980 1826 1219 1866 memoratis
1256 1826 1367 1879 prius
1400 1823 1443 1880 d)
1466 1837 1542 1881 per
1565 1824 1751 1867 ordinem

119 1895 371 1948 acceptionis
405 1893 610 1949 referant,
644 1899 871 1951 starentque
903 1898 942 1949 a)
975 1907 1052 1951 pro
1089 1893 1245 1936 viribus
1281 1900 1323 1935 ul
1357 1908 1450 1936 cum
1488 1894 1750 1939 observantia

118 1963 308 2020 prudenti
329 1976 533 2007 canonum
560 1964 610 2007 de
635 1970 820 2021 tempore
844 1965 1054 2007 dilationis
1080 1965 1118 2011 bl
1145 1965 1457 2022 qrzunepritnmn
1483 1965 1753 2017 celebrentur,

117 2036 266 2078 omissa
301 2040 340 2077 et
363 2033 559 2088 abrogata
588 2035 699 2092 (cam.
724 2036 762 2087 6,
789 2035 852 2092 60)
875 2035 982 2079 l)ec¹.
1014 2056 1027 2073 «
1059 2035 1104 2079 Ut
1127 2035 1264 2079 debita
1291 2051 1310 2076 »
1335 2036 1518 2078 clausula
1539 2040 1749 2094 sequenti:

122 2121 142 2146 ι(
167 2109 220 2149 ita
253 2111 390 2149 tamen
428 2113 467 2148 ut
504 2108 616 2163 prius
652 2108 914 2151 manualibus
945 2109 1132 2160 satistiat,
1166 2107 1314 2150 deinde
1351 2110 1397 2148 iis
1419 2120 1524 2164 quae
1548 2109 1597 2151 ad
1626 2111 1752 2152 instar

122 2177 374 2219 manualium
410 2182 566 2222 sunt».

234 2247 397 2291 Novum
433 2251 599 2291 omnino
637 2251 935 2305 praescriptum
974 2248 1196 2304 exbibet}
1231 2248 1266 2290 Ξ.
1303 2247 1385 2290 lmo
1431 2263 1571 2291 omnes
1615 2264 1750 2293 sucer-

114 2317 231 2361 dotes
253 2319 338 2361 sire
357 2318 598 2362 saeculares
623 2319 708 2361 sive
732 2319 924 2376 7·el1'ssio.5i
947 2320 1051 2373 (can.
1079 2319 1175 2366 488,
1203 2318 1276 2373 70),
1301 2319 1481 2362 scilicet:
1517 2321 1682 2377 (plaudo
1709 2321 1745 2363 lii

114 2403 192 2432 non
226 2389 404 2433 debeant
438 2393 518 2434 cito
551 2391 600 2434 ad
637 2394 974 2434 constitutiomun
1011 2403 1178 2433 suarum
1216 2403 1402 2432 normam
1430 2391 1591 2433 tradere
1615 2393 1744 2447 Supe-

114 2462 210 2503 riori
245 2466 316 2504 aut
347 2461 551 2505 Sacristae
583 2462 787 2518 stipendia
825 2467 1000 2519 recepta.
1040 2475 1074 2503 r.
1115 2476 1175 2517 gr.
1203 2464 1296 2518 quia
1326 2462 1507 2517 legitime
1534 2469 1746 2505 morantur

113 2535 229 2575 extra
265 2535 475 2589 propriam
510 2533 678 2576 domum
717 2535 949 2590 religiosam
986 2545 1107 2575 causa
1143 2533 1391 2577 studiorum.
1431 2535 1661 2583 ministerii,
1687 2537 1744 2576 in·

114 2601 214 2645 dulti
250 2606 624 2650 exclaustrationis.
658 2604 803 2648 debent
847 2610 1043 2645 oremale
1086 2603 1293 2645 adnotare
1336 2615 1376 2647 a)
1422 2617 1526 2660 quus
1570 2604 1744 2661 qm'sqae

115 2671 342 2716 illia-sarum
368 2675 621 2717 {retentiones
646 2675 861 2733 receperit.
889 2689 936 2717 ne
963 2674 1068 2724 illac,
1093 2674 1315 2727 oblivione,
1353 2676 1558 2729 inopinata
1597 2682 1740 2726 morto,

114 2747 358 2787 omittantur
391 2751 460 2788 aut
494 2746 708 2803 illegitime
742 2747 985 2787 dill'erantur
1018 2744 1234 2797 celebrari,
1271 2744 1312 2795 b)
1346 2743 1541 2801 qea'lmsre
1573 2745 1741 2803 milisse-

230 2898 240 2920 1
269 2897 315 2932 23
342 2898 436 2933 Nov.
472 2899 572 2933 1691.
604 2911 640 2932 11.
672 2902 706 2932 4.
