<?xml version="1.0" encoding="UTF-8"?>
<!DOCTYPE html PUBLIC "-//W3C//DTD XHTML 1.0 Transitional//EN"
    "http://www.w3.org/TR/xhtml1/DTD/xhtml1-transitional.dtd">
<html xmlns="http://www.w3.org/1999/xhtml" xml:lang="en" lang="en">
 <head>
  <title>
</title>
<meta http-equiv="Content-Type" content="text/html;charset=utf-8" />
  <meta name='ocr-system' content='tesseract 3.04.00' />
  <meta name='ocr-capabilities' content='ocr_page ocr_carea ocr_par ocr_line ocrx_word'/>
</head>
<body>
  <div class='ocr_page' id='page_1' title='image "./p1commentariumte03blatuoft_0665.png"; bbox 0 0 1971 3261; ppageno 0'>
   <div class='ocr_carea' id='block_1_1' title="bbox 0 0 47 1816">
    <p class='ocr_par' dir='ltr' id='par_1_1' title="bbox 0 0 47 1816">
     <span class='ocr_line' id='line_1_1' title="bbox 0 0 47 1816; baseline 0 0"><span class='ocrx_word' id='word_1_1' title='bbox 0 0 47 1816; x_wconf 95' lang='lat' dir='ltr'> </span> 
     </span>
    </p>
   </div>
   <div class='ocr_carea' id='block_1_2' title="bbox 155 115 1782 152">
    <p class='ocr_par' dir='ltr' id='par_1_2' title="bbox 155 115 1782 152">
     <span class='ocr_line' id='line_1_2' title="bbox 155 115 1782 152; baseline -0.002 0"><span class='ocrx_word' id='word_1_2' title='bbox 155 116 249 152; x_wconf 83' lang='lat' dir='ltr'>Can.</span> <span class='ocrx_word' id='word_1_3' title='bbox 277 116 367 151; x_wconf 88' lang='lat'>1101</span> <span class='ocrx_word' id='word_1_4' title='bbox 679 115 763 149; x_wconf 77' lang='grc' dir='ltr'><strong>ΤΙΤ.</strong></span> <span class='ocrx_word' id='word_1_5' title='bbox 793 115 880 149; x_wconf 80' lang='lat' dir='ltr'><strong>VII.</strong></span> <span class='ocrx_word' id='word_1_6' title='bbox 911 135 921 141; x_wconf 94' lang='lat'>-</span> <span class='ocrx_word' id='word_1_7' title='bbox 949 115 1006 150; x_wconf 87' lang='lat' dir='ltr'>De</span> <span class='ocrx_word' id='word_1_8' title='bbox 1033 116 1292 150; x_wconf 68' lang='lat' dir='ltr'>sslalrimonio</span> <span class='ocrx_word' id='word_1_9' title='bbox 1718 115 1782 149; x_wconf 86' lang='lat'>651</span> 
     </span>
    </p>
   </div>
   <div class='ocr_carea' id='block_1_3' title="bbox 153 234 1796 2772">
    <p class='ocr_par' dir='ltr' id='par_1_3' title="bbox 153 234 1793 1991">
     <span class='ocr_line' id='line_1_3' title="bbox 156 234 1789 292; baseline -0.001 -13"><span class='ocrx_word' id='word_1_10' title='bbox 156 234 379 280; x_wconf 78' lang='lat' dir='ltr'>Paroelms</span> <span class='ocrx_word' id='word_1_11' title='bbox 411 235 462 278; x_wconf 89' lang='lat' dir='ltr'>ad</span> <span class='ocrx_word' id='word_1_12' title='bbox 497 246 684 277; x_wconf 90' lang='lat' dir='ltr'>normam</span> <span class='ocrx_word' id='word_1_13' title='bbox 720 247 809 278; x_wconf 91' lang='lat' dir='ltr'>can.</span> <span class='ocrx_word' id='word_1_14' title='bbox 846 235 943 288; x_wconf 67' lang='lat'>451,</span> <span class='ocrx_word' id='word_1_15' title='bbox 978 239 1093 277; x_wconf 77' lang='lat' dir='ltr'>curet</span> <span class='ocrx_word' id='word_1_16' title='bbox 1126 247 1220 278; x_wconf 91' lang='lat' dir='ltr'>cum</span> <span class='ocrx_word' id='word_1_17' title='bbox 1248 234 1465 291; x_wconf 89' lang='lat' dir='ltr'>prudentia</span> <span class='ocrx_word' id='word_1_18' title='bbox 1490 240 1533 277; x_wconf 77' lang='lat' dir='ltr'>ut</span> <span class='ocrx_word' id='word_1_19' title='bbox 1557 234 1701 292; x_wconf 74' lang='lat' dir='ltr'>sponsi</span> <span class='ocrx_word' id='word_1_20' title='bbox 1727 237 1789 278; x_wconf 72' lang='lat' dir='ltr'>vir</span> 
     </span>
     <span class='ocr_line' id='line_1_4' title="bbox 156 304 1789 362; baseline -0.003 -10"><span class='ocrx_word' id='word_1_21' title='bbox 156 320 204 352; x_wconf 90' lang='lat' dir='ltr'>ac</span> <span class='ocrx_word' id='word_1_22' title='bbox 239 306 387 350; x_wconf 90' lang='lat' dir='ltr'>mulier</span> <span class='ocrx_word' id='word_1_23' title='bbox 421 309 509 362; x_wconf 86' lang='lat' dir='ltr'>post</span> <span class='ocrx_word' id='word_1_24' title='bbox 545 307 794 348; x_wconf 76' lang='lat' dir='ltr'>matrimonii</span> <span class='ocrx_word' id='word_1_25' title='bbox 830 310 1087 349; x_wconf 83' lang='lat' dir='ltr'>coiitractum</span> <span class='ocrx_word' id='word_1_26' title='bbox 1123 304 1444 348; x_wconf 72' lang='lat' dir='ltr'><em>benedictionem</em></span> <span class='ocrx_word' id='word_1_27' title='bbox 1471 305 1694 349; x_wconf 71' lang='lat' dir='ltr'>solemnem</span> <span class='ocrx_word' id='word_1_28' title='bbox 1727 320 1789 347; x_wconf 78' lang='lat' dir='ltr'>m·-</span> 
     </span>
     <span class='ocr_line' id='line_1_5' title="bbox 156 375 1787 436; baseline -0.001 -17"><span class='ocrx_word' id='word_1_29' title='bbox 156 377 330 436; x_wconf 67' lang='lat' dir='ltr'>ei&#39;piant,</span> <span class='ocrx_word' id='word_1_30' title='bbox 363 375 543 420; x_wconf 90' lang='lat' dir='ltr'>scilicet:</span> <span class='ocrx_word' id='word_1_31' title='bbox 579 375 669 418; x_wconf 87' lang='lat' dir='ltr'>illas</span> <span class='ocrx_word' id='word_1_32' title='bbox 702 375 804 419; x_wconf 84' lang='lat' dir='ltr'>duas</span> <span class='ocrx_word' id='word_1_33' title='bbox 838 378 1057 431; x_wconf 75' lang='lat' dir='ltr'>orationes,</span> <span class='ocrx_word' id='word_1_34' title='bbox 1082 389 1188 434; x_wconf 86' lang='lat' dir='ltr'>quae</span> <span class='ocrx_word' id='word_1_35' title='bbox 1224 381 1407 432; x_wconf 77' lang='lat' dir='ltr'>prostant</span> <span class='ocrx_word' id='word_1_36' title='bbox 1433 379 1469 419; x_wconf 92' lang='lat' dir='ltr'>in</span> <span class='ocrx_word' id='word_1_37' title='bbox 1497 376 1644 420; x_wconf 87' lang='lat' dir='ltr'>Missali</span> <span class='ocrx_word' id='word_1_38' title='bbox 1673 376 1787 420; x_wconf 81' lang='lat' dir='ltr'>Rom.</span> 
     </span>
     <span class='ocr_line' id='line_1_6' title="bbox 158 448 1787 503; baseline -0.001 -12"><span class='ocrx_word' id='word_1_39' title='bbox 158 449 396 491; x_wconf 88' lang='lat' dir='ltr'>interiectae</span> <span class='ocrx_word' id='word_1_40' title='bbox 431 448 580 489; x_wconf 89' lang='lat' dir='ltr'>missae</span> <span class='ocrx_word' id='word_1_41' title='bbox 616 448 781 489; x_wconf 68' lang='lat' dir='ltr'>votivae</span> <span class='ocrx_word' id='word_1_42' title='bbox 816 459 888 502; x_wconf 90' lang='lat' dir='ltr'>pro</span> <span class='ocrx_word' id='word_1_43' title='bbox 911 460 1060 502; x_wconf 87' lang='lat' dir='ltr'>sponso</span> <span class='ocrx_word' id='word_1_44' title='bbox 1084 452 1121 489; x_wconf 92' lang='lat' dir='ltr'>et</span> <span class='ocrx_word' id='word_1_45' title='bbox 1145 460 1309 503; x_wconf 67' lang='lat' dir='ltr'>sponsa,</span> <span class='ocrx_word' id='word_1_46' title='bbox 1334 460 1412 490; x_wconf 91' lang='lat' dir='ltr'>una</span> <span class='ocrx_word' id='word_1_47' title='bbox 1439 452 1525 503; x_wconf 89' lang='lat' dir='ltr'>post</span> <span class='ocrx_word' id='word_1_48' title='bbox 1560 449 1787 490; x_wconf 90' lang='lat' dir='ltr'>orationem</span> 
     </span>
     <span class='ocr_line' id='line_1_7' title="bbox 156 517 1791 575; baseline -0.001 -13"><span class='ocrx_word' id='word_1_49' title='bbox 156 519 406 562; x_wconf 77' lang='lat' dir='ltr'>dominicam</span> <span class='ocrx_word' id='word_1_50' title='bbox 441 522 480 560; x_wconf 90' lang='lat' dir='ltr'>et</span> <span class='ocrx_word' id='word_1_51' title='bbox 513 517 641 560; x_wconf 90' lang='lat' dir='ltr'>altera</span> <span class='ocrx_word' id='word_1_52' title='bbox 677 522 764 573; x_wconf 89' lang='lat' dir='ltr'>post</span> <span class='ocrx_word' id='word_1_53' title='bbox 794 533 816 557; x_wconf 85' lang='lat'>((</span> <span class='ocrx_word' id='word_1_54' title='bbox 836 517 891 560; x_wconf 91' lang='lat' dir='ltr'>lte</span> <span class='ocrx_word' id='word_1_55' title='bbox 917 520 1040 561; x_wconf 87' lang='lat' dir='ltr'>missa</span> <span class='ocrx_word' id='word_1_56' title='bbox 1065 522 1125 561; x_wconf 90' lang='lat' dir='ltr'>est</span> <span class='ocrx_word' id='word_1_57' title='bbox 1147 534 1186 560; x_wconf 79' lang='lat' dir='ltr'>»z</span> <span class='ocrx_word' id='word_1_58' title='bbox 1207 532 1314 575; x_wconf 78' lang='lat' dir='ltr'>quoe</span> <span class='ocrx_word' id='word_1_59' title='bbox 1339 518 1572 561; x_wconf 78' lang='lat' dir='ltr'>benedictio</span> <span class='ocrx_word' id='word_1_60' title='bbox 1598 517 1791 574; x_wconf 87' lang='lat' dir='ltr'>nuptialis</span> 
     </span>
     <span class='ocr_line' id='line_1_8' title="bbox 155 588 1788 645; baseline 0 -14"><span class='ocrx_word' id='word_1_61' title='bbox 155 588 254 632; x_wconf 74' lang='lat' dir='ltr'>clari</span> <span class='ocrx_word' id='word_1_62' title='bbox 285 588 345 631; x_wconf 75' lang='lat' dir='ltr'>eis</span> <span class='ocrx_word' id='word_1_63' title='bbox 376 593 512 645; x_wconf 82' lang='lat' dir='ltr'>potest</span> <span class='ocrx_word' id='word_1_64' title='bbox 545 593 582 637; x_wconf 87' lang='lat' dir='ltr'>a)</span> <span class='ocrx_word' id='word_1_65' title='bbox 616 588 742 630; x_wconf 77' lang='lat' dir='ltr'>eliam</span> <span class='ocrx_word' id='word_1_66' title='bbox 775 593 998 645; x_wconf 73' lang='lat' dir='ltr'>postquam</span> <span class='ocrx_word' id='word_1_67' title='bbox 1031 588 1104 631; x_wconf 77' lang='lat' dir='ltr'>(liu</span> <span class='ocrx_word' id='word_1_68' title='bbox 1141 589 1325 631; x_wconf 72' lang='lat' dir='ltr'>oioeerint</span> <span class='ocrx_word' id='word_1_69' title='bbox 1362 589 1403 631; x_wconf 73' lang='lat' dir='ltr'>in</span> <span class='ocrx_word' id='word_1_70' title='bbox 1446 589 1728 640; x_wconf 77' lang='lat' dir='ltr'>matrimonio,</span> <span class='ocrx_word' id='word_1_71' title='bbox 1752 593 1788 632; x_wconf 92' lang='grc'>61</span> 
     </span>
     <span class='ocr_line' id='line_1_9' title="bbox 156 658 1789 716; baseline -0.001 -14"><span class='ocrx_word' id='word_1_72' title='bbox 156 660 323 702; x_wconf 76' lang='lat' dir='ltr'>forsitan</span> <span class='ocrx_word' id='word_1_73' title='bbox 360 658 443 700; x_wconf 87' lang='lat' dir='ltr'>tilio</span> <span class='ocrx_word' id='word_1_74' title='bbox 477 658 616 716; x_wconf 87' lang='lat' dir='ltr'>aliquo</span> <span class='ocrx_word' id='word_1_75' title='bbox 652 663 832 714; x_wconf 69' lang='lat' dir='ltr'>recepto,</span> <span class='ocrx_word' id='word_1_76' title='bbox 868 661 978 701; x_wconf 78' lang='lat' dir='ltr'>iuxta</span> <span class='ocrx_word' id='word_1_77' title='bbox 1014 659 1338 702; x_wconf 90' lang='lat' dir='ltr'>declarationem</span> <span class='ocrx_word' id='word_1_78' title='bbox 1374 660 1411 703; x_wconf 86' lang='lat' dir='ltr'>S.</span> <span class='ocrx_word' id='word_1_79' title='bbox 1437 658 1585 715; x_wconf 83' lang='lat' dir='ltr'>Congr.</span> <span class='ocrx_word' id='word_1_80' title='bbox 1623 659 1789 702; x_wconf 89' lang='lat' dir='ltr'>Rituum</span> 
     </span>
     <span class='ocr_line' id='line_1_10' title="bbox 156 728 1790 786; baseline 0.001 -14"><span class='ocrx_word' id='word_1_81' title='bbox 156 732 194 772; x_wconf 94' lang='lat' dir='ltr'>in</span> <span class='ocrx_word' id='word_1_82' title='bbox 230 729 422 773; x_wconf 90' lang='lat' dir='ltr'>Baionen.</span> <span class='ocrx_word' id='word_1_83' title='bbox 463 744 483 770; x_wconf 74' lang='lat' dir='ltr'>c&lt;</span> <span class='ocrx_word' id='word_1_84' title='bbox 508 728 639 772; x_wconf 90' lang='lat' dir='ltr'>Dubia</span> <span class='ocrx_word' id='word_1_85' title='bbox 677 731 789 773; x_wconf 73' lang='lat' dir='ltr'>varia</span> <span class='ocrx_word' id='word_1_86' title='bbox 814 746 833 769; x_wconf 75' lang='lat'>2&gt;</span> <span class='ocrx_word' id='word_1_87' title='bbox 866 730 900 772; x_wconf 87' lang='lat'>¹:</span> <span class='ocrx_word' id='word_1_88' title='bbox 942 730 1035 773; x_wconf 83' lang='lat' dir='ltr'>«ad</span> <span class='ocrx_word' id='word_1_89' title='bbox 1074 729 1184 773; x_wconf 86' lang='lat' dir='ltr'>Vll...</span> <span class='ocrx_word' id='word_1_90' title='bbox 1218 730 1268 773; x_wconf 88' lang='lat' dir='ltr'>ad</span> <span class='ocrx_word' id='word_1_91' title='bbox 1303 731 1622 786; x_wconf 89' lang='lat' dir='ltr'>impertiendam</span> <span class='ocrx_word' id='word_1_92' title='bbox 1669 729 1790 773; x_wconf 91' lang='lat' dir='ltr'>bene-</span> 
     </span>
     <span class='ocr_line' id='line_1_11' title="bbox 155 797 1788 858; baseline -0.001 -14"><span class='ocrx_word' id='word_1_93' title='bbox 155 801 378 845; x_wconf 79' lang='lat' dir='ltr'>dictionem</span> <span class='ocrx_word' id='word_1_94' title='bbox 415 800 640 856; x_wconf 81' lang='lat' dir='ltr'>nuptialem</span> <span class='ocrx_word' id='word_1_95' title='bbox 677 797 765 857; x_wconf 72' lang='lat' dir='ltr'>&#39;post</span> <span class='ocrx_word' id='word_1_96' title='bbox 799 805 962 857; x_wconf 90' lang='lat' dir='ltr'>tempus</span> <span class='ocrx_word' id='word_1_97' title='bbox 997 803 1189 844; x_wconf 89' lang='lat' dir='ltr'>t&#39;eriatnm</span> <span class='ocrx_word' id='word_1_98' title='bbox 1224 801 1472 858; x_wconf 85' lang='lat' dir='ltr'>coniugibus</span> <span class='ocrx_word' id='word_1_99' title='bbox 1505 806 1625 845; x_wconf 89' lang='lat' dir='ltr'>antea</span> <span class='ocrx_word' id='word_1_100' title='bbox 1650 803 1788 844; x_wconf 89' lang='lat' dir='ltr'>matri-</span> 
     </span>
     <span class='ocr_line' id='line_1_12' title="bbox 156 871 1789 930; baseline -0.001 -15"><span class='ocrx_word' id='word_1_101' title='bbox 156 874 293 915; x_wconf 89' lang='lat' dir='ltr'>monio</span> <span class='ocrx_word' id='word_1_102' title='bbox 319 874 482 926; x_wconf 80' lang='lat' dir='ltr'>iunctis,</span> <span class='ocrx_word' id='word_1_103' title='bbox 507 874 739 915; x_wconf 89' lang='lat' dir='ltr'>necessaria</span> <span class='ocrx_word' id='word_1_104' title='bbox 764 877 824 915; x_wconf 88' lang='lat' dir='ltr'>est</span> <span class='ocrx_word' id='word_1_105' title='bbox 848 874 1079 928; x_wconf 89' lang='lat' dir='ltr'>praesentia</span> <span class='ocrx_word' id='word_1_106' title='bbox 1104 871 1321 915; x_wconf 88' lang='lat' dir='ltr'>amborum</span> <span class='ocrx_word' id='word_1_107' title='bbox 1346 886 1590 928; x_wconf 88' lang='lat' dir='ltr'>sponsorum</span> <span class='ocrx_word' id='word_1_108' title='bbox 1617 889 1656 927; x_wconf 75' lang='lat'>»‚</span> <span class='ocrx_word' id='word_1_109' title='bbox 1680 872 1789 930; x_wconf 88' lang='lat' dir='ltr'>quod</span> 
     </span>
     <span class='ocr_line' id='line_1_13' title="bbox 157 942 1791 999; baseline 0 -15"><span class='ocrx_word' id='word_1_110' title='bbox 157 942 353 998; x_wconf 78' lang='lat' dir='ltr'>implicite</span> <span class='ocrx_word' id='word_1_111' title='bbox 387 955 518 985; x_wconf 87' lang='lat' dir='ltr'>canon</span> <span class='ocrx_word' id='word_1_112' title='bbox 543 946 744 998; x_wconf 79' lang='lat' dir='ltr'>expressit</span> <span class='ocrx_word' id='word_1_113' title='bbox 774 942 912 986; x_wconf 86' lang='lat' dir='ltr'>verbis</span> <span class='ocrx_word' id='word_1_114' title='bbox 949 958 971 984; x_wconf 87' lang='grc'>((</span> <span class='ocrx_word' id='word_1_115' title='bbox 993 945 1129 999; x_wconf 85' lang='lat' dir='ltr'>sponsi</span> <span class='ocrx_word' id='word_1_116' title='bbox 1155 958 1175 983; x_wconf 88' lang='lat'>))</span> <span class='ocrx_word' id='word_1_117' title='bbox 1215 948 1253 986; x_wconf 90' lang='lat' dir='ltr'>et</span> <span class='ocrx_word' id='word_1_118' title='bbox 1292 958 1312 984; x_wconf 80' lang='lat'>«</span> <span class='ocrx_word' id='word_1_119' title='bbox 1336 945 1395 986; x_wconf 93' lang='lat' dir='ltr'>eis</span> <span class='ocrx_word' id='word_1_120' title='bbox 1418 959 1458 996; x_wconf 75' lang='lat'>›&gt;‚</span> <span class='ocrx_word' id='word_1_121' title='bbox 1493 942 1532 997; x_wconf 72' lang='lat' dir='ltr'>b&#39;)</span> <span class='ocrx_word' id='word_1_122' title='bbox 1564 942 1636 985; x_wconf 80' lang='lat' dir='ltr'>sed</span> <span class='ocrx_word' id='word_1_123' title='bbox 1658 942 1791 985; x_wconf 78' lang='lat' dir='ltr'>solum</span> 
     </span>
     <span class='ocr_line' id='line_1_14' title="bbox 157 1012 1788 1071; baseline 0.001 -16"><span class='ocrx_word' id='word_1_124' title='bbox 157 1014 197 1055; x_wconf 78' lang='lat' dir='ltr'>in</span> <span class='ocrx_word' id='word_1_125' title='bbox 232 1012 379 1067; x_wconf 77' lang='lat' dir='ltr'>Missa,</span> <span class='ocrx_word' id='word_1_126' title='bbox 413 1014 464 1057; x_wconf 91' lang='lat' dir='ltr'>de</span> <span class='ocrx_word' id='word_1_127' title='bbox 497 1026 577 1071; x_wconf 86' lang='lat' dir='ltr'>qua</span> <span class='ocrx_word' id='word_1_128' title='bbox 603 1014 746 1057; x_wconf 89' lang='lat' dir='ltr'>eadem</span> <span class='ocrx_word' id='word_1_129' title='bbox 772 1014 810 1057; x_wconf 83' lang='lat' dir='ltr'>S.</span> <span class='ocrx_word' id='word_1_130' title='bbox 836 1014 985 1070; x_wconf 69' lang='lat' dir='ltr'>(jongr.</span> <span class='ocrx_word' id='word_1_131' title='bbox 1013 1013 1099 1071; x_wconf 90' lang='lat' dir='ltr'>(cit.</span> <span class='ocrx_word' id='word_1_132' title='bbox 1126 1013 1289 1071; x_wconf 85' lang='lat' dir='ltr'>Dubiis)</span> <span class='ocrx_word' id='word_1_133' title='bbox 1315 1014 1548 1070; x_wconf 80' lang='lat' dir='ltr'>respondit:</span> <span class='ocrx_word' id='word_1_134' title='bbox 1590 1029 1609 1054; x_wconf 75' lang='lat'>«</span> <span class='ocrx_word' id='word_1_135' title='bbox 1634 1014 1696 1057; x_wconf 87' lang='lat' dir='ltr'>Ad</span> <span class='ocrx_word' id='word_1_136' title='bbox 1727 1012 1788 1056; x_wconf 86' lang='lat' dir='ltr'>Vl.</span> 
     </span>
     <span class='ocr_line' id='line_1_15' title="bbox 155 1082 1790 1141; baseline 0 -15"><span class='ocrx_word' id='word_1_137' title='bbox 155 1082 292 1137; x_wconf 79' lang='lat' dir='ltr'>Quum</span> <span class='ocrx_word' id='word_1_138' title='bbox 330 1086 496 1141; x_wconf 85' lang='lat' dir='ltr'>nuptiae</span> <span class='ocrx_word' id='word_1_139' title='bbox 519 1084 754 1128; x_wconf 74' lang='lat' dir='ltr'>celebratae</span> <span class='ocrx_word' id='word_1_140' title='bbox 778 1085 941 1127; x_wconf 83' lang='lat' dir='ltr'>luerunt</span> <span class='ocrx_word' id='word_1_141' title='bbox 968 1090 1155 1140; x_wconf 89' lang='lat' dir='ltr'>tempore</span> <span class='ocrx_word' id='word_1_142' title='bbox 1182 1084 1402 1141; x_wconf 77' lang='lat' dir='ltr'>prohibito,</span> <span class='ocrx_word' id='word_1_143' title='bbox 1427 1089 1466 1128; x_wconf 89' lang='lat' dir='ltr'>et</span> <span class='ocrx_word' id='word_1_144' title='bbox 1489 1087 1626 1141; x_wconf 87' lang='lat' dir='ltr'>sponsi</span> <span class='ocrx_word' id='word_1_145' title='bbox 1653 1089 1790 1141; x_wconf 88' lang='lat' dir='ltr'>postea</span> 
     </span>
     <span class='ocr_line' id='line_1_16' title="bbox 157 1154 1792 1213; baseline -0.001 -16"><span class='ocrx_word' id='word_1_146' title='bbox 157 1154 486 1198; x_wconf 82' lang='lat' dir='ltr'>benedictionem</span> <span class='ocrx_word' id='word_1_147' title='bbox 538 1155 763 1212; x_wconf 85' lang='lat' dir='ltr'>nuptialem</span> <span class='ocrx_word' id='word_1_148' title='bbox 816 1157 1080 1211; x_wconf 72' lang='lat' dir='ltr'>petiei·unt‚...</span> <span class='ocrx_word' id='word_1_149' title='bbox 1116 1155 1335 1212; x_wconf 83' lang='lat' dir='ltr'>eligendus</span> <span class='ocrx_word' id='word_1_150' title='bbox 1382 1160 1440 1199; x_wconf 88' lang='lat' dir='ltr'>est</span> <span class='ocrx_word' id='word_1_151' title='bbox 1490 1158 1577 1199; x_wconf 90' lang='grc'><strong>(1165</strong></span> <span class='ocrx_word' id='word_1_152' title='bbox 1628 1158 1665 1198; x_wconf 91' lang='grc'>111</span> <span class='ocrx_word' id='word_1_153' title='bbox 1710 1168 1792 1213; x_wconf 86' lang='lat' dir='ltr'>qno</span> 
     </span>
     <span class='ocr_line' id='line_1_17' title="bbox 156 1224 1791 1283; baseline 0 -15"><span class='ocrx_word' id='word_1_154' title='bbox 156 1225 272 1269; x_wconf 77' lang='lat' dir='ltr'>Missa</span> <span class='ocrx_word' id='word_1_155' title='bbox 312 1228 449 1269; x_wconf 75' lang='lat' dir='ltr'>votiva</span> <span class='ocrx_word' id='word_1_156' title='bbox 476 1240 548 1282; x_wconf 89' lang='lat' dir='ltr'>pro</span> <span class='ocrx_word' id='word_1_157' title='bbox 571 1228 732 1282; x_wconf 89' lang='lat' dir='ltr'>sponsis</span> <span class='ocrx_word' id='word_1_158' title='bbox 750 1226 830 1269; x_wconf 90' lang='lat' dir='ltr'>dici</span> <span class='ocrx_word' id='word_1_159' title='bbox 854 1229 992 1282; x_wconf 76' lang='lat' dir='ltr'>possit,</span> <span class='ocrx_word' id='word_1_160' title='bbox 1014 1260 1021 1267; x_wconf 90' lang='lat'><strong><em>.</em></strong></span> <span class='ocrx_word' id='word_1_161' title='bbox 1047 1244 1087 1279; x_wconf 76' lang='lat'>»,</span> <span class='ocrx_word' id='word_1_162' title='bbox 1112 1231 1152 1269; x_wconf 89' lang='lat' dir='ltr'>et</span> <span class='ocrx_word' id='word_1_163' title='bbox 1177 1227 1256 1270; x_wconf 79' lang='lat' dir='ltr'>linc</span> <span class='ocrx_word' id='word_1_164' title='bbox 1283 1229 1458 1283; x_wconf 89' lang='lat' dir='ltr'>pertinet</span> <span class='ocrx_word' id='word_1_165' title='bbox 1483 1225 1577 1270; x_wconf 91' lang='lat' dir='ltr'>Dec.</span> <span class='ocrx_word' id='word_1_166' title='bbox 1603 1228 1641 1269; x_wconf 76' lang='lat' dir='ltr'>S.</span> <span class='ocrx_word' id='word_1_167' title='bbox 1664 1224 1791 1282; x_wconf 82' lang='lat' dir='ltr'>Cong.</span> 
     </span>
     <span class='ocr_line' id='line_1_18' title="bbox 155 1296 1790 1353; baseline -0.001 -12"><span class='ocrx_word' id='word_1_168' title='bbox 155 1297 230 1341; x_wconf 83' lang='lat' dir='ltr'>Rit.</span> <span class='ocrx_word' id='word_1_169' title='bbox 268 1299 304 1339; x_wconf 92' lang='lat' dir='ltr'>in</span> <span class='ocrx_word' id='word_1_170' title='bbox 340 1296 547 1341; x_wconf 90' lang='lat' dir='ltr'>Belemen.</span> <span class='ocrx_word' id='word_1_171' title='bbox 582 1297 632 1340; x_wconf 90' lang='grc'>(16</span> <span class='ocrx_word' id='word_1_172' title='bbox 669 1297 784 1351; x_wconf 79' lang='grc'><strong>1)31·3,</strong></span> <span class='ocrx_word' id='word_1_173' title='bbox 821 1298 917 1341; x_wconf 84' lang='lat' dir='ltr'>«de</span> <span class='ocrx_word' id='word_1_174' title='bbox 951 1311 1030 1341; x_wconf 90' lang='lat' dir='ltr'>non</span> <span class='ocrx_word' id='word_1_175' title='bbox 1067 1299 1342 1353; x_wconf 90' lang='lat' dir='ltr'>impertienda</span> <span class='ocrx_word' id='word_1_176' title='bbox 1394 1297 1684 1342; x_wconf 89' lang='lat' dir='ltr'>benedictione</span> <span class='ocrx_word' id='word_1_177' title='bbox 1717 1309 1790 1339; x_wconf 92' lang='lat' dir='ltr'>nu-</span> 
     </span>
     <span class='ocr_line' id='line_1_19' title="bbox 154 1365 1791 1423; baseline 0 -15"><span class='ocrx_word' id='word_1_178' title='bbox 154 1366 265 1423; x_wconf 87' lang='lat' dir='ltr'>ptiali</span> <span class='ocrx_word' id='word_1_179' title='bbox 301 1371 416 1410; x_wconf 86' lang='lat' dir='ltr'>extra</span> <span class='ocrx_word' id='word_1_180' title='bbox 451 1365 614 1410; x_wconf 89' lang='lat' dir='ltr'>Missam</span> <span class='ocrx_word' id='word_1_181' title='bbox 643 1383 660 1408; x_wconf 86' lang='lat'>»</span> <span class='ocrx_word' id='word_1_182' title='bbox 685 1368 722 1410; x_wconf 74' lang='lat'>2:</span> <span class='ocrx_word' id='word_1_183' title='bbox 763 1383 785 1408; x_wconf 75' lang='grc' dir='ltr'>ε(</span> <span class='ocrx_word' id='word_1_184' title='bbox 808 1366 890 1410; x_wconf 88' lang='grc'><strong>13111</strong></span> <span class='ocrx_word' id='word_1_185' title='bbox 926 1367 1067 1411; x_wconf 90' lang='lat' dir='ltr'>multis</span> <span class='ocrx_word' id='word_1_186' title='bbox 1097 1367 1248 1411; x_wconf 87' lang='lat' dir='ltr'>abhinc</span> <span class='ocrx_word' id='word_1_187' title='bbox 1272 1370 1404 1422; x_wconf 75' lang='lat' dir='ltr'>annis,</span> <span class='ocrx_word' id='word_1_188' title='bbox 1431 1370 1468 1410; x_wconf 93' lang='lat' dir='ltr'>in</span> <span class='ocrx_word' id='word_1_189' title='bbox 1493 1367 1791 1411; x_wconf 87' lang='lat' dir='ltr'>archidioecesi</span> 
     </span>
     <span class='ocr_line' id='line_1_20' title="bbox 154 1437 1790 1495; baseline 0 -15"><span class='ocrx_word' id='word_1_190' title='bbox 154 1437 358 1481; x_wconf 84' lang='lat' dir='ltr'>Belemen.</span> <span class='ocrx_word' id='word_1_191' title='bbox 395 1437 445 1481; x_wconf 86' lang='lat' dir='ltr'>de</span> <span class='ocrx_word' id='word_1_192' title='bbox 482 1437 581 1481; x_wconf 83' lang='lat' dir='ltr'>Para</span> <span class='ocrx_word' id='word_1_193' title='bbox 615 1440 654 1481; x_wconf 89' lang='grc'>111</span> <span class='ocrx_word' id='word_1_194' title='bbox 693 1438 875 1489; x_wconf 71' lang='grc'><strong>81351113,</strong></span> <span class='ocrx_word' id='word_1_195' title='bbox 909 1439 1171 1482; x_wconf 87' lang='lat' dir='ltr'>consuetudo</span> <span class='ocrx_word' id='word_1_196' title='bbox 1219 1441 1331 1495; x_wconf 83' lang='lat' dir='ltr'>viget</span> <span class='ocrx_word' id='word_1_197' title='bbox 1378 1438 1616 1482; x_wconf 87' lang='lat' dir='ltr'>celebrandi</span> <span class='ocrx_word' id='word_1_198' title='bbox 1654 1440 1790 1481; x_wconf 89' lang='lat' dir='ltr'>matri-</span> 
     </span>
     <span class='ocr_line' id='line_1_21' title="bbox 155 1508 1792 1568; baseline 0 -17"><span class='ocrx_word' id='word_1_199' title='bbox 155 1511 290 1552; x_wconf 89' lang='lat' dir='ltr'>monia</span> <span class='ocrx_word' id='word_1_200' title='bbox 327 1513 416 1565; x_wconf 82' lang='lat' dir='ltr'>post</span> <span class='ocrx_word' id='word_1_201' title='bbox 451 1509 669 1552; x_wconf 86' lang='lat' dir='ltr'>meridiem</span> <span class='ocrx_word' id='word_1_202' title='bbox 708 1508 770 1552; x_wconf 88' lang='lat' dir='ltr'>vel</span> <span class='ocrx_word' id='word_1_203' title='bbox 804 1509 881 1552; x_wconf 92' lang='lat' dir='ltr'>sub</span> <span class='ocrx_word' id='word_1_204' title='bbox 915 1514 1049 1565; x_wconf 77' lang='lat' dir='ltr'>nocte,</span> <span class='ocrx_word' id='word_1_205' title='bbox 1085 1523 1192 1568; x_wconf 85' lang='lat' dir='ltr'>quae</span> <span class='ocrx_word' id='word_1_206' title='bbox 1228 1512 1359 1566; x_wconf 86' lang='lat' dir='ltr'>magis</span> <span class='ocrx_word' id='word_1_207' title='bbox 1404 1510 1578 1553; x_wconf 85' lang='lat' dir='ltr'>invaluit</span> <span class='ocrx_word' id='word_1_208' title='bbox 1612 1514 1701 1567; x_wconf 87' lang='lat' dir='ltr'>post</span> <span class='ocrx_word' id='word_1_209' title='bbox 1735 1511 1792 1551; x_wconf 92' lang='lat' dir='ltr'>in-</span> 
     </span>
     <span class='ocr_line' id='line_1_22' title="bbox 153 1579 1793 1638; baseline 0 -15"><span class='ocrx_word' id='word_1_210' title='bbox 153 1581 386 1624; x_wconf 88' lang='lat' dir='ltr'>troductam</span> <span class='ocrx_word' id='word_1_211' title='bbox 423 1579 556 1636; x_wconf 84' lang='lat' dir='ltr'>legem</span> <span class='ocrx_word' id='word_1_212' title='bbox 590 1579 726 1624; x_wconf 79' lang='lat' dir='ltr'>civilis</span> <span class='ocrx_word' id='word_1_213' title='bbox 762 1583 1016 1624; x_wconf 85' lang='lat' dir='ltr'>matrimonii</span> <span class='ocrx_word' id='word_1_214' title='bbox 1051 1594 1132 1638; x_wconf 88' lang='lat' dir='ltr'>quo</span> <span class='ocrx_word' id='word_1_215' title='bbox 1168 1582 1212 1625; x_wconf 84' lang='lat' dir='ltr'>tit</span> <span class='ocrx_word' id='word_1_216' title='bbox 1247 1586 1289 1624; x_wconf 90' lang='lat' dir='ltr'>ut</span> <span class='ocrx_word' id='word_1_217' title='bbox 1321 1583 1520 1638; x_wconf 84' lang='lat' dir='ltr'>coniuges</span> <span class='ocrx_word' id='word_1_218' title='bbox 1551 1583 1793 1638; x_wconf 89' lang='lat' dir='ltr'>saepissime</span> 
     </span>
     <span class='ocr_line' id='line_1_23' title="bbox 154 1650 1792 1709; baseline 0.002 -16"><span class='ocrx_word' id='word_1_219' title='bbox 154 1650 365 1708; x_wconf 82' lang='lat' dir='ltr'>negligant</span> <span class='ocrx_word' id='word_1_220' title='bbox 399 1655 437 1693; x_wconf 89' lang='lat' dir='ltr'>et</span> <span class='ocrx_word' id='word_1_221' title='bbox 471 1653 663 1694; x_wconf 86' lang='lat' dir='ltr'>omittant</span> <span class='ocrx_word' id='word_1_222' title='bbox 698 1650 1028 1695; x_wconf 86' lang='lat' dir='ltr'>benedictionem</span> <span class='ocrx_word' id='word_1_223' title='bbox 1067 1652 1293 1709; x_wconf 88' lang='lat' dir='ltr'>nuptialem</span> <span class='ocrx_word' id='word_1_224' title='bbox 1336 1654 1374 1695; x_wconf 92' lang='lat' dir='ltr'>in</span> <span class='ocrx_word' id='word_1_225' title='bbox 1409 1651 1529 1696; x_wconf 91' lang='lat' dir='ltr'>Missa</span> <span class='ocrx_word' id='word_1_226' title='bbox 1578 1653 1658 1697; x_wconf 89' lang='lat' dir='ltr'>alio</span> <span class='ocrx_word' id='word_1_227' title='bbox 1692 1657 1792 1696; x_wconf 88' lang='lat' dir='ltr'>tem·</span> 
     </span>
     <span class='ocr_line' id='line_1_24' title="bbox 156 1721 1792 1781; baseline 0.002 -16"><span class='ocrx_word' id='word_1_228' title='bbox 156 1735 254 1778; x_wconf 81' lang='lat' dir='ltr'>pore</span> <span class='ocrx_word' id='word_1_229' title='bbox 288 1724 487 1778; x_wconf 88' lang='lat' dir='ltr'>recipere.</span> <span class='ocrx_word' id='word_1_230' title='bbox 524 1721 629 1765; x_wconf 87' lang='lat' dir='ltr'>Hinc</span> <span class='ocrx_word' id='word_1_231' title='bbox 663 1725 900 1779; x_wconf 85' lang='lat' dir='ltr'>quaeritur:</span> <span class='ocrx_word' id='word_1_232' title='bbox 949 1735 998 1766; x_wconf 89' lang='lat' dir='ltr'>an</span> <span class='ocrx_word' id='word_1_233' title='bbox 1044 1724 1212 1766; x_wconf 86' lang='lat' dir='ltr'>attentis</span> <span class='ocrx_word' id='word_1_234' title='bbox 1259 1726 1471 1780; x_wconf 74' lang='lat' dir='ltr'>expositis,</span> <span class='ocrx_word' id='word_1_235' title='bbox 1505 1729 1544 1767; x_wconf 88' lang='lat' dir='ltr'>et</span> <span class='ocrx_word' id='word_1_236' title='bbox 1579 1738 1651 1781; x_wconf 93' lang='lat' dir='ltr'>pro</span> <span class='ocrx_word' id='word_1_237' title='bbox 1685 1725 1792 1768; x_wconf 87' lang='lat' dir='ltr'>dicta</span> 
     </span>
     <span class='ocr_line' id='line_1_25' title="bbox 154 1793 1792 1852; baseline 0.002 -17"><span class='ocrx_word' id='word_1_238' title='bbox 154 1793 349 1841; x_wconf 77' lang='lat' dir='ltr'>dioecesi,</span> <span class='ocrx_word' id='word_1_239' title='bbox 384 1795 421 1835; x_wconf 92' lang='lat' dir='ltr'>in</span> <span class='ocrx_word' id='word_1_240' title='bbox 456 1795 730 1836; x_wconf 87' lang='lat' dir='ltr'>matrimoniis</span> <span class='ocrx_word' id='word_1_241' title='bbox 763 1793 1039 1850; x_wconf 79' lang='lat' dir='ltr'>celebrandis,</span> <span class='ocrx_word' id='word_1_242' title='bbox 1075 1794 1308 1838; x_wconf 85' lang='lat' dir='ltr'>benedictio</span> <span class='ocrx_word' id='word_1_243' title='bbox 1357 1795 1565 1851; x_wconf 87' lang='lat' dir='ltr'>nuptialis,</span> <span class='ocrx_word' id='word_1_244' title='bbox 1600 1801 1721 1852; x_wconf 89' lang='lat' dir='ltr'>prout</span> <span class='ocrx_word' id='word_1_245' title='bbox 1755 1798 1792 1839; x_wconf 93' lang='lat' dir='ltr'>in</span> 
     </span>
     <span class='ocr_line' id='line_1_26' title="bbox 156 1863 1792 1923; baseline 0.003 -17"><span class='ocrx_word' id='word_1_246' title='bbox 156 1863 274 1907; x_wconf 87' lang='lat' dir='ltr'>Missa</span> <span class='ocrx_word' id='word_1_247' title='bbox 311 1877 382 1921; x_wconf 89' lang='lat' dir='ltr'>pro</span> <span class='ocrx_word' id='word_1_248' title='bbox 416 1876 566 1920; x_wconf 91' lang='lat' dir='ltr'>sponso</span> <span class='ocrx_word' id='word_1_249' title='bbox 600 1869 640 1908; x_wconf 91' lang='lat' dir='ltr'>et</span> <span class='ocrx_word' id='word_1_250' title='bbox 672 1877 837 1921; x_wconf 77' lang='lat' dir='ltr'>sponsa,</span> <span class='ocrx_word' id='word_1_251' title='bbox 865 1868 987 1909; x_wconf 89' lang='lat' dir='ltr'>etiam</span> <span class='ocrx_word' id='word_1_252' title='bbox 1013 1870 1130 1909; x_wconf 84' lang='lat' dir='ltr'>extra</span> <span class='ocrx_word' id='word_1_253' title='bbox 1156 1864 1320 1909; x_wconf 82' lang='lat' dir='ltr'>Missam</span> <span class='ocrx_word' id='word_1_254' title='bbox 1348 1868 1550 1922; x_wconf 88' lang='lat' dir='ltr'>impertiri</span> <span class='ocrx_word' id='word_1_255' title='bbox 1587 1867 1792 1923; x_wconf 61' lang='lat' dir='ltr'>possiti)...</span> 
     </span>
     <span class='ocr_line' id='line_1_27' title="bbox 156 1933 425 1991; baseline -0.007 -14"><span class='ocrx_word' id='word_1_256' title='bbox 156 1933 361 1991; x_wconf 75' lang='lat' dir='ltr'>Negative</span> <span class='ocrx_word' id='word_1_257' title='bbox 387 1951 425 1976; x_wconf 55' lang='grc'>1).</span> 
     </span>
    </p>

    <p class='ocr_par' dir='ltr' id='par_1_4' title="bbox 154 2005 1796 2772">
     <span class='ocr_line' id='line_1_28' title="bbox 275 2005 1793 2066; baseline 0.003 -18"><span class='ocrx_word' id='word_1_258' title='bbox 275 2005 331 2049; x_wconf 91' lang='lat' dir='ltr'>De</span> <span class='ocrx_word' id='word_1_259' title='bbox 361 2005 429 2049; x_wconf 91' lang='lat' dir='ltr'>illa</span> <span class='ocrx_word' id='word_1_260' title='bbox 455 2019 552 2049; x_wconf 83' lang='lat' dir='ltr'>vero</span> <span class='ocrx_word' id='word_1_261' title='bbox 579 2009 699 2049; x_wconf 84' lang='lat' dir='ltr'>missa</span> <span class='ocrx_word' id='word_1_262' title='bbox 724 2007 939 2064; x_wconf 83' lang='lat' dir='ltr'>subiungit</span> <span class='ocrx_word' id='word_1_263' title='bbox 961 2020 1112 2053; x_wconf 89' lang='lat' dir='ltr'>canon:</span> <span class='ocrx_word' id='word_1_264' title='bbox 1147 2012 1183 2062; x_wconf 86' lang='lat' dir='ltr'>c)</span> <span class='ocrx_word' id='word_1_265' title='bbox 1211 2013 1382 2051; x_wconf 77' lang='lat' dir='ltr'>servata</span> <span class='ocrx_word' id='word_1_266' title='bbox 1410 2008 1588 2066; x_wconf 74' lang='lat' dir='ltr'>speciali</span> <span class='ocrx_word' id='word_1_267' title='bbox 1609 2009 1793 2066; x_wconf 71' lang='lat' dir='ltr'>rubrica,</span> 
     </span>
     <span class='ocr_line' id='line_1_29' title="bbox 154 2076 1792 2136; baseline 0.002 -17"><span class='ocrx_word' id='word_1_268' title='bbox 154 2089 261 2133; x_wconf 88' lang='lat' dir='ltr'>quae</span> <span class='ocrx_word' id='word_1_269' title='bbox 295 2076 387 2119; x_wconf 90' lang='lat' dir='ltr'>talis</span> <span class='ocrx_word' id='word_1_270' title='bbox 419 2081 480 2120; x_wconf 86' lang='lat' dir='ltr'>est</span> <span class='ocrx_word' id='word_1_271' title='bbox 504 2079 542 2119; x_wconf 92' lang='lat' dir='ltr'>in</span> <span class='ocrx_word' id='word_1_272' title='bbox 565 2076 715 2120; x_wconf 86' lang='lat' dir='ltr'>Missali</span> <span class='ocrx_word' id='word_1_273' title='bbox 753 2077 869 2122; x_wconf 88' lang='lat' dir='ltr'>Rom.</span> <span class='ocrx_word' id='word_1_274' title='bbox 894 2083 982 2135; x_wconf 87' lang='lat' dir='ltr'>post</span> <span class='ocrx_word' id='word_1_275' title='bbox 1009 2081 1176 2122; x_wconf 90' lang='lat' dir='ltr'>missam</span> <span class='ocrx_word' id='word_1_276' title='bbox 1206 2081 1390 2122; x_wconf 85' lang='lat' dir='ltr'>votivam</span> <span class='ocrx_word' id='word_1_277' title='bbox 1418 2081 1669 2136; x_wconf 85' lang='lat' dir='ltr'>praelatam:</span> <span class='ocrx_word' id='word_1_278' title='bbox 1709 2080 1792 2124; x_wconf 83' lang='lat' dir='ltr'>«Si</span> 
     </span>
     <span class='ocr_line' id='line_1_30' title="bbox 155 2146 1796 2205; baseline 0.002 -16"><span class='ocrx_word' id='word_1_279' title='bbox 155 2146 390 2190; x_wconf 87' lang='lat' dir='ltr'>benedictio</span> <span class='ocrx_word' id='word_1_280' title='bbox 424 2150 661 2203; x_wconf 87' lang='lat' dir='ltr'>nuptiarum</span> <span class='ocrx_word' id='word_1_281' title='bbox 696 2148 885 2191; x_wconf 85' lang='lat' dir='ltr'>facienda</span> <span class='ocrx_word' id='word_1_282' title='bbox 919 2151 971 2192; x_wconf 93' lang='lat' dir='ltr'>sit</span> <span class='ocrx_word' id='word_1_283' title='bbox 1004 2149 1071 2192; x_wconf 91' lang='lat' dir='ltr'>die</span> <span class='ocrx_word' id='word_1_284' title='bbox 1110 2148 1323 2193; x_wconf 88' lang='lat' dir='ltr'>Dominica</span> <span class='ocrx_word' id='word_1_285' title='bbox 1362 2149 1424 2193; x_wconf 82' lang='lat' dir='ltr'>vel</span> <span class='ocrx_word' id='word_1_286' title='bbox 1459 2150 1538 2193; x_wconf 90' lang='lat' dir='ltr'>alio</span> <span class='ocrx_word' id='word_1_287' title='bbox 1574 2150 1704 2205; x_wconf 77' lang='lat' dir='ltr'>Festo,</span> <span class='ocrx_word' id='word_1_288' title='bbox 1739 2151 1796 2195; x_wconf 90' lang='lat' dir='ltr'>di-</span> 
     </span>
     <span class='ocr_line' id='line_1_31' title="bbox 156 2217 1796 2280; baseline 0.002 -19"><span class='ocrx_word' id='word_1_289' title='bbox 156 2222 274 2261; x_wconf 86' lang='lat' dir='ltr'>catur</span> <span class='ocrx_word' id='word_1_290' title='bbox 308 2217 425 2261; x_wconf 88' lang='lat' dir='ltr'>Missa</span> <span class='ocrx_word' id='word_1_291' title='bbox 462 2218 512 2261; x_wconf 90' lang='lat' dir='ltr'>de</span> <span class='ocrx_word' id='word_1_292' title='bbox 547 2218 763 2262; x_wconf 89' lang='lat' dir='ltr'>Dominica</span> <span class='ocrx_word' id='word_1_293' title='bbox 790 2219 853 2280; x_wconf 74' lang='lat' dir='ltr'>yel</span> <span class='ocrx_word' id='word_1_294' title='bbox 879 2219 997 2263; x_wconf 88' lang='lat' dir='ltr'>Festo</span> <span class='ocrx_word' id='word_1_295' title='bbox 1021 2233 1115 2263; x_wconf 87' lang='lat' dir='ltr'>cum</span> <span class='ocrx_word' id='word_1_296' title='bbox 1146 2219 1298 2265; x_wconf 73' lang='lat' dir='ltr'>Gloria</span> <span class='ocrx_word' id='word_1_297' title='bbox 1321 2220 1366 2263; x_wconf 75' lang='lat' dir='ltr'>in</span> <span class='ocrx_word' id='word_1_298' title='bbox 1389 2221 1566 2264; x_wconf 63' lang='lat' dir='ltr'>excelsis</span> <span class='ocrx_word' id='word_1_299' title='bbox 1585 2227 1623 2265; x_wconf 90' lang='lat' dir='ltr'>et</span> <span class='ocrx_word' id='word_1_300' title='bbox 1651 2220 1796 2274; x_wconf 72' lang='lat' dir='ltr'>Credo,</span> 
     </span>
     <span class='ocr_line' id='line_1_32' title="bbox 156 2288 1796 2348; baseline 0.004 -17"><span class='ocrx_word' id='word_1_301' title='bbox 156 2290 187 2332; x_wconf 90' lang='lat' dir='ltr'>si</span> <span class='ocrx_word' id='word_1_302' title='bbox 220 2288 285 2331; x_wconf 90' lang='lat' dir='ltr'>illa</span> <span class='ocrx_word' id='word_1_303' title='bbox 312 2288 430 2332; x_wconf 88' lang='lat' dir='ltr'>Missa</span> <span class='ocrx_word' id='word_1_304' title='bbox 456 2289 493 2331; x_wconf 92' lang='lat' dir='ltr'>id</span> <span class='ocrx_word' id='word_1_305' title='bbox 522 2292 708 2347; x_wconf 69' lang='lat' dir='ltr'>requirit,</span> <span class='ocrx_word' id='word_1_306' title='bbox 733 2294 772 2333; x_wconf 89' lang='lat' dir='ltr'>et</span> <span class='ocrx_word' id='word_1_307' title='bbox 795 2304 889 2334; x_wconf 89' lang='lat' dir='ltr'>cum</span> <span class='ocrx_word' id='word_1_308' title='bbox 914 2293 1315 2335; x_wconf 87' lang='lat' dir='ltr'>commemoratione</span> <span class='ocrx_word' id='word_1_309' title='bbox 1340 2292 1627 2348; x_wconf 84' lang='lat' dir='ltr'>praecedentis</span> <span class='ocrx_word' id='word_1_310' title='bbox 1650 2292 1796 2337; x_wconf 89' lang='lat' dir='ltr'>Missae</span> 
     </span>
     <span class='ocr_line' id='line_1_33' title="bbox 159 2361 1794 2419; baseline 0.003 -16"><span class='ocrx_word' id='word_1_311' title='bbox 159 2373 231 2416; x_wconf 92' lang='lat' dir='ltr'>pro</span> <span class='ocrx_word' id='word_1_312' title='bbox 263 2373 414 2417; x_wconf 88' lang='lat' dir='ltr'>sponso</span> <span class='ocrx_word' id='word_1_313' title='bbox 448 2364 487 2403; x_wconf 89' lang='lat' dir='ltr'>et</span> <span class='ocrx_word' id='word_1_314' title='bbox 519 2374 681 2417; x_wconf 72' lang='lat' dir='ltr'>sponsa,</span> <span class='ocrx_word' id='word_1_315' title='bbox 717 2365 757 2404; x_wconf 91' lang='lat' dir='ltr'>et</span> <span class='ocrx_word' id='word_1_316' title='bbox 791 2361 973 2419; x_wconf 87' lang='lat' dir='ltr'>reliquis,</span> <span class='ocrx_word' id='word_1_317' title='bbox 1012 2374 1118 2419; x_wconf 90' lang='lat' dir='ltr'>quae</span> <span class='ocrx_word' id='word_1_318' title='bbox 1165 2376 1237 2419; x_wconf 91' lang='lat' dir='ltr'>pro</span> <span class='ocrx_word' id='word_1_319' title='bbox 1285 2366 1579 2407; x_wconf 90' lang='lat' dir='ltr'>communione</span> <span class='ocrx_word' id='word_1_320' title='bbox 1612 2369 1651 2408; x_wconf 89' lang='lat' dir='ltr'>et</span> <span class='ocrx_word' id='word_1_321' title='bbox 1684 2378 1794 2408; x_wconf 85' lang='lat' dir='ltr'>com·</span> 
     </span>
     <span class='ocr_line' id='line_1_34' title="bbox 158 2429 1794 2491; baseline 0.003 -18"><span class='ocrx_word' id='word_1_322' title='bbox 158 2429 365 2487; x_wconf 90' lang='lat' dir='ltr'>plemento</span> <span class='ocrx_word' id='word_1_323' title='bbox 407 2431 706 2475; x_wconf 89' lang='lat' dir='ltr'>benedictionis</span> <span class='ocrx_word' id='word_1_324' title='bbox 741 2435 778 2475; x_wconf 92' lang='lat' dir='ltr'>in</span> <span class='ocrx_word' id='word_1_325' title='bbox 814 2445 859 2475; x_wconf 92' lang='lat' dir='ltr'>ea</span> <span class='ocrx_word' id='word_1_326' title='bbox 896 2432 1164 2489; x_wconf 76' lang='lat' dir='ltr'>habentur»,</span> <span class='ocrx_word' id='word_1_327' title='bbox 1200 2447 1306 2491; x_wconf 88' lang='lat' dir='ltr'>quae</span> <span class='ocrx_word' id='word_1_328' title='bbox 1350 2447 1498 2491; x_wconf 91' lang='lat' dir='ltr'>nempe</span> <span class='ocrx_word' id='word_1_329' title='bbox 1547 2434 1657 2478; x_wconf 90' lang='lat' dir='ltr'>illam</span> <span class='ocrx_word' id='word_1_330' title='bbox 1694 2437 1794 2478; x_wconf 88' lang='lat' dir='ltr'>inte-</span> 
     </span>
     <span class='ocr_line' id='line_1_35' title="bbox 156 2501 1795 2561; baseline 0.004 -19"><span class='ocrx_word' id='word_1_331' title='bbox 156 2507 277 2557; x_wconf 80' lang='lat' dir='ltr'>grant</span> <span class='ocrx_word' id='word_1_332' title='bbox 312 2501 661 2546; x_wconf 84' lang='lat' dir='ltr'>benedictionem.</span> <span class='ocrx_word' id='word_1_333' title='bbox 700 2503 774 2546; x_wconf 86' lang='lat' dir='ltr'>Pro</span> <span class='ocrx_word' id='word_1_334' title='bbox 807 2503 930 2547; x_wconf 89' lang='lat' dir='ltr'>huius</span> <span class='ocrx_word' id='word_1_335' title='bbox 965 2503 1173 2548; x_wconf 85' lang='lat' dir='ltr'>Rubricae</span> <span class='ocrx_word' id='word_1_336' title='bbox 1197 2504 1474 2561; x_wconf 88' lang='lat' dir='ltr'>applicatione</span> <span class='ocrx_word' id='word_1_337' title='bbox 1497 2505 1712 2549; x_wconf 88' lang='lat' dir='ltr'>sciendum</span> <span class='ocrx_word' id='word_1_338' title='bbox 1738 2511 1795 2549; x_wconf 83' lang='lat' dir='ltr'>est</span> 
     </span>
     <span class='ocr_line' id='line_1_36' title="bbox 156 2572 1795 2635; baseline 0.004 -22"><span class='ocrx_word' id='word_1_339' title='bbox 156 2572 265 2629; x_wconf 78' lang='lat' dir='ltr'>qnod</span> <span class='ocrx_word' id='word_1_340' title='bbox 301 2573 338 2616; x_wconf 81' lang='lat' dir='ltr'>S.</span> <span class='ocrx_word' id='word_1_341' title='bbox 375 2573 453 2617; x_wconf 80' lang='lat' dir='ltr'>Rit.</span> <span class='ocrx_word' id='word_1_342' title='bbox 488 2573 638 2630; x_wconf 84' lang='lat' dir='ltr'>Congr.</span> <span class='ocrx_word' id='word_1_343' title='bbox 664 2574 678 2597; x_wconf 80' lang='grc'><strong>3</strong></span> <span class='ocrx_word' id='word_1_344' title='bbox 713 2574 925 2618; x_wconf 88' lang='lat' dir='ltr'>decrevit:</span> <span class='ocrx_word' id='word_1_345' title='bbox 966 2574 1052 2617; x_wconf 83' lang='grc'><strong>((111</strong></span> <span class='ocrx_word' id='word_1_346' title='bbox 1088 2575 1368 2619; x_wconf 89' lang='lat' dir='ltr'>celebratione</span> <span class='ocrx_word' id='word_1_347' title='bbox 1403 2579 1656 2633; x_wconf 87' lang='lat' dir='ltr'>nuptiarum,</span> <span class='ocrx_word' id='word_1_348' title='bbox 1690 2589 1795 2635; x_wconf 88' lang='lat' dir='ltr'>quae</span> 
     </span>
     <span class='ocr_line' id='line_1_37' title="bbox 159 2643 1795 2704; baseline 0.001 -19"><span class='ocrx_word' id='word_1_349' title='bbox 159 2644 200 2685; x_wconf 93' lang='lat' dir='ltr'>tit</span> <span class='ocrx_word' id='word_1_350' title='bbox 234 2648 350 2686; x_wconf 88' lang='lat' dir='ltr'>extra</span> <span class='ocrx_word' id='word_1_351' title='bbox 387 2644 495 2686; x_wconf 91' lang='lat' dir='ltr'>diem</span> <span class='ocrx_word' id='word_1_352' title='bbox 533 2643 795 2688; x_wconf 85' lang='lat' dir='ltr'>Dominicum</span> <span class='ocrx_word' id='word_1_353' title='bbox 838 2645 902 2688; x_wconf 75' lang='lat' dir='ltr'>vel</span> <span class='ocrx_word' id='word_1_354' title='bbox 953 2644 1079 2688; x_wconf 91' lang='lat' dir='ltr'>alium</span> <span class='ocrx_word' id='word_1_355' title='bbox 1130 2645 1239 2689; x_wconf 92' lang='lat' dir='ltr'>diem</span> <span class='ocrx_word' id='word_1_356' title='bbox 1291 2647 1438 2689; x_wconf 80' lang='lat' dir='ltr'>festum</span> <span class='ocrx_word' id='word_1_357' title='bbox 1474 2647 1525 2690; x_wconf 92' lang='lat' dir='ltr'>de</span> <span class='ocrx_word' id='word_1_358' title='bbox 1561 2652 1795 2704; x_wconf 73' lang='lat' dir='ltr'>praecepto,</span> 
     </span>
     <span class='ocr_line' id='line_1_38' title="bbox 155 2715 1793 2772; baseline 0.002 -16"><span class='ocrx_word' id='word_1_359' title='bbox 155 2726 228 2756; x_wconf 93' lang='lat' dir='ltr'>seu</span> <span class='ocrx_word' id='word_1_360' title='bbox 263 2715 301 2757; x_wconf 90' lang='lat' dir='ltr'>in</span> <span class='ocrx_word' id='word_1_361' title='bbox 336 2727 417 2772; x_wconf 86' lang='lat' dir='ltr'>quo</span> <span class='ocrx_word' id='word_1_362' title='bbox 455 2718 637 2759; x_wconf 86' lang='lat' dir='ltr'>occurrit.</span> <span class='ocrx_word' id='word_1_363' title='bbox 670 2715 822 2772; x_wconf 81' lang='lat' dir='ltr'>duplex</span> <span class='ocrx_word' id='word_1_364' title='bbox 860 2716 922 2758; x_wconf 64' lang='lat'>1⁸⁶</span> <span class='ocrx_word' id='word_1_365' title='bbox 959 2715 1021 2759; x_wconf 79' lang='lat' dir='ltr'>vet</span> <span class='ocrx_word' id='word_1_366' title='bbox 1059 2716 1119 2759; x_wconf 55' lang='grc' dir='ltr'>ΨΘ</span> <span class='ocrx_word' id='word_1_367' title='bbox 1150 2716 1304 2764; x_wconf 81' lang='lat' dir='ltr'>classis.</span> <span class='ocrx_word' id='word_1_368' title='bbox 1330 2719 1490 2761; x_wconf 87' lang='lat' dir='ltr'>etiamsi</span> <span class='ocrx_word' id='word_1_369' title='bbox 1516 2718 1585 2761; x_wconf 84' lang='lat' dir='ltr'>tiat</span> <span class='ocrx_word' id='word_1_370' title='bbox 1613 2718 1793 2761; x_wconf 81' lang='lat' dir='ltr'>officium</span> 
     </span>
    </p>
   </div>
   <div class='ocr_carea' id='block_1_4' title="bbox 158 2808 1794 2904">
    <p class='ocr_par' dir='ltr' id='par_1_5' title="bbox 158 2808 1794 2904">
     <span class='ocr_line' id='line_1_39' title="bbox 159 2808 1794 2904; baseline 0.001 -48"><span class='ocrx_word' id='word_1_371' title='bbox 159 2870 171 2877; x_wconf 85' lang='lat'>..</span> <span class='ocrx_word' id='word_1_372' title='bbox 199 2868 219 2876; x_wconf 74' lang='lat'>-</span> <span class='ocrx_word' id='word_1_373' title='bbox 246 2823 287 2902; x_wconf 56' lang='lat'>1¹</span> <span class='ocrx_word' id='word_1_374' title='bbox 327 2822 371 2856; x_wconf 69' lang='lat'>27</span> <span class='ocrx_word' id='word_1_375' title='bbox 386 2821 507 2904; x_wconf 45' lang='lat' dir='ltr'>{1³st</span> <span class='ocrx_word' id='word_1_376' title='bbox 548 2823 651 2864; x_wconf 72' lang='lat' dir='ltr'>iau,</span> <span class='ocrx_word' id='word_1_377' title='bbox 695 2821 770 2857; x_wconf 79' lang='lat' dir='ltr'>co,</span> <span class='ocrx_word' id='word_1_378' title='bbox 809 2822 968 2857; x_wconf 78' lang='lat' dir='ltr'>III-281.</span> <span class='ocrx_word' id='word_1_379' title='bbox 1016 2843 1058 2848; x_wconf 80' lang='grc'><strong>-</strong></span> <span class='ocrx_word' id='word_1_380' title='bbox 1096 2823 1110 2846; x_wconf 74' lang='lat'>2</span> <span class='ocrx_word' id='word_1_381' title='bbox 1151 2824 1193 2857; x_wconf 79' lang='lat'>12</span> <span class='ocrx_word' id='word_1_382' title='bbox 1220 2823 1314 2858; x_wconf 70' lang='lat' dir='ltr'>Feb.</span> <span class='ocrx_word' id='word_1_383' title='bbox 1340 2808 1446 2858; x_wconf 77' lang='grc'><strong>1909.</strong></span> <span class='ocrx_word' id='word_1_384' title='bbox 1485 2824 1562 2859; x_wconf 86' lang='lat' dir='ltr'>co.</span> <span class='ocrx_word' id='word_1_385' title='bbox 1600 2824 1718 2859; x_wconf 81' lang='lat'>1-255.</span> <span class='ocrx_word' id='word_1_386' title='bbox 1753 2845 1794 2849; x_wconf 55' lang='lat'>.-</span> 
     </span>
     <span class='ocr_line' id='line_1_40' title="bbox 158 2876 466 2903; baseline 0.003 -1"><span class='ocrx_word' id='word_1_387' title='bbox 158 2878 171 2888; x_wconf 71' lang='lat'>·&#39;</span> <span class='ocrx_word' id='word_1_388' title='bbox 206 2888 214 2902; x_wconf 76' lang='grc' dir='ltr'>ι</span> <span class='ocrx_word' id='word_1_389' title='bbox 266 2880 330 2902; x_wconf 72' lang='lat' dir='ltr'>an.</span> <span class='ocrx_word' id='word_1_390' title='bbox 366 2876 403 2903; x_wconf 70' lang='lat' dir='ltr'>tt</span> <span class='ocrx_word' id='word_1_391' title='bbox 439 2880 466 2903; x_wconf 91' lang='grc'>’.</span> 
     </span>
    </p>
   </div>
  </div>
 </body>
</html>
