1971 3261
87 165 182 202 Can.
207 163 365 198 916-917
628 161 712 195 Ti'r.
743 161 808 194 IV.
831 181 841 185 -
862 161 918 195 De
945 163 1187 197 Paenitentia
1651 163 1719 198 307

87 289 203 319 tamen
237 280 461 316 laudabiliter
497 280 576 324 legi,
608 279 746 325 pietatis
773 279 880 323 gratia
918 290 998 323 erga
1032 280 1249 315 defunctum.
1279 281 1401 316 diebus
1432 281 1559 327 quibus
1587 281 1663 317 licet
1689 287 1720 317 et

86 341 185 377 decet
204 355 236 374 υ.

205 398 275 434 Hoc
294 398 471 434 decretum
491 398 684 444 completur
702 397 810 433 altero
829 396 864 432 S.
883 397 1007 442 (jougr.
1025 398 1156 443 ludulg.
1177 401 1183 420 ¹
1213 400 1391 444 sequentis
1410 400 1559 435 tenoris:
1583 414 1596 430 a
1620 400 1721 435 Estne

85 457 321 495 necessarium
356 458 446 502 quod
482 456 609 492 Missae
644 456 801 501 triginta,
827 467 915 502 quae
953 455 1180 502 Greqore'anae
1213 458 1445 504 appellantur,
1480 459 1717 494 celebrentur:

89 518 118 552 l.
145 517 182 552 ln
211 516 414 552 memoriam
441 515 478 551 S.
508 514 683 561 Gregorii,
713 514 796 561 quin
839 520 954 550 tamen
990 516 1022 549 iu
1059 516 1126 550 illis
1166 517 1223 551 liat
1257 517 1298 551 de
1332 528 1371 552 eo
1405 518 1688 553 commemoratio
1704 518 1720 552 't'

86 576 118 613 2.
145 575 197 611 Ab
223 575 342 611 eodem
369 574 578 610 sacerdote?
607 573 640 609 3
673 574 738 609 Pro
767 585 836 608 una
874 579 1010 609 tantum
1050 575 1170 610 anima
1208 576 1340 621 absque
1380 576 1448 611 ulla
1484 577 1552 611 alia
1579 577 1717 622 speciali

87 635 292 671 intentione.
318 633 350 668 4.
376 632 502 669 Diebus
529 633 675 678 triginta
700 632 878 668 coutinuis
906 633 981 668 siue
1009 633 1262 679 interruptione
1279 635 1294 668 '.'
1322 633 1353 666 o'
1380 635 1413 669 ln
1443 637 1561 670 eodem
1590 636 1687 672 altari
1703 638 1719 672 ⁴?

93 715 129 720 —-
160 693 196 729 R.
227 692 347 737 Quoad
390 693 398 727 l
439 697 587 738 partem,
618 691 735 737 Negati
756 703 801 727 e:
830 713 875 716 -—
903 690 1023 734 Quoad
1053 692 1080 726 ⁴2.
1113 692 1296 737 Negatiie:
1334 715 1363 718 ν-
1398 694 1517 737 Quoad
1554 695 1584 729 3,
1616 696 1718 731 Missa

86 763 148 799 pro
172 763 212 787 ea
236 751 358 787 anima
382 751 521 787 deberet
547 751 732 797 applicari,
753 750 853 786 cuius
881 750 1037 785 liberatio
1064 762 1082 785 a
1112 752 1230 796 poenis
1252 751 1439 792 purgatorii
1468 766 1483 785 ιι
1514 754 1632 790 divina
1661 756 1722 789 mi-

86 811 272 848 sericordia
299 811 524 857 imploratum
553 831 594 836 -—
624 809 746 854 Quoad
774 808 806 844 4*
837 809 1073 848 Affirmative;
1106 831 1143 834 —
1175 809 1294 853 Quoad
1325 811 1354 845 ὃ·
1384 811 1544 855 Negant-0.
1565 814 1588 849 2,

207 870 387 906 Decretum
426 881 506 906 vero
543 869 579 905 S.
622 870 659 906 C.
702 868 738 904 S.
781 867 821 904 Ο.
862 869 973 914 quoad
1014 869 1140 903 altaria
1179 871 1382 914 gregoriana
1427 872 1507 905 baec
1547 875 1664 907 statuit
1684 876 1719 907 ³²:

92 945 105 962 α
130 929 182 965 Vl.
211 929 331 966 Utrum
358 929 467 965 altare
486 928 521 965 S.
545 928 701 974 Gregorii
730 930 765 962 in
794 927 910 963 Monte
929 926 1044 963 Coelio
1070 928 1111 963 de
1141 927 1228 963 [rbe
1257 929 1298 963 sit
1326 940 1401 964 vere
1427 942 1465 964 a«-
1496 932 1629 976 proprie
1658 932 1724 977 pri.

87 989 287 1034 vilegiatum
301 988 375 1024 ἶ...
406 989 457 1024 Ad
495 988 547 1023 Vl.
575 987 852 1024 Affirmative....
884 1008 925 1012 —
954 987 1005 1021 Ad
1037 986 1104 1021 i'lt.
1138 986 1305 1033 Deinceps
1342 989 1471 1023 Altaria
1507 990 1721 1034 tiregoriana

88 1059 157 1083 non
185 1059 259 1083 esse
285 1047 507 1083 concedenda
530 1062 556 1081 υ.
578 1039 708 1093 Nempe
735 1046 793 1081 illa
821 1056 909 1092 quae
935 1045 1143 1081 dicebantur
1174 1062 1184 1074 ω
1209 1046 1250 1080 ad
1282 1046 1390 1081 instar
1412 1062 1497 1081 ».ss
1526 1064 1531 1077 ‹
1555 1048 1607 1083 ix.
1629 1050 1720 1093 Quid

86 1107 274 1143 dicendum
293 1107 335 1142 de
354 1106 639 1142 concessionibus
671 1105 799 1141 Altaris
818 1103 1023 1149 Gregoriani
1054 1106 1248 1150 personalis
1280 1106 1421 1140 forsitan
1450 1107 1517 1141 iam
1548 1108 1720 1143 factis-2...

87 1165 138 1200 Ad
172 1164 225 1201 ix.
256 1164 459 1201 Habeantur
493 1170 530 1200 ut
566 1175 680 1200 merae
714 1164 956 1199 concessiones
992 1163 1121 1198 Altaris
1157 1165 1346 1210 personalis
1381 1166 1586 1211 simpliciter
1620 1168 1721 1213 privi-

89 1225 202 1270 legiati
225 1239 254 1259 ».

207 1345 304 1388 ‘252-
340 1347 530 1391 Altaria
562 1359 624 1391 ex
658 1347 778 1398 iure,
802 1346 891 1390 sed
915 1347 979 1390 ob
1004 1347 1335 1390 extrinsecum
1360 1348 1593 1405 motivum
1628 1349 1720 1403 pri-

88 1418 416 1473 vilegiata.—
446 1416 691 1460 Huiusmodi
716 1417 1006 1459 concessiones
1031 1417 1106 1458 iuri
1134 1416 1398 1471 praecedeuti
1434 1421 1719 1472 congruentes,

88 1500 193 1544 quae
229 1487 402 1543 proinde
426 1503 447 1527 «
471 1500 519 1530 ex
559 1489 712 1530 veteris
747 1488 847 1530 iuris
878 1488 1141 1539 auctoritate,
1174 1491 1298 1542 atque
1334 1486 1424 1529 ideo
1460 1500 1508 1528 ex
1547 1491 1721 1543 receptis

88 1559 196 1615 apud
233 1558 426 1615 probatos
458 1563 650 1602 auctores
684 1557 1096 1614 interpretationibus
1128 1562 1221 1600 sunt
1256 1558 1537 1601 aestimandae
1565 1574 1581 1597 ›)
1613 1558 1719 1615 (cau.

90 1632 129 1681 6,
164 1629 227 1686 ΞΟ)
263 1632 502 1673 referuntur
535 1632 573 1672 in
609 1644 698 1673 ectu.
735 1631 835 1672 917.
866 1630 888 1684 ξ
922 1629 959 1671 1.
990 1628 1065 1671 Die
1097 1629 1505 1671 commemorationis
1539 1629 1718 1671 omnium

89 1700 273 1758 fidelium
308 1700 601 1760 defunctorum
636 1700 904 1757 singulariter
937 1713 1148 1756 expresso,
1182 1713 1253 1743 seu
1300 1714 1372 1756 pro
1419 1703 1610 1743 unii-ersa
1648 1699 1720 1743 Ec—

89 1771 226 1824 clesia,
260 1785 431 1828 nempe:
467 1772 534 1815 die
569 1772 592 1814 2
629 1771 692 1815 vel
729 1772 752 1814 3
787 1770 1038 1814 Novembris
1074 1770 1182 1814 illius
1215 1773 1308 1814 anni
1348 1774 1383 1813 in
1419 1784 1500 1827 quo
1539 1771 1628 1813 dies
1661 1784 1722 1813 se-

89 1844 224 1887 cunda
268 1848 326 1887 est
369 1844 592 1898 dominica,
627 1857 767 1886 omnes
800 1855 847 1886 ae
884 1842 1055 1899 proinde
1098 1842 1511 1898 comprehenduntur
1560 1856 1723 1899 quoquo

89 1915 141 1958 ab
174 1914 319 1957 eodem
362 1914 578 1958 sacerdote
622 1913 683 1958 bis
726 1913 788 1957 vel
834 1918 896 1956 ter
937 1912 1172 1956 celebratae
1206 1912 1365 1956 Missae
1399 1912 1649 1969 ubicumque
1685 1915 1721 1954 iu

89 1985 208 2028 altari
243 1998 407 2043 quoque
442 1985 620 2042 portatili
670 1984 733 2028 vel
777 1986 816 2027 in
858 1987 961 2027 mari
1007 1983 1283 2035 celebrentur,
1317 1997 1409 2027 euni
1446 1983 1521 2026 hoe
1557 1983 1722 2039 privile-

90 2059 203 2112 gium
238 2070 317 2100 non
351 2059 400 2100 sit
437 2056 562 2112 reale,
585 2058 763 2100 servatis
796 2060 933 2099 autem
968 2055 1059 2098 aliis
1092 2054 1398 2099 conditionibus
1431 2067 1554 2110 supra
1589 2054 1722 2099 dictis,

86 2127 275 2184 yamlent
303 2126 530 2184 prioileqi'o
569 2131 605 2170 vi
642 2126 765 2170 huius
808 2128 978 2170 canonis
1017 2140 1066 2168 ue
1097 2126 1135 2168 si
1168 2132 1304 2168 essen!
1336 2125 1391 2168 ad
1424 2125 1564 2167 altare
1592 2125 1722 2183 privi-

91 2191 293 2256 leq'iatum
326 2197 574 2250 celebratae,
603 2214 621 2238 «
646 2211 667 2241 a
703 2210 968 2255 quocumque
1001 2197 1216 2240 sacerdote
1249 2196 1452 2239 saeculari
1492 2196 1552 2239 vel
1588 2199 1723 2239 cuius-

91 2268 188 2313 libet
222 2266 394 2314 Ordinis
427 2274 465 2312 et
498 2268 674 2313 liistituti
710 2268 928 2325 Regularis
959 2267 1297 2319 celebrandae»,
1325 2273 1364 2310 ut
1399 2267 1609 2323 subiungit
1634 2266 1723 2311 Cle-

92 2353 208 2384 mens
241 2339 332 2383 Xlll
366 2342 404 2383 in
439 2339 558 2384 Dec.⁰
591 2341 630 2385 S.
654 2339 696 2385 C.
722 2339 883 2395 lndulg.
907 2344 945 2382 et
968 2338 1131 2396 Reliq.m
1151 2338 1165 2360 ‘²
1189 2352 1237 2381 ex
1273 2351 1354 2396 quo
1388 2339 1632 2394 desumptus
1665 2344 1722 2381 est

91 2411 140 2455 ad
178 2410 353 2455 verbum
389 2414 464 2456 iste
495 2411 570 2470 ξω.

207 2483 406 2527 Similiter
440 2483 557 2529 Dec.⁰
591 2482 758 2541 Congu*³
790 2484 829 2527 S.
863 2480 999 2527 Officii
1028 2484 1041 2505 ⁵
1086 2483 1309 2525 conformis
1343 2486 1401 2526 est
1435 2482 1463 2540 ἓ
1497 2482 1534 2525 2.
1573 2482 1723 2525 Οηιηιά

92 2552 255 2596 altaria
287 2553 503 2609 ecclesiae,
534 2554 707 2611 proinde
751 2556 789 2596 in
834 2555 1145 2609 designatorum
1181 2553 1425 2597 Sanctorum
1473 2558 1543 2596 aut
1577 2552 1724 2609 Myste-

94 2626 248 2668 riorum
282 2625 600 2669 advocationem
646 2630 798 2679 erecta,
829 2638 908 2682 per
938 2638 1007 2667 eos
1040 2623 1130 2666 dies
1162 2623 1310 2681 quibus
1346 2624 1387 2666 in
1422 2637 1469 2666 ea
1498 2623 1726 2681 peraqitar

93 2701 203 2749 actu,
226 2695 407 2741 scilieet:
441 2695 493 2740 ab
527 2699 717 2753 incoepta
751 2695 924 2739 solemni
959 2697 1218 2751 expositione
1251 2696 1355 2738 Ssmi
1381 2694 1652 2742 §aei-amenti,
1678 2707 1724 2736 ac

211 2826 223 2847 ¹
252 2826 296 2859 14
320 2825 402 2860 Ian.
435 2825 537 2861 1889.
567 2846 611 2850 —
638 2825 652 2847 2
678 2824 839 2859 Colleot.
868 2824 906 2858 S.
936 2824 1079 2869 Congr.
1099 2823 1144 2857 de
1165 2823 1207 2857 P.
1227 2823 1268 2856 F.
1287 2835 1324 2857 n.
1346 2823 1448 2857 1697.
1472 2843 1513 2847 —
1534 2824 1546 2843 ³
1568 2823 1610 2854 12
1633 2822 1722 2854 Dec.

94 2872 360 2956 10332’5910'7}
380 2873 439 2907 33.
469 2894 512 2899 —
539 2874 552 2895 4
573 2873 617 2907 19
635 2872 855 2907 Mai=i1671.
885 2872 976 2906 Dec.
1006 2869 1118 2905 auth,
1148 2883 1186 2905 n.
1211 2872 1294 2905 223.
1323 2891 1366 2895 —
1394 2872 1407 2890 ³
1433 2871 1478 2902 ·2·2
1505 2870 1586 2903 lan.
1618 2869 1724 2909 1914,
