1971 3261
0 1464 14 1490 ‘³⁷

15 2929 31 3071 msto-»sam
25 2919 31 2923 ι
28 2902 32 2907 .

145 167 239 204 can.
268 162 470 200 1032-1033
661 163 743 198 Tm
771 163 852 198 VII.
883 184 893 189 ·
926 164 983 199 De
1011 165 1270 199 Matnjmonz'o
1707 166 1777 200 519

147 292 205 331 est
241 284 445 343 parochus
471 281 803 328 velOrdinarius
837 284 912 327 loci
950 288 986 327 in
1021 299 1102 342 quo
1140 298 1270 341 vagus
1303 291 1395 329 actu
1431 292 1776 340 commoratur»,

144 355 356 414 parochus
390 358 464 398 iste
502 357 653 399 «intra
703 356 805 399 tines
853 356 1070 400 dumtaxat
1117 359 1179 400 sui
1231 359 1472 399 territorii»
1509 361 1613 410 (can.
1651 358 1779 410 1095,

147 426 174 484 ἓ
208 427 245 470 1.
282 426 355 479 ⁶20),
389 430 557 483 arrepto
591 439 690 467 casa
724 426 1005 480 necessitatis,
1035 429 1125 470 sive
1163 443 1181 467 «
1209 430 1246 470 in
1284 427 1467 483 periculo
1504 431 1690 471 mortis»
1728 429 1777 471 ad

149 510 334 541 normam
371 510 459 540 can.
499 496 675 553 imag
708 497 747 550 ⁰2,
771 499 860 540 sive
894 503 1010 540 extra
1047 498 1161 551 illud,
1196 499 1361 556 (plaudo
1395 501 1544 542 ceteris
1576 513 1627 542 ss.
1663 512 1782 542 cano-

149 569 269 612 nibus
302 570 448 624 capitis
484 567 829 623 praecedentibus
861 571 1052 623 serratis,
1078 569 1235 613 nullum
1273 572 1476 613 invenerit
1513 570 1781 626 impedimen-

149 644 250 694 tum,
270 644 393 696 atque
429 643 573 694 urgeat
607 638 832 682 celebratio
867 642 1118 683 matrimonii
1144 643 1241 697 quin
1269 643 1570 697 praescriptum
1605 654 1783 698 sequens

149 710 440 767 adimpleatur,
465 708 577 751 alias
612 723 824 767 nunquam
857 710 1033 752 assistat
1070 710 1206 754 valido
1231 724 1372 754 eorum
1399 724 1445 754 ac
1472 711 1581 754 licito
1616 716 1783 768 propter

149 787 286 824 cetera
333 783 611 828 matrimonio,
646 780 743 828 nisi,
778 781 818 837 a)
854 794 900 823 re
933 780 989 824 ad
1032 780 1113 824 leci
1150 781 1431 824 (tritinarium
1475 784 1686 838 proprium
1722 782 1784 825 ret

150 851 206 895 ad
237 850 495 894 sacerdotem
530 850 579 893 ab
613 865 658 894 eo
692 850 929 908 deleyatum
956 866 1028 909 pro
1053 852 1115 895 his
1137 852 1283 896 saltem
1320 854 1594 895 matrimoniis
1626 852 1785 906 delata,

153 922 191 971 b)
215 922 431 965 licentiam
464 921 695 965 assistendi
727 922 823 966 huic
859 925 1122 966 matrimonio
1157 936 1223 966 rei
1237 935 1305 966 era
1340 922 1782 981 ohtimierit,alioquin

152 994 226 1037 hac
259 994 392 1037 solum
429 995 479 1037 de
514 1006 637 1037 causa
674 999 863 1050 peccaret
900 994 1118 1051 parochus.

270 1065 369 1108 424.
397 1067 609 1111 Parochi
633 1067 878 1123 obligatio
901 1068 1110 1112 docendi
1134 1069 1534 1123 exhortandique
1557 1080 1785 1123 sponsos.

152 1158 207 1165 -
228 1137 330 1181 Cum
367 1138 618 1192 praescripta
654 1136 776 1180 huius
807 1139 978 1179 canonis
1002 1138 1039 1179 in
1065 1136 1142 1180 Rit.
1170 1136 1286 1180 Rom.
1313 1139 1393 1180 sint
1419 1139 1547 1193 posita
1571 1142 1610 1180 et
1633 1150 1681 1180 ex
1717 1149 1783 1193 pa-

153 1207 266 1252 rochi
299 1207 433 1250 officio
465 1213 705 1264 sequantur,
730 1209 787 1251 sic
819 1209 961 1264 incipit
984 1221 1075 1252 ean.
1101 1209 1233 1251 1033.
1264 1208 1330 1250 Ne
1362 1208 1530 1251 emittat
1560 1206 1786 1265 parochus,

151 1291 233 1335 quo
271 1278 398 1322 verbo
437 1280 735 1322 convenienter
771 1281 825 1321 uti
861 1278 1102 1335 designatus
1145 1281 1351 1335 accipitur
1385 1278 1451 1322 ille
1489 1294 1508 1319 ((
1533 1281 1598 1322 cui
1635 1281 1696 1322 ius
1728 1284 1786 1322 est

152 1349 367 1393 assistendi
404 1351 731 1398 matrimonio»,
765 1349 836 1392 sed
875 1351 912 1391 in
948 1349 1114 1393 casibus
1157 1354 1389 1406 opportune
1432 1349 1686 1406 intelligatur
1718 1351 1787 1403 qui

155 1422 417 1464 matrimonio
451 1422 611 1464 assistet
644 1420 696 1464 de
721 1421 828 1464 facto
853 1434 925 1477 pei·
948 1434 990 1464 se
1014 1425 1082 1464 aut
1107 1421 1210 1464 dans
1240 1420 1471 1473 licentiam;
1507 1421 1558 1464 de
1591 1420 1790 1464 alterutro

153 1505 252 1548 ergo
286 1492 460 1536 dicitur:
491 1505 580 1534 «ne
615 1494 818 1535 omittat»
846 1491 1072 1535 seeundum
1105 1491 1316 1535 diversam
1347 1506 1624 1550 personarum
1660 1492 1787 1535 idest:

154 1576 399 1620 sponsorum
425 1564 548 1606 etiam
576 1562 878 1606 individualem
899 1562 1180 1606 conditionem
1203 1562 1398 1606 socialem
1424 1575 1471 1607 ac
1495 1564 1790 1617 instructionis,

154 1647 204 1678 ex
239 1646 286 1678 ea
320 1647 490 1678 sumens
525 1634 793 1677 moderamen
830 1634 1075 1691 prudentiae
1098 1634 1233 1692 quoad
1260 1634 1428 1678 modum
1455 1639 1495 1677 et
1517 1633 1789 1678 substantiam

156 1705 265 1749 illius
296 1705 406 1764 quod
441 1707 656 1763 sequitur:
693 1719 868 1763 sponsos
903 1710 1072 1762 propter
1106 1707 1308 1749 intentum
1350 1708 1675 1760 matrimonium,
1711 1718 1789 1748 non

158 1777 344 1834 praecise
377 1776 429 1821 ob
462 1776 685 1834 sponsalia,
719 1775 882 1828 docere,
917 1777 1026 1821 unde
1061 1782 1266 1834 quatenus
1301 1776 1569 1834 ignoi·ent,.a)
1592 1776 1793 1819 sanctita-

158 1852 237 1891 tem
259 1848 518 1891 sacramenti
539 1847 817 1903 matrimonii,
854 1861 902 1891 ne
943 1850 980 1891 in
1005 1852 1242 1891 contractus
1262 1850 1428 1891 notione
1451 1849 1609 1902 sistant,
1648 1847 1686 1897 b)
1709 1860 1790 1889 nia-

158 1924 253 1962 taas
286 1919 508 1976 coniaqam
540 1919 819 1977 obliqationes
845 1932 961 1977 quas,
987 1920 1124 1962 statim
1149 1931 1197 1963 ac
1223 1921 1532 1962 matrimonium
1566 1918 1792 1971 celebrent,

156 1996 387 2045 assumunt,
407 2004 483 2034 nec
518 1993 711 2047 ignorare
746 1990 841 2034 licet
875 1990 1010 2048 quoad
1046 1991 1335 2046 substantiam,
1370 1989 1409 2047 c)
1444 1995 1483 2032 et
1516 1989 1794 2046 obliyationes

154 2066 381 2119 parentam
414 2075 516 2119 erqa
544 2061 723 2120 prolem,
758 2074 861 2118 quas
907 2061 1105 2117 implicite
1144 2074 1238 2104 cum
1280 2063 1544 2104 matrimonio
1584 2065 1794 2103 assument

160 2134 197 2174 in
223 2133 405 2176 tuturum
441 2131 756 2189 adimplendas:
790 2137 914 2189 atque
947 2134 1005 2175 sic
1040 2133 1272 2188 expositum
1308 2136 1368 2174 est
1403 2131 1537 2188 plane,
1560 2130 1669 2188 quod
1704 2130 1795 2174 aliis

163 2202 300 2247 verbis
333 2206 536 2260 expressit
573 2206 650 2247 Rit.
687 2203 802 2247 Rom.
838 2202 931 2257 (loc.
965 2205 1032 2246 cit.
1068 2216 1106 2247 n.
1144 2202 1234 2257 17):
1275 2218 1294 2242 (ι
1319 2202 1634 2245 Admoneantur
1677 2214 1793 2258 prae—

159 2279 271 2318 terea
305 2277 519 2331 coniuges,
545 2280 628 2318 ut...
664 2275 714 2318 ad
750 2273 998 2317 Matrimonii
1033 2274 1348 2317 Sacramentum
1382 2273 1692 2330 suscipiendum
1731 2275 1794 2328 pie

159 2345 383 2397 accedant,
418 2350 457 2389 et
490 2345 700 2403 quomodo
736 2348 773 2388 in
808 2359 856 2388 eo
892 2350 1003 2388 recte
1027 2350 1066 2388 et
1089 2345 1314 2388 christiane
1337 2346 1578 2388 conversari
1602 2343 1793 2398 debeant,

159 2415 381 2472 diligenter
415 2419 671 2459 instruantur
693 2430 742 2460 ex
768 2416 909 2459 divina
945 2417 1173 2472 Scriptura,
1197 2414 1390 2471 exemplo
1414 2413 1567 2459 Tobiae
1592 2419 1631 2458 et
1654 2414 1794 2467 Sarae,

164 2486 385 2544 verbisque
418 2487 564 2544 Angeli
605 2487 826 2544 Raphaelis
868 2500 938 2530 eos
981 2486 1208 2540 edocentis,
1242 2499 1366 2543 quam
1411 2491 1552 2529 sancte
1596 2488 1796 2542 coniuges

160 2557 339 2601 debeant
372 2560 663 2603 convivere».
698 2585 754 2593 -
783 2558 867 2601 lmo
903 2559 1137 2601 internectit
1173 2556 1281 2600 idem
1306 2556 1384 2600 Rit.
1412 2557 1528 2601 Rom.
1555 2557 1656 2600 haec
1691 2556 1793 2600 alia:

167 2643 186 2669 ((
212 2634 253 2672 ut
286 2634 507 2686 antequam
541 2629 801 2682 contrahant,
824 2642 895 2672 sua
924 2632 1092 2685 peccata
1125 2627 1348 2684 diligenter
1371 2628 1660 2680 confiteantur,
1681 2633 1718 2670 et
1743 2628 1791 2670 ad

161 2699 200 2744 S.
237 2699 553 2755 Eucharistiam,
579 2700 703 2758 (sicut
735 2701 785 2743 ad
822 2699 1146 2755 Matrimonium,
1180 2703 1223 2742 ut
1254 2698 1397 2756 supra)
1433 2701 1498 2755 pie
1533 2699 1796 2752 accedant»,

161 2783 268 2828 quae
293 2772 330 2813 in
355 2771 537 2814 secunda
561 2773 732 2814 canonis
756 2776 871 2826 parte
896 2774 1108 2813 reservata
1131 2774 1247 2813 sunt:
1275 2768 1519 2826 eosdemque
1541 2782 1790 2825 «sponsos»

162 2840 436 2893 veliementer,
460 2843 593 2885 nitens
627 2841 814 2885 obtinere
847 2840 957 2898 quod
991 2843 1193 2898 sequitur,
1228 2839 1498 2896 adhortetur,
1534 2853 1610 2882 non
1648 2838 1798 2884 iubeat.

162 2912 232 2955 sed
268 2911 473 2968 exemplis
506 2912 687 2965 forsitan,
714 2910 956 2966 rationibus,
979 2913 1017 2963 a)
1051 2915 1095 2953 nt
1128 2915 1227 2953 ante
1260 2909 1529 2952 matrimonii
1562 2907 1801 2951 celebratio-
