1971 3261
217 146 263 178 42
620 145 700 179 Lus.
730 146 798 180 III.
825 166 837 171 -
862 146 971 180 PARS
997 146 1028 180 I.
1057 167 1068 171 -
1096 146 1152 181 De
1177 148 1441 182 Sat-ramentis
1562 147 1654 183 Can.
1683 149 1839 184 751-75‘3

222 268 356 306 rentes
392 263 637 320 baptismum
673 270 944 321 susceperunt
976 266 1157 322 quidem,
1196 266 1266 309 sed
1301 266 1518 310 acatholici
1552 270 1646 310 sunt
1678 280 1726 310 ac
1760 268 1840 310 for-

221 337 339 377 tassis
372 334 599 378 catholicae
635 335 821 391 religioni
865 336 1110 380 adversarii.
1157 336 1388 392 Propterea,
1428 339 1621 394 quamvis
1653 336 1840 382 Ecclesia

221 421 291 448 eos
329 405 389 448 vel
426 408 512 448 iure
545 419 694 461 cogere
739 413 872 462 posset
905 406 954 449 ad
990 406 1330 450 consentiendum
1378 409 1568 463 propriae
1609 406 1840 465 baptizandi

223 476 326 518 tilios
358 475 612 531 obligationi,
650 476 711 519 vel
746 476 937 533 supplere
972 477 1157 532 iuridice,
1197 481 1375 521 attamen
1422 477 1652 534 periculum
1676 492 1840 536 semper

221 546 417 591 subesset,
454 559 528 589 nec
562 547 817 602 expectanda
852 547 953 590 foret
993 546 1226 591 obedientia
1259 547 1581 592 acatholicorum
1609 553 1840 605 parentum.

223 616 327 659 Hinc
360 621 589 672 opportune
625 617 799 672 idipsum
825 619 1124 673 praescriptum
1149 618 1198 661 ad
1235 617 1307 662 hos
1346 619 1519 662 infantes
1542 620 1779 663 extenditur
1803 623 1840 663 in

221 687 299 729 alio
334 701 422 728 can.
459 689 557 730 751.
595 685 717 729 Circa
750 687 1001 744 baptismum
1033 687 1262 746 infantium
1297 691 1367 746 qui
1390 692 1470 733 sint
1495 689 1566 733 tilii
1600 690 1640 747 a)
1665 689 1840 734 duorum

223 757 526 799 haeretieorum
571 758 753 800 fortassis
799 757 933 800 valide
968 757 1278 814 baptizatorum,
1311 761 1381 804 sed
1417 763 1486 818 qui
1520 766 1615 804 sunt
1646 761 1843 818 adscripti

221 827 341 869 alicui
377 832 512 870 sectae
546 832 585 869 et
619 840 842 884 numquam
880 827 1067 884 religioni
1101 829 1328 873 catholicae
1365 830 1658 887 adhaeserunt,
1693 831 1736 888 b)
1772 837 1844 875 aut

222 897 598 948 sele&nauticorum
647 896 856 941 Ecclesiae
904 897 1193 942 schismaticae
1243 902 1280 942 in
1324 905 1583 945 antecessum
1633 902 1844 958 adscripti,

222 967 261 1024 (⁴)
296 974 369 1010 aut
402 967 580 1010 duorum
613 966 913 1011 catholicorum
950 968 1021 1026 qui
1053 969 1097 1026 a)
1116 968 1160 1011 iu
1183 970 1444 1027 apostasiam
1470 971 1511 1028 b)
1537 972 1600 1015 vel
1623 971 1845 1029 haeresim,

222 1038 262 1095 c)
299 1039 358 1081 vet
390 1037 584 1094 schisma,
620 1044 739 1095 prout
773 1041 810 1082 in
846 1052 935 1083 can.
964 1039 1136 1097 1325‚§
1160 1040 1183 1083 ἱ)
1205 1041 1216 1062 ¹
1251 1041 1519 1097 deliniuntur,
1536 1042 1730 1100 prolapsi
1748 1044 1848 1097 siut,

224 1112 386 1166 utrique
421 1112 458 1152 in
493 1109 681 1153 eamdem
715 1114 785 1153 aut
820 1112 856 1153 in
891 1110 1100 1154 diversam
1136 1124 1184 1154 ex
1222 1110 1313 1163 illis,
1347 1112 1460 1169 (nam
1494 1115 1526 1155 si
1552 1126 1657 1156 unus
1695 1126 1743 1156 ex
1781 1126 1848 1170 pa-

225 1180 407 1224 rentibus
440 1180 668 1224 catholicus
700 1186 806 1224 esset
839 1194 932 1225 cum
969 1183 1099 1238 patria
1134 1186 1348 1238 potestate,
1372 1182 1516 1226 saltem
1542 1196 1591 1226 ex
1615 1186 1676 1227 sui
1703 1189 1849 1228 natura

223 1265 301 1294 non
336 1256 440 1294 esset
474 1264 593 1295 casus
626 1254 663 1294 in
698 1264 856 1295 canone
878 1251 1236 1309 comprehensus),
1256 1253 1493 1310 qeneratim
1516 1259 1735 1298 serventur
1757 1269 1850 1298 uor-

224 1336 314 1364 mae
349 1322 388 1364 iu
422 1322 641 1379 superiore
673 1336 829 1366 canone
874 1322 1139 1368 constitutae.
1188 1324 1390 1380 Supponit
1433 1337 1532 1381 ergo
1572 1337 1701 1369 canon
1736 1327 1850 1369 aiens

228 1395 546 1449 «generatim»
587 1406 703 1449 posse
737 1393 825 1437 dari
859 1396 1203 1449 circumstantias,
1244 1397 1281 1437 in
1316 1393 1466 1452 quibus
1500 1395 1609 1439 licite
1643 1399 1849 1440 contrario

226 1464 347 1505 modo
380 1464 586 1520 agendum
623 1465 685 1507 sit.
723 1467 944 1522 Hucusque
969 1464 1020 1508 de
1053 1464 1291 1509 infantibus.

344 1534 411 1578 36.
447 1535 811 1591 Dispositiones
843 1537 996 1581 adulti
1029 1538 1328 1593 baptizandi.
1363 1562 1390 1567 -
1423 1536 1611 1591 Quatuor
1651 1540 1844 1595 requisita

226 1619 297 1661 pro
321 1604 471 1651 adultis
506 1609 772 1648 recensentur
806 1607 843 1648 in
879 1605 956 1649 Rit.
990 1606 1106 1650 Rom.
1141 1606 1211 1650 sed
1248 1620 1324 1650 non
1359 1612 1453 1650 sunt
1491 1607 1676 1665 aequalis
1709 1621 1848 1652 neces-

225 1679 366 1720 sitatis.
403 1675 478 1733 (lb.
513 1676 555 1720 (3.
592 1675 656 1729 lll,
691 1690 727 1719 n.
765 1677 820 1734 1).
862 1692 882 1718 «
905 1677 944 1721 Si
979 1680 1071 1734 quis
1113 1677 1278 1722 adultus
1317 1680 1367 1721 sit
1412 1678 1693 1735 baptizandus,
1728 1679 1851 1723 debet

227 1749 351 1802 prius,
387 1747 616 1790 secundum
651 1747 929 1803 Apostolicam
967 1748 1166 1804 regulam,
1202 1750 1240 1791 in
1275 1748 1498 1793 christiana
1522 1749 1603 1793 tide
1629 1762 1676 1793 ac
1699 1751 1850 1793 sanctis

228 1817 410 1861 moribus
443 1817 664 1874 diligenter
703 1820 860 1871 instrui,
895 1823 933 1861 et
973 1831 1044 1875 per
1077 1818 1233 1876 aliquot
1267 1819 1355 1863 dies
1390 1822 1429 1862 in
1463 1819 1851 1876 operibuspietatis

225 1890 426 1943 exerceri,
474 1890 645 1945 eiusque
696 1888 885 1932 voluntas
927 1894 964 1932 et
1006 1892 1258 1946 propositum
1310 1892 1474 1947 saepius
1517 1890 1770 1947 explorari»
1810 1895 1851 1933 ut

227 1971 374 2013 nempe
416 1958 752 2014 deprehendatur
797 1963 906 2002 reeta
951 1961 1137 2012 intentio,
1180 1961 1373 2017 frausque
1418 1962 1551 2004 omnis
1593 1960 1713 2013 absit,
1746 1973 1853 2018 quae

228 2031 394 2071 l‘orsitan
429 2043 521 2073 cum
559 2030 651 2073 tidei
688 2029 937 2073 detrimento
981 2030 1238 2086 subreperet.
1284 2030 1547 2088 Explicitque
1581 2031 1742 2075 Rituale
1774 2031 1853 2075 Ro-

229 2112 392 2142 manum
423 2099 560 2143 verbis
584 2100 757 2142 canonis
782 2102 886 2143 752.
912 2099 1106 2154 Adultus,
1132 2101 1173 2158 a)
1196 2101 1281 2143 uisi
1302 2101 1437 2143 sciens
1460 2108 1498 2144 et
1519 2101 1670 2156 volens,
1697 2101 1738 2158 b)
1758 2115 1854 2159 pro-

227 2169 352 2226 beque
385 2170 631 2221 instructus,
666 2184 716 2213 ue
747 2170 1011 2227 baptizetur:
1043 2176 1080 2214 et
1125 2170 1202 2214 hoc
1243 2171 1430 2214 ultimum
1468 2177 1511 2215 ut
1544 2185 1637 2215 cum
1674 2172 1754 2215 tide
1786 2185 1852 2215 ac-

228 2241 361 2290 cedat,
388 2243 641 2299 recipiatque
667 2240 861 2297 Baptisnii
887 2241 1080 2285 effectum
1115 2254 1185 2284 seu
1223 2255 1307 2284 rem
1331 2244 1597 2297 sacramenti,
1622 2254 1715 2285 nam
1746 2257 1766 2283 (c
1786 2255 1850 2285 ac-

227 2310 441 2353 cedentem
476 2311 525 2353 ad
564 2310 691 2354 Deum
727 2316 887 2367 oportet
911 2312 1082 2355 credere
1107 2327 1126 2353 ))
1152 2311 1165 2332 ²
1191 2317 1229 2354 et
1254 2311 1377 2355 Marci
1406 2312 1476 2355 ult.
1518 2328 1536 2353 «
1554 2310 1640 2365 ‹Qui
1665 2312 1852 2356 credide-

231 2382 280 2423 rit
298 2385 335 2423 et
357 2381 581 2437 baptizatus
600 2383 734 2436 suerit,
759 2382 900 2425 salvus
919 2385 1017 2436 erit,
1042 2385 1110 2440 qui
1137 2396 1232 2426 vero
1252 2396 1329 2426 nou
1349 2383 1587 2436 crediderit,
1607 2383 1854 2426 condemna·

230 2451 337 2494 bitur
361 2469 400 2506 υ,
435 2465 511 2495 nou
539 2455 704 2496 iuvante
728 2452 812 2495 solo
839 2452 1054 2509 baptismo.
1081 2452 1169 2496 Alia
1199 2466 1295 2496 vero
1319 2453 1498 2496 conditio
1528 2455 1702 2497 «sciens
1727 2458 1763 2497 et
1788 2467 1853 2496 vo-

347 2605 355 2624 ¹
385 2604 476 2638 Gan
510 2605 633 2640 1325.
663 2609 682 2646 ξ
708 2605 741 2637 2.
773 2604 866 2637 Post
906 2613 1106 2648 receptum
1140 2603 1375 2648 baptismum
1403 2604 1435 2637 si
1462 2604 1562 2648 quis
1593 2616 1735 2639 nomen
1763 2607 1853 2640 1eti-

229 2661 325 2683 nens
353 2650 628 2696 christianum,
656 2651 912 2695 pe1ti11a0iter
937 2651 1109 2696 aliquam
1127 2661 1175 2689 ex
1202 2650 1440 2685 veritatibus
1462 2650 1543 2700 fide
1571 2651 1709 2686 divina
1734 2657 1774 2686 et
1801 2665 1854 2687 ca-

230 2697 375 2730 tholica
402 2698 608 2732 credendis
632 2697 804 2743 denegat
831 2702 901 2732 aut
928 2697 974 2732 de
1001 2710 1045 2732 ea
1056 2692 1240 2734 dubitat
1272 2688 1517 2738 haereticum
1546 2698 1579 2732 si
1605 2710 1627 2732 a
1653 2699 1727 2733 fide
1754 2699 1855 2734 chri-

230 2745 358 2777 stiana
397 2746 579 2780 totaliter
618 2745 775 2780 recedit.
819 2749 1021 2789 apostata3
1057 2746 1090 2779 si
1118 2745 1287 2789 denique
1326 2745 1485 2779 subesse
1523 2746 1657 2780 renuit:
1697 2746 1854 2781 Summo

231 2790 413 2825 Ροηῑίῇςὶ
441 2798 511 2826 aut
537 2804 625 2826 cum
651 2792 833 2827 membris
861 2792 1057 2826 Ecclesiae
1084 2792 1115 2826 ei
1145 2792 1337 2826 subiect-,is
1374 2793 1658 2827 communicare
1684 2799 1853 2836 recusat,

231 2837 505 2873 schismaticus
531 2845 605 2874 est.

349 2886 361 2907 '2
388 2887 446 2920 Ad
473 2887 590 2921 Hebr.
619 2887 688 2927 XI,
714 2888 746 2921 (5.
