1971 3261
176 151 272 187 Can.
302 149 392 185 1058
695 147 780 181 TIT.
812 148 895 182 5'11.
922 168 933 172 -
962 148 1017 183 De
1046 148 1304 182 Matrimonia
1741 146 1809 182 555

178 267 346 314 inspectis
370 266 535 302 omnibus
561 265 607 301 rei
627 265 815 307 adiunctis,
836 266 865 301 ei
889 276 959 311 per-
1080 265 1165 301 clx.
1199 265 1297 299 1006.
1336 285 1356 292 -
1395 265 1429 300 Si
1461 265 1619 311 publicus
1655 272 1811 311 peccator

178 315 315 350 mittere
342 313 465 360 poterit
492 319 528 348 ut
555 313 780 348 matrimonio
808 313 956 353 intersit,
1030 318 1088 348 aut
1115 323 1263 348 censura
1295 313 1426 347 notorie
1446 313 1634 348 innodatus
1655 314 1749 359 prius
1767 314 1808 349 ad

176 361 366 397 dummodo
405 365 523 405 urgeat
555 360 670 405 gravis
700 371 803 395 causa
831 365 861 395 et
900 371 959 405 pro
1029 360 1317 396 sacramentalem
1357 360 1611 395 confessionem
1649 361 1811 396 accedere

177 420 239 444 suo
268 408 427 455 prudenti
455 407 599 442 arbitrio
632 406 843 442 Ordinarius
871 407 957 441 iudi·
1029 412 1089 442 aut
1115 418 1192 442 cum
1217 407 1364 442 Ecclesia
1383 407 1598 442 reconciliari
1634 418 1810 443 recusave-

174 461 229 492 cet
255 456 339 491 satis
377 459 516 490 cautum
556 465 630 489 esse
661 454 851 489 catholicae
877 454 959 489 edu·
1031 455 1085 495 rit,
1114 455 1282 500 parochus
1308 455 1382 490 eius
1402 454 1624 489 matrimonio
1652 466 1693 490 ne
1707 456 1810 490 assis-

174 503 303 539 cationi
345 504 527 538 universae
563 502 666 547 prolis
705 507 735 536 et
775 502 957 537 remotioni
1031 507 1090 542 tat,
1119 502 1184 536 nisi
1212 503 1327 543 gravis
1363 507 1479 546 urgeat
1517 513 1632 541 causa,
1658 503 1699 537 de
1726 514 1807 548 qua,

178 550 320 594 periculi
352 549 582 596 perversionis
616 549 761 584 alterius
787 549 957 593 coniugis.
1029 549 1055 583 si
1086 549 1156 584 lieri
1188 550 1306 595 possit,
1335 549 1493 584 consulat
1521 548 1762 584 Ordinarium.

294 691 392 733 452.
428 693 685 747 Inscriptio
719 693 895 747 capitis
928 695 977 736 et
1010 693 1133 736 ordo
1169 705 1428 736 canonum.
1450 715 1507 721 —
1532 690 1687 735 Deinde
1710 706 1805 735 con-

173 762 442 807 siderandum
479 766 537 804 est
576 760 710 819 Papa!
747 760 787 803 ΙΙ
819 764 1063 817 inscriptum
1095 760 1151 803 De
1174 760 1483 817 impedimentis
1509 764 1545 804 in
1571 765 1722 818 specie,
1751 766 1808 806 vi-

173 833 348 877 delicet:
383 831 721 889 iiiepedi'eiitilms.
749 831 825 875 hoc
844 837 926 874 est:
953 832 1003 874 de
1029 830 1376 887 prohibitionibus
1399 844 1556 875 canone
1579 832 1813 888 vigentibus

174 918 282 962 quae
318 905 577 946 matrimonia
613 902 771 946 directe
804 902 983 945 reddunt
1033 901 1173 945 illicita
1224 904 1381 945 ratione
1426 915 1694 958 personarum
1730 915 1809 961 qua

177 977 406 1018 ineuntium
442 978 701 1017 contractum
736 976 982 1017 canonicum
1021 975 1286 1027 matrimonii,
1322 975 1390 1030 qui
1423 973 1544 1016 simul
1581 978 1640 1016 est
1673 986 1810 1017 sacra·

176 1051 376 1093 mentum,
412 1049 449 1087 et
485 1044 579 1087 hinc
616 1046 832 1101 requirens
866 1046 904 1086 iu
939 1042 1336 1086 subiecto-ministro
1369 1043 1470 1086 alias
1508 1044 1810 1100 dispositiones,

173 1130 351 1175 quarum
388 1116 577 1159 deiectus
611 1120 751 1171 utpote
784 1116 1068 1158 communium
1095 1127 1168 1171 pro
1192 1114 1283 1157 aliis
1308 1116 1501 1157 vivorum
1541 1117 1812 1158 sacramentis

175 1192 386 1246 nequeunt
421 1188 586 1243 proprie
624 1188 761 1229 vocari
799 1187 1049 1228 matrimonii
1086 1185 1394 1241 impedimenta.
1422 1211 1474 1215 —
1499 1185 1616 1229 Unde
1649 1184 1701 1229 ab
1736 1185 1811 1229 hoc

176 1271 350 1301 mintero
383 1259 421 1299 in
455 1256 608 1300 Codice
641 1261 939 1312 expunguntur
972 1260 1057 1298 tum
1091 1254 1312 1312 sponsalia,
1345 1268 1451 1312 quae
1487 1258 1523 1298 in
1559 1258 1809 1299 conscientia

176 1333 365 1385 urgeant,
399 1330 495 1385 quia
528 1327 781 1383 sponsalium
817 1339 941 1369 causa
975 1339 1054 1369 non
1094 1329 1205 1382 viget
1238 1329 1409 1369 canonis
1454 1326 1688 1383 prohibitio,
1726 1332 1809 1370 tum

175 1405 340 1455 tempus
374 1389 581 1451 te'riatum,
615 1400 710 1454 quia
747 1397 970 1454 prohibitio
1015 1399 1143 1454 ipsius
1191 1409 1316 1440 causa
1363 1399 1506 1454 vigens
1531 1411 1609 1440 non
1646 1400 1811 1454 respicit

173 1471 332 1514 directe
367 1481 576 1525 personas,
613 1473 697 1511 tum
733 1480 935 1512 censurae
967 1472 1037 1511 aut
1070 1470 1262 1521 crimina,
1310 1470 1406 1525 quia
1441 1467 1503 1511 his
1537 1481 1615 1511 non
1652 1473 1810 1511 tantum

173 1540 482 1586 sacramentum
518 1541 771 1583 matrimonii
806 1539 876 1582 sed
912 1538 991 1582 alia
1043 1543 1233 1582 vetantur
1281 1540 1407 1595 recipi
1444 1544 1481 1582 et
1515 1539 1810 1582 administrari.

177 1614 396 1670 Propterea
434 1616 600 1654 manent
625 1610 887 1654 solummodo
912 1612 988 1653 tria
1015 1610 1309 1666 impedimenta
1337 1610 1617 1666 impedientia,
1640 1624 1810 1667 nempe:

179 1689 319 1727 votum
354 1682 546 1739 simplex,
580 1681 910 1738 unumquodque
943 1694 992 1724 ex
1029 1683 1244 1724 recensitis
1269 1683 1306 1723 in
1332 1694 1420 1724 can.
1460 1682 1584 1735 1058,
1624 1681 1813 1738 «legalis

173 1755 369 1811 cognatio
402 1767 451 1796 ex
488 1753 708 1809 adoptione
742 1756 888 1807 orta»,
913 1764 1038 1808 quam
1064 1752 1189 1795 efficit
1214 1752 1559 1808 impedimentum
1581 1752 1811 1808 impediens

173 1838 265 1869 can.
306 1824 432 1874 1059,
466 1828 504 1866 et
543 1823 934 1879 «impedimentum
970 1824 1122 1865 mixtae
1158 1822 1413 1879 religionis»
1454 1822 1504 1865 de
1546 1836 1628 1879 quo
1661 1823 1812 1866 dantur

174 1908 268 1939 can.
306 1895 565 1947 1060-1004,
599 1907 692 1937 cum
729 1907 810 1951 quo
846 1893 1145 1949 impedimento
1178 1892 1493 1936 similitudinem
1530 1893 1682 1937 habent
1706 1893 1811 1937 duae

173 1966 281 2009 aliae
317 1967 675 2008 matrimoniorum
729 1964 1027 2020 prohibitiones
1077 1964 1330 2018 moderatae,
1365 1977 1467 2020 (pias
1500 1966 1711 2007 continent
1745 1977 1811 2007 ca-

177 2050 306 2080 nones
346 2036 468 2086 1065,
506 2035 632 2079 1066.

295 2107 393 2150 433.
428 2108 829 2164 Impedimentum
864 2109 966 2152 voti
1000 2108 1254 2164 simplicis.
1289 2132 1342 2139 —
1371 2106 1434 2150 lus
1465 2107 1656 2151 divinum
1691 2112 1749 2151 est
1776 2108 1810 2150 ¹:

178 2194 202 2219 «
225 2178 263 2221 Si
289 2177 388 2235 quid
417 2179 565 2220 vovisti
587 2176 683 2231 Deo,
711 2190 759 2220 ne
785 2179 958 2220 moreris
993 2177 1190 2230 reddere,
1224 2177 1416 2234 displicet
1438 2181 1548 2221 enim
1572 2180 1608 2221 ei
1634 2178 1812 2222 infidelis

174 2253 215 2292 et
247 2248 370 2291 stulta
406 2250 637 2303 promissio.
672 2248 750 2291 Sed
786 2248 1084 2305 quodcumque
1122 2251 1288 2291 voreris
1328 2248 1454 2292 redde
1478 2265 1518 2292 )›.
1562 2248 1653 2292 lure
1687 2251 1813 2306 igitur

174 2318 320 2362 divino
353 2318 423 2362 sed
459 2318 756 2372 conditionato,
792 2318 919 2362 idest:
954 2318 1006 2362 ob
1039 2320 1298 2375 suppositum
1345 2318 1520 2363 liberum
1566 2324 1702 2363 actum
1743 2334 1810 2363 vo-

181 2391 325 2441 ventis,
363 2391 487 2444 viget,
522 2389 631 2446 quod
667 2389 793 2433 edicit
826 2402 872 2433 ac
907 2390 1045 2433 tirmat
1077 2403 1168 2432 caii.
1203 2392 1335 2433 1058.
1368 2389 1395 2447 g
1429 2390 1466 2432 1.
1490 2388 1809 2434 Man-imommn

176 2458 351 2517 impedit
387 2465 520 2503 votum
558 2459 790 2516 perdurans
824 2462 862 2503 in
897 2472 970 2503 sua
1004 2459 1272 2516 obligatione,
1311 2477 1333 2501 «
1357 2461 1461 2504 idest
1501 2463 1719 2517 promissio
1743 2462 1811 2505 de-

177 2530 347 2574 liberata
372 2543 420 2574 ac
446 2530 574 2574 libera
601 2530 684 2574 Deo
709 2532 814 2575 sacta
839 2531 890 2574 de
916 2531 1022 2574 bono
1047 2530 1230 2587 possibili
1255 2537 1293 2575 et
1320 2531 1489 2575 meliore
1508 2548 1528 2573 »
1554 2536 1662 2582 (can.
1686 2532 1813 2585 1037,

175 2603 201 2654 ᾗ
236 2600 292 2655 1),
325 2600 517 2658 simpleoe,
568 2592 740 2658 nempe:
789 2604 848 2646 sic
897 2604 1093 2645 emissum
1144 2602 1253 2659 quod
1294 2618 1315 2643 α
1339 2601 1390 2646 ab
1428 2602 1614 2646 Ecclesia
1649 2606 1704 2646 uti
1739 2603 1812 2646 sol-

179 2670 314 2714 lemne
348 2684 428 2714 non
463 2673 587 2715 fuerit
620 2674 848 2728 agnitum»
887 2672 995 2728 (can.
1034 2672 1159 2727 1308,
1193 2672 1221 2731 ἓ
1255 2672 1313 2730 2),
1346 2675 1436 2716 sive
1472 2675 1593 2716 fuerit
1633 2689 1654 2714 «
1680 2673 1810 2730 pubii-

176 2754 271 2784 cum
294 2757 313 2782 »
350 2744 438 2785 sive
477 2745 778 2799 «privatum»
817 2743 867 2787 ad
903 2755 1091 2786 normam
1139 2756 1229 2787 can.
1270 2744 1394 2797 1308,
1428 2744 1456 2801 ξ
1494 2744 1528 2797 1,
1563 2745 1602 2798 a)
1639 2744 1812 2799 rimini-

296 2897 306 2918 ¹
334 2896 609 2938 Ecclesiastae,
636 2897 682 2938 V,
710 2898 744 2931 3.
