1971 3261
139 157 233 194 Gan.
259 158 330 194 913
666 159 749 193 ΤιΤ.
776 160 842 194 IV.
869 180 880 186 -
909 162 964 196 De
991 163 1234 198 Poenitentz‘cz
1698 165 1767 199 2515

141 275 386 322 propagatione
411 280 443 311 et
471 275 565 311 iuxta
592 281 744 312 mentem
772 276 906 312 Summi
939 278 1114 314 pontilicis
1130 281 1266 322 »,sicut
1296 281 1358 316 liae
1384 281 1559 317 clausulae
1586 295 1690 328 supra
1710 283 1767 319 dc-

138 334 289 370 claratae
315 339 409 369 sunt.

259 417 355 461 246.
406 419 544 463 Aliae
596 420 914 465 limitationes
958 426 1221 476 potestatis
1260 426 1594 481 indulgentias
1650 427 1768 471 elar-

138 490 320 545 giendi.
340 513 392 518 -—
414 487 632 545 Postquam
668 490 705 530 in
741 501 899 532 canone
935 492 1208 545 praecedente
1236 507 1448 537 mensuras
1473 495 1768 550 perpendimus

137 559 367 603 servandas
399 558 450 602 ab
484 558 775 602 ecclesiasticis
811 559 1006 603 Praelatis
1031 564 1067 604 in
1094 566 1359 607 concessione
1385 566 1734 621 indulgentiarum
1758 581 1766 614 ;

140 643 191 673 ne
222 630 458 673 ordinariae
492 632 674 686 ipsorum
712 633 900 686 potestati
936 632 1217 688 applicaretur
1250 650 1422 678 erronee
1459 639 1568 679 iuxta
1614 637 1765 680 doctri-

140 713 233 744 nam
270 700 462 743 traditam
497 702 556 754 ξω
592 700 607 742 1
647 712 737 743 can.
774 701 856 743 199
893 701 1065 758 loquens
1098 703 1148 746 de
1184 705 1481 759 iurisdictione,
1514 707 1575 750 vel
1609 709 1640 749 si
1678 707 1768 751 aliis

140 770 286 827 placet,
307 783 385 813 non
420 770 536 824 mihi,
571 776 611 813 ut
647 770 811 815 salium
848 777 1009 815 maneat
1036 772 1143 816 illius
1170 778 1469 831 praescriptum
1496 791 1590 819 cum
1617 791 1767 834 excep—

140 845 249 884 tione
286 857 308 882 «
331 843 406 884 nisi
441 840 551 884 aliud
589 855 783 898 expresse
817 845 906 885 iure
938 848 1138 886 caveatur
1163 862 1200 897 υ,
1235 849 1370 888 statim
1396 846 1586 890 subditur
1612 851 1647 890 in
1676 864 1766 893 mm.

138 914 240 956 913.
278 910 508 969 Inferiores
541 910 730 955 Romano
773 912 964 969 Pontifici
1013 914 1095 971 (cui
1149 922 1316 971 propter
1366 916 1455 969 boc,
1504 921 1624 960 etiam
1672 933 1767 975 prae

141 983 325 1026 Romana
357 981 479 1027 Curia
512 996 584 1025 seu
620 982 658 1027 S.
697 986 1016 1028 Poenitentiaria
1053 988 1126 1027 nisi
1166 991 1204 1028 ut
1243 1000 1355 1029 mero
1391 990 1674 1034 instrumento.
1708 1004 1766 1031 re-

137 1058 361 1098 servantur
393 1066 499 1111 quae
531 1052 608 1097 sub
641 1060 739 1112 seq⁸.
779 1067 906 1099 numS.
943 1058 1222 1109 continentur,
1255 1058 1420 1114 qnando
1454 1058 1573 1101 aliter
1597 1073 1673 1102 non
1700 1074 1767 1103 ex-

139 1124 360 1183 primatur)
394 1132 616 1183 nequeunt,
648 1125 834 1170 scilicet:
888 1125 1038 1171 valide.
1087 1129 1182 1183 quia
1235 1130 1285 1170 de
1336 1133 1534 1184 potestate
1584 1129 1769 1174 absolme

137 1199 303 1253 agitur:

260 1267 302 1310 1⁰
329 1267 586 1311 Facecltalem
613 1282 735 1325 quam
756 1268 946 1320 habeant
975 1275 1016 1312 ut
1040 1283 1179 1326 supra,
1206 1270 1458 1314 ordinariam
1490 1272 1551 1314 vel
1577 1275 1768 1315 commis-

137 1352 224 1383 sam
250 1338 502 1382 concedende·
519 1338 808 1397 indulqenlius
826 1339 928 1382 aliis
950 1339 1299 1398 quibuscumque,
1320 1344 1441 1383 etiam
1468 1340 1627 1385 &icario
1646 1356 1769 1399 gene-

140 1409 212 1453 rali
239 1422 312 1465 per
337 1409 577 1453 mandatum
600 1409 780 1466 speciale
805 1415 872 1453 aut
898 1410 1217 1467 delegationem,
1243 1424 1348 1468 quae
1374 1417 1508 1455 tamen
1536 1415 1699 1469 proprie
1719 1414 1769 1457 de

140 1485 339 1537 potestate
373 1480 670 1524 iurisdictionis
703 1481 868 1536 dicitur,
894 1481 1164 1525 committere.
1217 1482 1300 1524 nisi
1351 1482 1393 1525 id
1441 1482 1618 1527 scilicet:
1664 1484 1769 1527 lianc

137 1552 190 1596 ab
224 1552 390 1595 bomine
423 1564 502 1594 non
537 1564 559 1594 a
594 1554 683 1595 iure
721 1568 740 1592 ι(
766 1551 1001 1596 tacultatem
1026 1569 1046 1593 »
1096 1553 1156 1595 eis
1202 1567 1377 1610 nempe:
1422 1555 1619 1598 Praelatis
1668 1557 1770 1598 intra

140 1621 257 1666 Rom.
293 1623 537 1666 Pontificem
572 1636 595 1664 α
631 1622 729 1665 sede
760 1622 1003 1680 Apostoli'ca
1037 1624 1216 1667 scilicet:
1253 1638 1273 1667 a
1299 1627 1423 1669 Sacra
1451 1628 1768 1669 Poenitentiaria

141 1696 325 1737 fortassis
359 1707 432 1750 per
462 1692 763 1738 Cancellariam
798 1693 993 1737 Brevium
1038 1695 1100 1738 vel
1150 1710 1170 1738 a
1221 1695 1407 1739 Romano
1459 1699 1670 1751 pontifice,
1720 1697 1768 1739 ad

140 1777 327 1808 norman]
363 1777 453 1809 can.
488 1765 527 1817 7,
564 1764 662 1819 258,
697 1767 722 1819 ἓ
756 1764 794 1819 2,
829 1779 1026 1823 expresse
1056 1766 1190 1824 fueri!
1225 1766 1432 1809 indnllmn
1471 1781 1544 1823 pro
1579 1781 1659 1810 uno
1707 1768 1769 1811 vel

139 1835 326 1892 pluribus
359 1835 523 1879 casibus
559 1835 623 1878 vel
647 1835 696 1879 ad
723 1841 899 1893 tempus.
925 1841 961 1879 et
987 1840 1082 1894 quia
1109 1838 1261 1880 dicitur
1292 1854 1310 1877 «
1332 1852 1584 1894 expresse»,
1605 1841 1771 1881 omnino

137 1907 328 1950 standum
364 1912 424 1950 est
457 1906 507 1949 ad
542 1909 730 1963 rescripti
769 1907 831 1950 vel
867 1910 1148 1951 concessionis
1182 1913 1365 1951 tenorem
1402 1922 1474 1964 pro
1511 1909 1722 1953 validitate
1743 1909 1770 1951 ¹.

257 1976 301 2020 2⁰
336 1976 629 2034 Indeclyemias
672 1978 896 2021 concedere
938 1977 1149 2036 defunctis
1198 1978 1487 2036 applicabiles,
1530 1981 1619 2023 sive
1670 1980 1770 2023 baec

137 2047 360 2104 applicatio
394 2047 664 2104 intelligatur,
698 2053 911 2106 tamquam
947 2051 978 2092 si
1016 2049 1181 2092 lucrans
1226 2049 1517 2106 indulgentias,
1551 2050 1669 2093 cedat
1703 2064 1771 2093 eas

139 2121 178 2161 in
211 2119 503 2162 defunctorum
537 2119 796 2175 suffragium,
832 2125 873 2162 ut
907 2120 1111 2176 quaedam
1146 2122 1348 2163 sententia
1385 2126 1506 2172 tenet.
1531 2123 1620 2164 sive
1655 2135 1769 2177 prae-

138 2189 273 2233 dictus
306 2189 441 2232 fidelis
473 2189 732 2233 conditiones
765 2195 901 2246 ponat,
937 2195 977 2233 ut
1013 2190 1295 2247 indulgentiae
1329 2193 1543 2234 concessio
1577 2192 1768 2234 effectum

139 2263 178 2303 in
214 2262 443 2317 purgatorii
477 2259 697 2304 animabus
728 2267 1008 2318 consequatur
1039 2261 1268 2304 secundum
1304 2261 1490 2305 divinam
1524 2265 1772 2318 acceptatio-

139 2344 246 2386 nem,
271 2336 550 2388 congruenter
573 2334 761 2389 sequenti
788 2332 832 2375 D.
852 2331 1033 2375 Tbomae
1057 2332 1270 2375 doctrinae
1291 2333 1327 2376 ²:
1357 2349 1379 2373 «
1403 2333 1641 2381 dicendum,
1662 2333 1769 2390 quod

136 2415 240 2458 opus
279 2404 491 2458 proprium
536 2407 667 2459 potest
701 2405 794 2460 quis
837 2403 1047 2459 applicare
1092 2416 1164 2459 per
1208 2405 1477 2446 intentionem
1523 2405 1771 2458 cuicumque

141 2471 339 2516 voluerit:
374 2477 413 2516 et
446 2473 539 2516 ideo
580 2478 709 2529 potest
758 2487 831 2529 pro
874 2486 1138 2531 quocumque
1176 2473 1275 2528 vult,
1309 2475 1565 2518 satisfacere.
1600 2474 1678 2517 Sed
1716 2476 1772 2516 in-

256 2625 268 2647 1
295 2624 402 2659 Hine
427 2626 634 2660 memorari
653 2632 809 2671 oportet
828 2626 1211 2660 animadversionem
1237 2626 1401 2670 primam
1421 2626 1476 2669 <in
1495 2627 1668 2671 quinque
1685 2626 1774 2659 For-

138 2672 271 2715 mulis)
287 2684 294 2705 :
314 2686 333 2705 «
352 2672 582 2707 Praedictae
599 2673 811 2707 facultates
829 2685 873 2707 ea
890 2673 976 2717 lege
996 2672 1267 2707 conceduntur
1290 2673 1469 2707 'Vicariis
1502 2680 1541 2707 et
1559 2673 1773 2707 Praefectis

137 2719 406 2765 Apostolicis),
431 2725 478 2754 ut
502 2731 583 2754 non
609 2732 743 2754 omnes
771 2720 1120 2754 indiscriminatim
1145 2720 1390 2765 subdeleyari
1410 2721 1577 2765 possint,
1599 2720 1665 2754 sed
1685 2720 1774 2753 illae

137 2771 298 2801 tantum
323 2768 434 2810 (nota
458 2767 580 2802 bene:
603 2767 842 2802 «facultates
858 2770 890 2797 »ἓ
913 2779 1010 2812 quae
1037 2767 1224 2801 asterisco
1250 2773 1459 2807 notantur,
1481 2779 1552 2802 seu
1583 2779 1679 2812 quae
1707 2767 1772 2801 ha-

139 2815 285 2848 bentur
311 2814 367 2857 (in
393 2814 520 2848 Form.
552 2820 641 2848 tert.
668 2816 826 2856 maiore,
845 2814 893 2848 ad
920 2814 1192 2859 indulgentias
1219 2814 1320 2859 quod
1347 2815 1510 2858 attinet)
1538 2814 1609 2848 sub
1637 2825 1772 2848 nume-

139 2862 195 2896 ris
220 2860 279 2905 30,
307 2860 368 2903 34,
396 2861 456 2903 36,
483 2862 528 2896 37
547 2874 581 2894 ».

257 2908 271 2930 ²³-
298 2907 433 2953 Suppl.
459 2920 494 2953 q.
525 2908 673 2951 XXVI,
702 2920 736 2942 a.
765 2908 786 2942 3
812 2908 859 2942 ad
886 2909 949 2943 2⁰¹.
