1971 3261
102 139 199 176 Can.
228 139 429 175 1089-1091
612 140 697 175 Ti'r.
728 141 814 176 VII.
844 162 853 168 ·
881 144 938 179 De
966 145 1224 179 Matrimonio
1661 148 1731 181 <515

93 261 219 303 etiam
256 258 491 314 habitualis,
526 259 758 303 invalidum
794 267 854 304 est
888 263 1220 316 matrimem'wn,
1255 265 1433 321 eoquod
1461 265 1528 309 illa
1555 279 1728 323 persona

102 334 141 374 in
167 335 342 388 utroque
365 342 461 374 casu
501 343 732 387 «praesens
755 346 827 389 per
852 339 1161 389 procuratorem
1187 351 1207 376 ³>
1237 336 1345 391 (ean.
1375 337 1498 387 1088,
1523 337 1551 395 ξ
1577 338 1617 390 1)
1646 351 1733 394 pro-

103 403 191 459 prie
222 401 303 445 dici
338 405 528 458 nequeat,
561 413 608 445 ac
645 404 683 444 vi
717 406 887 447 canonis
922 404 1042 448 huius
1064 404 1223 449 sublata
1248 412 1307 449 est
1331 408 1610 464 quorumdam
1640 412 1736 451 ante

99 471 297 517 Codicem
328 474 531 515 sententia
565 475 774 529 opposita;
825 473 922 517 licet
968 489 1040 518 seu
1075 489 1153 518 non
1188 476 1375 520 obstante
1413 478 1522 535 quod
1571 478 1609 530 ast
1643 478 1731 521 sire

101 546 358 600 procurator
390 540 541 599 b)s1're
573 542 662 585 alia
694 556 798 600 pars
831 544 1096 601 contrahens,
1132 548 1213 588 imo
1249 560 1353 590 unus
1386 553 1423 591 et
1457 548 1600 597 altera,
1627 547 1728 591 haee

99 611 405 669 iynorarerint‚
439 625 533 656 cum
581 612 633 657 al)
680 614 826 657 horum
877 618 1112 671 cognitione
1162 619 1340 660 rationes
1375 621 1617 675 praescripti
1650 621 1732 662 sint

97 682 274 726 aHenae.

217 753 301 797 lmo
337 759 505 811 propter
540 758 765 800 niaximum
802 760 952 814 negotii
990 763 1258 809 momentum„
1293 760 1534 815 adiungitur
1575 760 1623 803 ad
1661 773 1729 803 xa-

98 823 298 868 liditatem
332 826 439 869 sicut
471 828 598 870 ceteri
635 830 867 871 necessario
899 829 1132 872 serrandus
1163 834 1188 883 ᾗ
1222 830 1259 873 4.
1313 828 1360 873 Ut
1395 830 1727 885 mat1·1'mom'wn‚

98 906 181 951 qua
214 900 452 939 contractus
486 910 558 953 per
593 902 920 953 procuratorem,
956 898 1141 942 ralidmn
1173 899 1243 951 sit,
1275 902 1372 957 quin
1408 900 1518 943 aliud
1556 902 1727 956 proinde

95 978 119 1009 a
154 966 377 1010 mandante
410 966 570 1023 disponi
607 970 744 1024 possit,
777 975 1034 1026 procurator
1080 968 1195 1012 debet
1235 984 1404 1013 munere
1446 984 1519 1014 suo
1567 976 1730 1015 contra-

101 1036 224 1080 hendi
255 1049 332 1094 per
363 1051 407 1079 se
437 1037 527 1094 ipse
559 1043 838 1095 congruenter
868 1039 914 1096 ἕο
950 1039 993 1082 1Ο
1027 1046 1134 1083 03η.5
1171 1040 1280 1084 1088
1313 1040 1450 1097 [τιηῃί.

215 1136 269 1172 lus
309 1137 519 1182 praecedens
556 1138 747 1173 summarie
785 1138 942 1174 continet
975 1150 1049 1185 cap.
1077 1137 1096 1171 9
1137 1154 1151 1171 «
1174 1139 1220 1175 De
1247 1142 1565 1185 procuratoribus»
1598 1141 1640 1185 (Ι,
1673 1141 1730 1185 ta)

95 1194 132 1229 in
160 1193 210 1236 60,
238 1205 276 1230 ex
303 1205 371 1240 quo
398 1200 517 1241 patent.
542 1196 740 1232 additiones
760 1207 819 1243 per
837 1196 997 1233 Codicem
1016 1198 1137 1233 tactae.
1170 1212 1185 1230 «
1207 1198 1410 1234 Procurator
1436 1210 1506 1234 non
1525 1199 1626 1235 aliter
1651 1210 1730 1235 cen-

94 1257 192 1289 setur
218 1253 364 1289 idoneus
389 1254 432 1289 ad
460 1254 725 1290 matrimonium
763 1256 1057 1297 contrahendum,
1085 1267 1190 1302 quam
1218 1257 1244 1291 si
1272 1257 1315 1292 ad
1344 1258 1405 1292 hoc
1435 1258 1640 1293 mandatum
1672 1259 1730 1293 ha-

95 1312 209 1348 buerit
236 1313 398 1358 speciale.
425 1312 464 1348 Et
490 1314 651 1359 quamvis
669 1314 756 1350 alias
774 1314 815 1355 is,
833 1315 890 1360 qui
918 1315 1143 1351 constituitur
1159 1316 1202 1351 ad
1224 1317 1358 1361 negotia
1388 1322 1600 1363 procurator,
1620 1317 1729 1353 alium

92 1372 178 1408 dare
205 1372 333 1418 possit:
362 1372 397 1406 in
426 1372 489 1408 hoc
517 1377 636 1408 tamen
665 1385 760 1414 casu,
791 1377 946 1420 (propter
973 1386 1154 1420 magnum,
1185 1376 1274 1421 quod
1308 1386 1346 1412 ex
1387 1377 1475 1411 tacto
1513 1382 1584 1412 tam
1622 1377 1731 1412 arduo

94 1436 208 1478 posset
237 1431 429 1477 periculum
458 1432 660 1475 imminere)
690 1443 759 1468 non
789 1434 910 1479 poterit
936 1433 1103 1480 deputare
1128 1434 1248 1475 alium,
1277 1435 1343 1469 nisi
1373 1435 1434 1469 hoc
1460 1436 1571 1471 eidem
1599 1436 1730 1482 specia-

94 1490 175 1526 liter
200 1490 244 1524 sit
270 1491 550 1526 commissum».
580 1490 694 1534 Quam
722 1492 960 1538 exceptionem
987 1493 1163 1528 exclusam
1201 1493 1236 1527 in
1265 1492 1390 1530 Codice
1423 1495 1569 1529 asserui.
1603 1509 1618 1526 «
1639 1494 1730 1530 Sane

92 1550 121 1584 si
151 1554 353 1596 procurator
376 1554 566 1596 antequam
587 1552 810 1592 contraxerit,
830 1562 850 1586 a
868 1552 1013 1586 domino
1033 1552 1135 1587 suerit
1165 1557 1366 1588 revocatus:
1393 1558 1611 1589 contractum
1641 1559 1730 1600 post-

96 1609 239 1644 modum
268 1609 535 1645 matrimonium
562 1609 605 1644 ab
632 1609 751 1645 eodem
780 1610 874 1654 (licet
900 1615 971 1646 tam
999 1611 1083 1657 ipse,
1110 1622 1215 1657 quam
1249 1623 1300 1652 ea,
1331 1624 1410 1647 cum
1444 1624 1512 1658 qua
1545 1614 1727 1656 contraxit,

94 1668 350 1704 revocationem
380 1668 578 1704 huiusmodi
602 1669 739 1715 penitus
767 1669 985 1714 ignorarent)
1012 1671 1145 1706 nullius
1173 1671 1338 1706 momenti
1366 1671 1504 1707 existit:
1531 1683 1609 1707 cum
1638 1672 1731 1707 illius

91 1738 286 1763 consensus
312 1727 487 1769 defecerit,
513 1728 590 1764 sine
616 1739 683 1774 quo
711 1728 909 1764 firmitatem
939 1730 1066 1765 habere
1095 1730 1303 1776 nequivit».

214 1816 312 1861 489.
348 1819 718 1864 Matrimonium
752 1833 841 1875 per
874 1821 1207 1876 interpretem.
1260 1846 1310 1850 —
1361 1818 1467 1873 Quia
1507 1834 1732 1864 consensus

96 1887 414 1931 matrimonialis
463 1890 756 1941 manifestatio,
791 1892 1036 1947 inquantum
1088 1890 1155 1933 ille
1202 1891 1340 1934 verbis
1390 1892 1612 1947 profertur,
1647 1894 1728 1934 vini

92 1961 229 2003 exerit
262 1959 314 2003 ob
338 1959 566 2003 humanum
602 1960 841 2004 condictum
866 1961 917 2004 de
951 1961 1115 2004 illorum
1144 1962 1296 2016 valore,
1324 1962 1627 2006 rationabiliter
1658 1963 1728 2006 ad-

94 2030 639 2087 mittitursupplementum
684 2031 863 2075 defectui
908 2032 1166 2075 audientium
1201 2033 1251 2076 ad
1288 2033 1452 2076 illorum
1497 2033 1728 2090 intelligen-

95 2102 210 2156 tiam,
246 2101 345 2144 dum
380 2101 506 2145 edicit
539 2104 788 2146 ean.1090.
824 2101 1146 2146 Matrimonium
1179 2117 1229 2147 ex
1255 2108 1427 2147 naturae
1462 2106 1551 2147 iure
1582 2117 1629 2148 30
1662 2117 1726 2148 03-

98 2174 247 2215 nonico
278 2185 356 2230 per
390 2172 660 2230 interpretem
695 2186 876 2230 quoque,
910 2175 999 2217 sive
1033 2186 1112 2217 una
1145 2174 1230 2217 sola
1267 2187 1440 2231 persona
1480 2174 1542 2218 vel
1589 2175 1732 2231 plures

95 2255 170 2299 pro
203 2255 302 2286 casu
337 2243 437 2287 illud
473 2257 624 2287 munus
656 2244 925 2300 adimpleant,
959 2247 1048 2288 sive
1081 2247 1119 2288 in
1149 2245 1401 2289 adiutorium
1446 2245 1730 2290 coinrahentis

98 2313 163 2357 vel
196 2311 365 2371 parochi
404 2314 467 2358 vel
503 2317 683 2371 testium,
714 2317 804 2358 sive
838 2317 1021 2359 omnium
1059 2320 1224 2373 praeter
1258 2316 1511 2374 loquentem,
1535 2316 1731 2360 contrahi

90 2389 231 2442 potest
261 2398 428 2442 semper
464 2385 614 2435 valide,
649 2391 772 2443 atque
806 2386 917 2430 licite
950 2386 1001 2430 ob
1035 2399 1202 2431 cansam
1239 2387 1541 2432 rationabilem.

215 2455 313 2499 490.
349 2457 605 2514 obligatio
629 2459 833 2514 parochi
857 2460 1023 2515 quoad
1047 2460 1170 2504 haec
1192 2460 1520 2505 matrimonia.
1540 2485 1590 2490 —
1611 2458 1731 2503 Certe

95 2525 360 2571 adhibendae
392 2533 487 2571 sunt
519 2528 706 2572 cautelae
749 2531 860 2572 circa
905 2531 1144 2586 interpretis
1190 2531 1381 2586 peritiam
1416 2534 1455 2573 et
1489 2529 1729 2573 fidelitatem

93 2600 337 2655 ceteroquin
372 2598 449 2642 sub
485 2598 688 2648 vocabulo
721 2599 1058 2656 comprehensas.
1095 2599 1266 2657 Propter
1300 2600 1376 2644 hoc
1414 2600 1546 2657 logice
1580 2613 1627 2644 30
1660 2614 1729 2657 op-

96 2672 273 2724 portune
304 2668 565 2713 subnectitur
597 2683 686 2712 ean.
723 2672 849 2715 1091.
900 2669 1176 2714 Matrimom‘o
1223 2670 1265 2728 3)
1296 2684 1374 2729 per
1407 2676 1728 2729 procvratorem

91 2738 146 2781 ad
173 2751 346 2783 norman
370 2752 462 2784 ean.
488 2740 602 2783 1089
637 2740 679 2797 b)
705 2739 766 2783 rel
796 2754 873 2798 per
905 2741 1177 2799 interpretem
1211 2742 1261 2786 ad
1287 2755 1477 2786 normam
1503 2755 1594 2786 can.
1618 2742 1730 2785 10th

99 2808 236 2853 valide
269 2822 317 2854 ac
351 2809 462 2854 licite
511 2809 796 2854 contrahendo
841 2810 1054 2869 parochus
1086 2826 1138 2855 tte
1184 2812 1375 2863 assistat,
1413 2815 1583 2856 vetitum
1618 2814 1726 2856 enim

93 2884 157 2923 est
189 2881 241 2934 ei,
274 2879 495 2924 deficiente
529 2893 609 2925 una
643 2894 694 2925 ex
729 2881 860 2925 trihus
893 2882 1224 2935 conditionibus:
1269 2884 1307 2939 a)
1340 2883 1427 2926 ‘nisi
1459 2882 1571 2927 fulsit
1614 2884 1726 2926 insta
