1971 3261
178 168 245 200 504
570 163 655 197 Lm.
684 162 757 196 ΙΙΙ.
787 182 800 187 -
826 161 937 195 PARS
962 160 994 195 1.
1021 180 1037 188 -
1062 160 1120 195 De
1145 160 1410 195 Sao-ramentis
1483 159 1575 196 Can.
1604 160 1805 196 mla-1020

177 301 226 330 ex
264 285 526 327 matrimonio
560 282 744 325 invalido
781 280 844 324 vet
881 280 1035 334 illicito,
1081 285 1248 337 propter
1290 281 1459 324 divinae
1503 280 1803 325 benedictionis

177 356 422 405 absentiam,
466 358 505 396 et
548 365 724 410 quorum
774 351 933 394 medela
977 356 1038 394 est
1070 350 1263 404 difficilis,
1300 352 1381 393 imo
1414 363 1493 393 non
1529 363 1621 394 raro
1656 353 1806 408 impos-

176 425 318 469 sibilis.
354 423 497 467 Merito
533 425 658 480 igitur
689 421 878 465 declarat
900 423 1155 478 praescripto
1178 435 1269 465 can.
1294 423 1419 463 1019.
1458 422 1483 474 ἓ
1510 421 1546 463 1.
1568 421 1804 479 Antequam

178 493 493 537 matrz'inonizmt
525 491 770 545 celebretur,
805 491 987 535 scilicet:
1022 495 1259 534 contractus
1293 491 1362 533 tiat
1396 490 1461 534 vel
1481 496 1804 548 sacramentum,

177 570 369 608 constare
417 577 488 620 per
536 567 781 619 argumenta
827 564 1004 618 positiva
1047 560 1163 604 debet
1205 562 1440 605 auctoritati
1485 561 1805 618 ecclesiasticae⁷

177 638 295 680 cuius
327 640 388 679 est
420 635 624 678 officium:
660 632 771 676 nihil
804 633 894 675 eins
927 633 1150 689 singularis
1192 634 1534 675 «matrimonii»
1571 633 1612 689 a)
1636 632 1806 677 calidae

180 706 221 764 b)
265 720 314 749 ae
356 705 500 748 licitae
541 703 816 747 celebrationi
859 706 938 746 iam
982 703 1218 747 declaratae
1259 702 1471 754 obsistere,
1506 708 1548 746 ut
1583 703 1802 748 videlicet:

181 777 380 821 moralem
414 775 564 819 habeat
596 775 887 819 certitudinem
922 777 1033 817 iuxta
1066 788 1117 817 ss.
1153 787 1332 817 canones
1365 773 1633 817 obtinendam
1667 775 1718 818 de
1742 788 1802 819 sa·

179 850 378 893 cramenti
412 851 705 891 contractusve
740 846 952 889 validitate
985 857 1032 888 30
1067 845 1257 888 liceitate.

299 919 502 973 Quamvis
526 921 792 974 praeceptum
817 917 1008 960 divinum
1028 915 1079 959 de
1097 915 1380 959 contrahendo
1400 918 1673 972 matrimonio,
1693 917 1803 974 quod

178 996 240 1045 est
263 991 446 1034 medium
466 989 681 1032 honestum
707 988 755 1031 ad
782 989 947 1044 generis
969 986 1138 1030 humani
1164 991 1538 1042 conservationem,
1559 1000 1637 1029 non
1660 993 1805 1043 urgeat

180 1064 240 1106 sui
276 1063 434 1104 ratione
466 1060 628 1117 singula
663 1059 771 1102 illius
804 1058 1032 1113 individua,
1077 1059 1248 1101 evenire
1273 1062 1403 1113 potest
1429 1070 1500 1113 per
1522 1058 1715 1101 accidens
1741 1059 1804 1103 vel

179 1132 231 1176 ob
263 1133 608 1185 circumstantias,
645 1134 687 1174 ut
720 1130 994 1173 determinata
1033 1141 1205 1184 persona
1240 1127 1448 1185 obligetur
1480 1131 1518 1171 in
1553 1131 1803 1173 conscientia

180 1202 425 1247 contrahere
444 1215 536 1245 cum
557 1202 736 1259 quadam
756 1200 901 1254 altera,
921 1202 1165 1256 praesertim
1189 1199 1356 1257 quando
1375 1201 1574 1242 extremis
1597 1202 1809 1244 conscien-

180 1276 258 1317 tiae
290 1273 468 1317 stimulis
502 1276 685 1328 urgetur,
712 1275 879 1328 propter
901 1270 1010 1327 quod
1036 1270 1223 1313 decernit
1245 1268 1273 1326 ἓ
1296 1269 1333 1314 2.
1359 1268 1407 1311 ln
1428 1269 1618 1327 periculo
1641 1269 1805 1322 mortis,

180 1344 345 1402 quando
389 1357 536 1400 nempe
581 1345 618 1385 in
663 1344 851 1398 proximo
897 1342 1032 1384 futura
1077 1354 1188 1384 mors
1222 1339 1490 1397 probabiliter
1524 1340 1807 1396 praevidetur,

179 1416 255 1460 sub
289 1415 546 1459 conditione:
581 1413 622 1471 a)
657 1414 694 1456 si
727 1412 842 1456 aliae
871 1411 1156 1468 probationes,
1190 1416 1233 1454 ut
1265 1424 1389 1468 supra
1414 1413 1616 1468 positivae
1642 1417 1805 1468 praeter

180 1491 400 1544 sequentes
434 1484 579 1528 haberi
610 1489 833 1541 nequeant,
867 1484 916 1527 ad
952 1495 1055 1540 quas
1088 1482 1261 1539 proinde
1294 1481 1468 1539 obligari
1505 1495 1625 1525 nemo
1660 1487 1807 1540 potest,

182 1557 353 1614 suffieit,
385 1556 434 1599 ad
461 1556 538 1599 hoc
564 1560 605 1599 ut
634 1571 653 1596 <c
679 1556 987 1598 matrimonium
1013 1552 1249 1597 celebretur
1272 1568 1292 1594 ))
1321 1551 1366 1610 (ξ
1390 1552 1432 1609 1)
1457 1565 1504 1596 30
1530 1555 1805 1608 permittatur,

181 1629 231 1672 ad
275 1640 415 1671 sacros
456 1627 566 1684 quod
610 1628 751 1669 attinet
798 1625 920 1668 huius
963 1626 1109 1681 capitis
1153 1636 1344 1674 canones,
1389 1623 1432 1680 b)
1471 1623 1556 1666 nisi
1588 1625 1807 1668 contraria

181 1699 325 1742 adsint
356 1697 529 1748 indicia,
564 1709 670 1754 quae
704 1697 914 1739 infirment
947 1695 1053 1753 quod
1089 1697 1289 1752 sequitur,
1322 1707 1369 1738 ac
1414 1695 1585 1751 proinde
1627 1697 1707 1739 sint
1749 1709 1808 1739 re-

183 1769 386 1813 movenda
433 1782 504 1825 per
546 1772 778 1824 opportuna
824 1766 1113 1823 probationum
1159 1766 1317 1809 media:
1362 1765 1439 1809 sub
1482 1765 1643 1809 duabus
1682 1768 1809 1822 igitur

181 1839 487 1885 conditionibus
519 1838 671 1895 duplex
722 1853 743 1879 ((
766 1838 918 1881 suflicit
939 1852 961 1878 »
1009 1835 1248 1894 affirmatio,
1292 1850 1367 1880 nec
1410 1836 1583 1892 simplex
1630 1841 1804 1891 tantum,

180 1912 250 1955 sed
285 1911 431 1954 iurata
464 1912 722 1966 praeviaque
745 1907 1099 1962 contrahentium,
1128 1909 1205 1950 viri
1228 1907 1350 1951 simul
1371 1919 1418 1951 ac
1437 1907 1635 1963 mulieris,
1656 1907 1808 1965 quibus

182 1983 368 2026 defertur
401 1980 686 2024 iusiurandum
722 1985 918 2037 tanquam
955 1981 992 2021 in
1027 1981 1206 2035 negotio,
1241 1978 1350 2035 quod
1397 1980 1578 2034 ipsorum
1625 1980 1808 2022 maxime

182 2055 351 2096 interest
368 2053 668 2095 conscientiae:
687 2049 729 2107 a)
747 2064 791 2093 se
812 2050 1045 2108 baptizatos
1069 2048 1215 2106 fuisse,
1237 2062 1577 2106 unumquemque
1600 2048 1650 2092 de
1673 2051 1808 2105 seipso

183 2123 220 2166 id
260 2127 491 2175 testantem,
523 2120 720 2179 alioquin,
756 2120 820 2164 vel
857 2133 934 2163 non
981 2122 1139 2176 regitur
1181 2132 1323 2162 eorum
1365 2121 1672 2162 matrimonium
1718 2121 1809 2162 iure

183 2195 396 2247 canonico,
434 2192 495 2235 vel
533 2194 669 2234 iurare
702 2195 913 2248 nequeunt
946 2189 1117 2233 alteram
1142 2189 1428 2232 affirmationis
1451 2194 1607 2245 partem
1632 2201 1806 2246 sequen·

185 2269 288 2312 tem;
334 2263 376 2319 b)
419 2268 457 2305 et
501 2262 617 2305 nullo
652 2263 873 2304 dirimente
907 2265 976 2304 aut
1011 2260 1264 2316 impediente
1297 2258 1480 2302 detineri
1512 2258 1808 2317 impedimento

179 2337 359 2391 suipsius
394 2336 558 2390 proprio
596 2334 660 2376 vel
699 2335 736 2375 in
774 2339 962 2389 respectu
982 2331 1151 2375 alterius
1175 2333 1243 2388 qui
1264 2344 1405 2374 secum
1429 2329 1675 2374 contrahere
1696 2330 1807 2385 velit,

179 2419 287 2464 quae
323 2405 496 2460 proinde
531 2404 826 2461 impedimenta
860 2403 1015 2446 eisdem
1063 2402 1287 2458 prudenter
1332 2402 1544 2444 notificare
1588 2401 1806 2457 oportebit.

299 2476 398 2518 411.
434 2477 506 2521 De
540 2477 997 2532 impedimentorum
1020 2474 1406 2529 investigatione
1428 2487 1488 2518 ac
1511 2486 1806 2529 sponsorum

175 2550 419 2594 examine.
454 2572 505 2577 —
543 2545 599 2589 De
634 2546 695 2588 his
728 2550 878 2589 cavent
913 2557 985 2601 pro
1034 2546 1122 2587 iure
1155 2542 1348 2587 Codicem
1386 2543 1676 2599 praecedente,
1715 2547 1798 2586 tum

179 2618 274 2663 Rit.e
307 2617 454 2661 Rom.¹¹²
484 2620 522 2659 in
546 2616 621 2659 Tit.
654 2615 718 2658 Vll
743 2615 801 2659 De
835 2616 1101 2659 sacramento
1125 2615 1376 2657 matrimonii
1398 2613 1507 2671 (cap.
1534 2612 1547 2656 1
1572 2626 1608 2655 n.
1634 2612 1692 2669 1),
1717 2619 1801 2656 tum

180 2688 331 2732 Bened.
366 2686 457 2730 XIV
494 2690 531 2730 in
569 2692 698 2730 const.
737 2702 758 2726 «
791 2685 968 2729 Nimiam
1005 2685 1258 2728 licentiam»
1289 2684 1317 2739 ¹,
1350 2696 1526 2741 quorum
1553 2686 1805 2740 praescripta

181 2762 240 2803 sic
274 2763 422 2803 retinet
455 2772 544 2801 ean.
581 2760 712 2801 1020.
748 2755 962 2800 Paroclzas
994 2756 1043 2799 ad
1080 2768 1267 2798 normam
1297 2755 1655 2806 ca11.451‚etiani
1686 2770 1708 2795 «
1732 2756 1805 2797 mi·

302 2914 312 2934 ²
343 2912 384 2946 18
412 2910 508 2945 Maii
537 2911 638 2946 1743.

1919 0 1971 1553 l

1938 2633 1971 3261 l
