1971 3261
211 209 279 242 726
920 211 1126 236 APPENDxx

211 327 462 381 dispensatio
497 324 591 366 data
627 323 770 366 illicita
804 327 842 365 et
878 321 1065 365 invalida
1098 325 1202 364 est»
1240 333 1330 364 ean.
1366 321 1436 377 84,
1466 322 1494 379 εξ
1533 320 1585 379 l),
1616 335 1741 379 super
1773 323 1844 366 im-

211 395 464 453 pedimentis
496 392 884 436 matrimonialibus
918 395 1089 435 minoris
1131 391 1286 448 gradus
1319 390 1434 449 (Can.
1472 391 1620 450 1042),
1653 398 1733 436 tam
1770 407 1842 450 pu-

215 466 331 510 blicis
364 478 487 523 quam
523 465 710 518 occultis,
743 467 867 507 etiam
900 462 1204 520 multiplicibus
1226 478 1265 505 )).

330 535 599 579 Concedemlo
638 541 776 578 tamen
811 533 887 577 lias
919 533 1273 592 dispensationes,
1300 533 1561 578 Orclinarius
1581 548 1688 592 prae
1709 533 1843 578 oeulis

213 607 362 650 habeat
383 606 556 664 regulas
579 611 765 649 statutas
788 606 830 648 in
860 604 1024 659 Codice,
1047 619 1071 648 α
1100 604 1200 649 Caii.
1226 606 1345 649 1035
1369 605 1425 649 ad
1452 604 1551 649 Can.
1577 608 1710 663 1080,
1728 605 1842 649 eirea

211 678 508 736 impedimenta
543 678 587 719 in
617 691 771 734 {seuere
802 682 841 719 et
874 676 917 718 iii
950 676 1099 733 speeie.

330 748 429 791 Vide
463 748 585 791 huius
618 750 779 790 nunieri
819 747 1144 791 declarationem
1182 749 1219 790 in
1255 749 1323 790 cit.
1359 760 1451 804 pag.
1487 747 1582 792 543.

325 855 345 874 Χ
363 854 421 889 23.
452 852 603 889 Sanandi
637 853 765 900 pariter
791 853 825 888 in
853 852 966 888 radice
991 852 1207 888 matrimonia
1234 853 1342 888 mioeta
1375 857 1546 888 attentata
1579 863 1695 888 coram
1732 853 1841 897 magi-

207 918 317 949 stratu
343 913 434 949 civili
464 913 515 948 vel
544 912 705 947 ministro
730 911 936 948 acatholico.
966 911 1189 957 (Communis
1214 917 1363 958 quatuor
1391 911 1643 947 Formularum.
1674 910 1760 947 Vide
1784 912 1841 947 de-

207 973 434 1008 clarationem
462 972 497 1006 in
527 983 604 1018 pag.
634 970 733 1015 703).

326 1032 346 1051 Χ
365 1031 420 1067 24.
450 1031 682 1077 Dispensandi
711 1042 789 1066 cum
816 1030 1008 1076 gentilibus
1026 1035 1059 1066 et
1076 1030 1280 1066 infidelibus
1295 1031 1410 1078 plures
1435 1042 1554 1066 umores
1572 1030 1785 1066 habentibus
1803 1035 1840 1066 ut

209 1096 286 1138 post
311 1091 572 1126 conversionem
599 1096 633 1126 et
659 1090 888 1136 baptismum,
914 1101 1019 1136 quam
1046 1101 1086 1126 ex
1115 1090 1183 1124 illis
1210 1090 1412 1134 maluerint,
1440 1091 1466 1125 si
1493 1091 1599 1126 etiam
1626 1090 1702 1136 ipsa
1728 1089 1840 1126 fidelis

207 1150 280 1194 fiat,
298 1151 447 1185 retinere
475 1150 622 1195 possint.
644 1150 712 1184 nisi
741 1150 855 1195 prima
881 1149 1028 1184 voluerit
1051 1150 1219 1185 converti.
1237 1149 1440 1194 (Peculiaris
1458 1149 1640 1195 utriusque
1658 1149 1839 1185 Formulae

205 1208 337 1244 tertiae.
367 1208 451 1244 Vide
478 1209 749 1244 declarationem
779 1209 812 1243 in
843 1220 919 1254 pag.
946 1206 1028 1251 681,
1057 1212 1139 1244 nota
1165 1208 1211 1253 2).

323 1267 344 1287 Χ
364 1266 418 1302 25.
448 1267 678 1313 Dispensandi
707 1279 811 1314 super
837 1267 1104 1314 interpellatione
1129 1267 1319 1313 coniugum
1347 1268 1383 1302 in
1411 1267 1617 1303 infidelitate
1638 1267 1836 1303 relictorum

207 1338 266 1373 pro
292 1327 457 1362 omnibus
484 1326 614 1362 casibus
640 1326 838 1368 ordinariis,
867 1327 1057 1362 dummodo
1083 1327 1215 1363 scilicet
1247 1327 1416 1363 adhibitis
1440 1332 1545 1363 antea
1569 1327 1734 1363 omnibus
1759 1327 1838 1362 dili·

204 1386 345 1431 gentiis,
372 1386 477 1421 etiam
506 1397 565 1432 per
593 1386 748 1432 publicas
774 1386 1015 1432 ephemerides
1040 1386 1083 1421 ad
1110 1386 1355 1432 reperiendum
1383 1387 1495 1422 locum
1524 1386 1582 1421 ubi
1608 1386 1733 1422 coniux
1758 1385 1837 1421 infi-

204 1445 292 1481 delis
318 1445 465 1486 habitat,
497 1445 608 1491 iisque
636 1445 671 1480 in
700 1445 837 1480 irritum
865 1446 985 1486 cessis,
1013 1450 1149 1481 constet
1173 1446 1295 1482 saltem
1319 1447 1511 1482 summarie
1535 1450 1568 1481 et
1593 1445 1838 1482 extraiudicia-

204 1504 282 1539 liter
307 1507 489 1550 coniugem
516 1505 696 1540 absentem
727 1504 858 1540 moneri
887 1505 1042 1550 legitime
1067 1516 1137 1541 non
1167 1516 1275 1552 posse,
1293 1511 1353 1541 aut
1379 1505 1554 1541 monitum
1581 1506 1674 1541 infra
1698 1509 1837 1551 tempus

204 1562 240 1597 in
270 1564 461 1599 monitione
489 1564 679 1610 praefixum
706 1575 805 1599 suam
833 1563 1048 1601 voluntatem
1069 1577 1138 1600 non
1158 1565 1387 1610 significasse.
1409 1563 1630 1608 (Communis
1655 1566 1837 1612 utriusque

203 1621 384 1658 Formulae
410 1624 544 1659 tertiae.
578 1623 662 1659 Vide
688 1624 959 1660 declarationem
987 1625 1023 1659 in
1053 1636 1129 1671 pag.
1159 1623 1256 1670 678).

321 1682 341 1701 Χ
361 1682 414 1717 26.
445 1683 598 1729 ltemque
612 1683 840 1729 dispensandi
860 1695 965 1729 super
979 1684 1245 1731 interpellatione
1259 1684 1418 1730 coniugis
1432 1685 1469 1719 in
1484 1685 1690 1721 infidelitate
1708 1685 1832 1728 relicti,

203 1741 375 1786 siquidem
403 1748 494 1777 certe
521 1742 727 1783 constiterit,
749 1742 871 1777 saltem
899 1743 1092 1779 summarie
1116 1748 1150 1778 et
1175 1744 1498 1789 extraiudicialiter‚
1517 1744 1836 1790 interpellationem

203 1799 275 1835 fieri
305 1811 373 1835 non
404 1812 504 1846 posse
530 1801 606 1836 sine
639 1801 790 1837 evidenti
818 1802 932 1848 yravis
957 1802 1074 1838 damni
1098 1808 1158 1838 aut
1183 1803 1322 1847 coniugi
1351 1803 1420 1838 iam
1446 1803 1489 1838 ad
1518 1803 1620 1839 fidem
1653 1814 1832 1845 converso,

201 1863 262 1894 aut
288 1860 490 1895 christianis
526 1861 697 1896 inferendi
737 1862 902 1907 periculo.
935 1862 1138 1907 (Peculiaris
1165 1863 1346 1908 utriusque
1373 1862 1553 1898 Formulae
1586 1863 1719 1899 tertiae.
1752 1863 1836 1900 Vide

202 1917 471 1954 declarationem
500 1920 536 1953 in
566 1931 639 1965 pag.
669 1919 765 1955 678t.

318 1977 339 1996 Χ
358 1976 415 2012 27.
448 1978 673 2014 Permittendi
703 1985 751 2020 ut,
768 1981 955 2016 accedente
981 1980 1076 2026 gravi
1104 1991 1221 2022 causa,
1251 1980 1476 2028 interpellatio
1497 1982 1656 2026 coniugis
1682 1981 1834 2018 infidelis

200 2042 277 2070 ante
302 2035 503 2082 baptismum
524 2038 630 2084 partis
649 2050 736 2084 quae
763 2040 803 2074 ad
835 2040 937 2075 fidem
964 2041 1180 2076 convertitur
1208 2040 1279 2076 fieri
1308 2041 1431 2087 possit3
1458 2052 1523 2076 nec
1548 2051 1632 2083 non,
1650 2041 1746 2086 gravi
1775 2052 1831 2088 pa-

199 2093 283 2129 riter
308 2095 350 2130 de
375 2106 490 2132 cansa.
513 2097 558 2131 ab
577 2098 697 2133 eadem
726 2098 1021 2145 interpellatione,
1038 2104 1121 2135 ante
1139 2100 1353 2146 baptismum
1375 2099 1482 2146 partis
1500 2111 1588 2146 quae
1605 2100 1832 2146 convertitur,

200 2152 442 2198 dispensandi,
468 2156 659 2191 dummodo
688 2157 751 2192 hoc
778 2157 812 2192 in
841 2169 923 2193 casu
950 2169 990 2194 ex
1018 2169 1180 2205 processu
1214 2158 1338 2194 saltem
1370 2159 1562 2194 summario
1586 2164 1621 2195 et
1644 2160 1832 2195 extraiudi-

200 2211 277 2246 ciali
294 2218 426 2248 constet
442 2214 758 2261 interpellationem
776 2216 847 2252 fieri
868 2228 939 2252 non
956 2228 1067 2263 posse,
1084 2217 1135 2253 vel
1153 2218 1224 2253 fore
1237 2217 1412 2253 inutilem.
1433 2217 1633 2262 (Peculiaris
1651 2219 1833 2264 utriusque

203 2268 383 2306 Formulae
414 2272 544 2307 tertiae.
576 2272 659 2309 vide
685 2274 958 2310 declarationem
986 2275 1023 2310 in
1052 2287 1127 2321 pag.
1154 2274 1247 2320 678).

561 2425 602 2469 B)
631 2447 672 2452 m
703 2427 814 2463 Circa
841 2430 1129 2472 Absolutiones‚
1158 2430 1467 2474 BeneOEcttones,

767 2489 1055 2532 Indulgentias‚
1083 2490 1160 2524 etc.
1188 2490 1264 2525 ete.

314 2601 334 2620 Χ
353 2600 409 2635 28.
441 2602 651 2638 Absolvendi
679 2605 721 2638 ad
746 2605 912 2641 omnihus
937 2606 1098 2647 censuris,
1129 2606 1201 2641 sive
1227 2606 1434 2652 simpliciter
1459 2607 1530 2642 sive
1560 2607 1699 2653 speciali
1728 2607 1830 2643 modo

195 2657 351 2695 Romano
380 2659 535 2696 Pontifici
565 2663 761 2697 reservatis.

314 2718 333 2737 Χ
352 2718 409 2753 29.
443 2719 675 2765 Dispensandi
697 2723 748 2758 vel
768 2724 1008 2759 commutandi
1029 2731 1104 2759 vota
1120 2724 1256 2771 privata
1272 2724 1351 2760 Sedi
1369 2726 1432 2772 Ap.
1450 2730 1625 2761 reservata
1642 2725 1684 2761 de
1701 2725 1829 2770 quihus
1895 2733 1925 2771 4

194 2776 230 2811 in
258 2775 345 2812 Can.
381 2776 482 2812 1309.

314 2871 376 2915 Ad
412 2871 591 2916 litterani
616 2874 672 2928 B).
700 2901 751 2905 —
777 2876 865 2919 Duo
890 2878 1187 2934 praecedentes
1211 2881 1372 2922 numeri
1397 2881 1637 2935 exprimunt
1658 2877 1828 2922 faculta-

194 2947 277 2985 tem
311 2945 500 2986 omnium
536 2944 822 2989 For-undarum
857 2961 1112 2992 communes.
1147 2948 1294 3002 Quoad
1329 2964 1367 2993 n.
1390 2950 1483 2993 *28
1515 2949 1730 2993 sciendum
1767 2952 1828 2992 est
