1971 3261
120 164 216 200 Gan.
242 163 311 198 881
656 161 741 195 TIT.
771 160 835 195 IV.
862 181 873 186 -
903 162 958 196 De
986 163 1228 197 Poenitentz'a
1683 163 1747 196 231

126 281 356 326 iurisdictio
390 280 572 335 obtenta,
607 279 704 323 dum
742 280 779 323 lii
816 294 960 323 omnes
993 280 1048 323 ad
1081 295 1169 324 sese
1202 286 1242 324 nt
1277 284 1548 324 contessarios
1580 284 1658 323 sint
1687 296 1749 323 m·-

122 351 326 401 cedentes,
361 364 409 395 ac
441 353 530 394 sine
565 350 647 393 ulla
680 350 927 394 limitatione
964 364 1249 407 personarum,
1282 354 1376 409 quia
1417 365 1545 394 canon
1586 367 1604 392 α
1627 354 1751 407 respi-

123 424 238 466 ciens
270 421 508 465 sacerdotes
543 419 710 463 Latinae
744 420 994 463 Ecclesiae»
1046 432 1154 474 (can.
1192 421 1233 475 1)
1268 421 1479 477 subiungit
1527 421 1752 464 clausulam

123 494 408 536 extensivam:
444 491 624 548 itemque
646 489 892 542 catholicoe,
919 503 1010 534 nam
1051 508 1071 531 «
1093 494 1263 535 vetitum
1300 497 1357 534 est
1392 494 1655 535 Sacramenta
1682 491 1754 534 Ec-

123 561 275 606 clesiae
299 563 535 604 ministrare
560 560 781 603 haereticis
813 565 881 603 aut
906 560 1195 615 schismaticis,
1218 563 1339 604 etiam
1369 561 1472 604 timia
1509 562 1587 604 tide
1621 574 1757 603 erran-

125 632 273 676 tibus»
313 637 390 677 etc.
427 631 534 689 (can.
580 631 679 685 731,
703 631 730 687 ξ
754 629 811 687 ⁶2),
849 631 1049 688 cuiusque
1082 632 1190 673 ritas
1223 631 1446 674 orientalis
1480 636 1758 687 congruenter

123 703 175 747 ad
211 705 274 746 ius
312 704 487 746 «cuivis
511 701 620 745 tideli
642 718 661 742 »
702 704 961 757 recognitum
1000 704 1035 743 in
1073 714 1163 745 can.
1201 704 1297 756 9013,
1336 702 1472 745 calide
1495 708 1532 745 el
1556 702 1667 745 licite
1690 701 1756 744 ab·

124 772 285 817 solvere
301 773 352 817 ad
374 777 617 830 potestatem
638 771 934 815 iurisdictionis
951 772 1263 815 sacramentalis
1288 778 1474 829 respectu
1499 772 1756 815 subditorum

125 845 236 902 quod
287 846 445 887 attinet.
479 841 626 896 Quoad
662 843 793 885 sorum
838 856 937 898 ergo
971 842 1272 885 sacramentale
1318 843 1431 886 locus
1465 846 1502 886 in
1537 857 1617 901 quo
1653 843 1760 886 illius

73 960 78 964 ,
128 915 360 959 iurisdictio
396 927 584 971 possessa
609 918 830 957 exercetur
854 913 1103 956 determinat
1128 914 1426 957 subiectionem
1466 916 1503 956 xi
1538 928 1626 957 can.
1664 914 1758 961 201.ι

125 987 152 1039 g
178 986 193 1028 l
222 986 234 1008 ¹
271 987 563 1029 necessariam.

246 1056 325 1100 Sed
360 1070 454 1100 cum
489 1056 803 1100 sacramentalis
855 1056 1065 1111 praedicta
1102 1061 1280 1112 potestas
1316 1060 1364 1099 sit
1402 1057 1624 1111 iudicialis,
1658 1069 1763 1113 quae

129 1130 243 1171 iuxta
277 1127 387 1171 illius
419 1127 680 1181 canonisssssl
719 1129 946 1170 «exerceri
984 1129 1124 1184 nequit
1158 1132 1274 1170 extra
1299 1130 1551 1170 territorium
1574 1144 1611 1179 t),
1648 1140 1760 1183 prac—

127 1200 329 1255 scriptnm
365 1199 473 1256 quod
511 1198 664 1242 ibidem
699 1197 862 1241 salvum
898 1211 988 1241 esse
1021 1197 1252 1252 dicebatur,
1292 1199 1417 1241 retert
1451 1202 1475 1251 ξ
1510 1199 1546 1241 2.
1587 1197 1669 1251 Qui
1702 1212 1763 1240 or-

128 1267 348 1312 dinariam
383 1268 533 1312 habent
567 1268 810 1312 absolvendi
840 1273 1091 1326 potestatem
1124 1271 1318 1326 quamvis
1343 1271 1548 1311 territorio
1580 1273 1761 1312 coarcta-

132 1345 230 1395 tam,
254 1339 310 1383 illi
335 1353 484 1397 nempe
507 1342 577 1397 qui
604 1344 874 1383 recensentur
899 1341 937 1382 in
963 1352 1053 1383 can.
1090 1339 1173 1382 873
1211 1344 1373 1396 praeter
1406 1340 1637 1382 Romanum
1665 1339 1763 1381 Pon-

132 1413 286 1455 titicem
305 1416 345 1454 et
366 1412 406 1455 S.
431 1411 477 1455 R.
502 1410 545 1454 E.
570 1409 825 1464 Cardinales,
852 1423 899 1454 ac
920 1412 1026 1453 inter
1050 1424 1152 1467 quos
1177 1415 1448 1453 numerantur
1486 1426 1506 1450 ((
1525 1412 1767 1466 Superiores

133 1482 316 1538 religiosi
340 1484 521 1539 exempti
547 1498 587 1534 ›),
607 1486 785 1539 possum
808 1481 1009 1536 subditos,
1036 1481 1397 1538 qualitercumque
1424 1480 1512 1523 illos
1530 1483 1766 1530 sortiantur,

132 1551 347 1596 absolvere
380 1552 528 1610 ubique
562 1558 787 1599 terrarwn,
824 1552 998 1608 proinde
1032 1551 1108 1595 sub
1144 1551 1219 1595 lioc
1256 1557 1442 1608 respectu
1479 1564 1557 1594 non
1584 1551 1767 1606 indigent

131 1623 304 1667 alterius
336 1624 570 1681 Superioris
604 1623 812 1678 facultate,
847 1625 1041 1681 quamvis
1075 1623 1126 1666 de
1162 1623 1339 1666 liceitate
1378 1627 1494 1666 actus
1527 1635 1656 1665 canon
1692 1620 1767 1664 hoc

135 1697 174 1737 in
209 1694 298 1738 loco
346 1699 493 1739 taceat.
532 1694 577 1737 Et
611 1694 815 1738 absolutio
866 1693 1134 1750 intelligenda
1170 1698 1229 1736 est
1264 1706 1312 1736 ex
1366 1695 1631 1749 inscriptione
1665 1690 1767 1734 tituli

133 1766 272 1823 quoad
307 1766 442 1809 forum
477 1767 685 1809 internum
719 1778 792 1808 seu
826 1777 968 1808 coram
1005 1764 1102 1820 Deo,
1136 1766 1232 1821 quia
1269 1778 1341 1820 pro
1382 1763 1667 1820 impertiendis
1699 1760 1768 1806 ab·

133 1834 410 1879 solutionibus
445 1847 672 1892 poenarum
708 1837 746 1878 in
772 1836 859 1878 soro
883 1840 1070 1889 externo,
1103 1848 1196 1877 cum
1223 1839 1370 1889 agatur
1404 1834 1454 1876 de
1487 1833 1770 1876 iurisdictione

140 1906 372 1950 voluntaria
405 1919 478 1950 seu
511 1919 591 1949 non
628 1905 825 1957 iudiciali,
860 1905 1053 1949 standum
1089 1910 1149 1948 est
1182 1917 1272 1948 can.
1309 1904 1405 1954 ⁶201,
1439 1902 1468 1961 ξ
1501 1903 1523 1946 2
1546 1902 1573 1947 ².

256 1999 311 2035 lus
351 2011 515 2046 praesens
540 1999 687 2035 canonis
714 2010 906 2045 congruere
947 1998 1163 2045 praecedenti
1204 1998 1316 2044 quoad
1345 1998 1487 2033 modum
1513 1997 1770 2033 determinandi

139 2058 395 2105 poenitentium
419 2059 672 2095 subiectionem
700 2058 818 2105 palam
847 2058 883 2093 fit
909 2058 1046 2093 duobus
1073 2065 1187 2103 seqqss.
1216 2057 1435 2092 documentis
1463 2076 1505 2082 —
1533 2055 1566 2092 S.
1595 2055 1633 2092 C.
1663 2056 1701 2091 C.
1730 2056 1771 2092 ad

137 2116 385 2163 quaesitum3:
429 2118 515 2152 «An
542 2116 651 2152 curati
681 2117 786 2152 unius
828 2116 998 2152 Dioecesis
1039 2116 1195 2151 vocatia
1234 2115 1392 2161 parochis
1429 2115 1565 2150 alienae
1605 2114 1774 2150 Dioecesis

141 2176 277 2222 possint
303 2177 339 2212 in
367 2176 433 2212 ista
458 2176 579 2212 audire
617 2176 854 2212 confessiones
881 2180 952 2211 tam
981 2186 1123 2210 suorum
1163 2174 1397 2215 subditorum,
1438 2185 1543 2220 qnam
1578 2174 1771 2209 alienorum

139 2234 273 2281 absque
299 2235 441 2271 licentia
467 2234 625 2281 Episcopi
644 2247 674 2277 »;
701 2235 901 2281 respondit:
947 2249 960 2266 α
981 2234 1210 2278 Atlirmative,
1240 2233 1352 2279 quoad
1380 2233 1559 2270 subditos;
1603 2233 1777 2277 negative.

140 2294 255 2339 quoad
280 2293 416 2330 alios».
445 2293 574 2330 Bened.
604 2293 679 2329 xn’
708 2293 744 2328 in
771 2299 882 2329 const.
923 2306 941 2327 ‹<
959 2292 1155 2339 Apostolica
1183 2291 1320 2327 lndulta
1339 2306 1353 2324 »
1372 2294 1385 2314 ⁴
1412 2303 1570 2327 normam
1605 2291 1709 2326 tradit
1735 2301 1773 2326 ea

144 2352 374 2398 intelligendi,
402 2363 491 2398 quae
516 2353 622 2388 etiam
650 2364 745 2388 nunc
772 2363 911 2388 servare
937 2356 1082 2397 oportet,
1113 2355 1149 2386 ut
1177 2350 1301 2395 legenti
1332 2349 1471 2396 patebit.
1515 2354 1564 2392 «ξ
1592 2349 1624 2384 ¹2.
1654 2349 1772 2384 innoc.

145 2411 208 2447 ΡΡ.
239 2410 298 2447 Xll
326 2422 386 2458 per
412 2412 549 2458 Apicas.
578 2411 722 2447 Litteras
749 2411 919 2457 incipien.
960 2415 981 2428 ⁶·
1001 2409 1089 2446 Cum
1116 2409 1241 2451 sicut„
1259 2411 1272 2432 '³
1311 2409 1462 2445 decrevit
1498 2420 1536 2444 ac
1564 2408 1772 2444 declaravit:

144 2470 279 2506 Bullam
295 2469 490 2512 Cruciatae‚
508 2471 620 2517 quoad
639 2471 928 2517 approbationem
948 2469 1260 2510 confessariorum,
1280 2468 1368 2503 nibil
1385 2468 1463 2504 novi
1485 2468 1570 2504 iuris
1589 2467 1776 2507 induxisse,

265 2578 276 2599 ¹
297 2577 392 2612 Can.
421 2578 502 2613 201.
529 2581 548 2620 5
578 2579 609 2611 1.
640 2578 824 2612 Potestas
851 2576 1141 2611 iurisdictionis
1169 2580 1301 2621 potest
1329 2576 1369 2609 in
1397 2575 1499 2610 solos
1526 2575 1704 2610 subditos
1723 2574 1776 2608 di-

144 2628 254 2659 recte
280 2625 465 2660 exerceri.

266 2672 280 2694 2
299 2671 392 2707 Can.
418 2673 486 2707 201
514 2676 533 2714 ξ
559 2672 594 2706 3.
624 2672 711 2706 Nisi
749 2671 859 2706 aliud
886 2683 934 2705 ex
973 2682 1103 2705 rerum
1141 2676 1287 2704 natura
1325 2675 1394 2704 aut
1421 2681 1471 2704 ex
1498 2669 1582 2703 iure
1609 2674 1776 2708 constet,

147 2723 387 2762 potestatem
414 2719 704 2754 iurisdictionis
731 2719 1000 2754 voluntariam
1027 2728 1096 2752 seu
1126 2728 1204 2751 non
1237 2717 1460 2751 iudicialem
1489 2718 1576 2761 quis
1601 2727 1778 2750 exercere

147 2770 281 2810 potest
306 2767 428 2801 etiam
456 2767 496 2801 in
524 2767 725 2812 proprium
764 2765 1022 2806 commodum,
1063 2769 1132 2799 aut
1159 2770 1272 2799 extra
1311 2765 1558 2799 territorium
1592 2764 1779 2800 existens

147 2816 218 2847 aut
244 2813 286 2847 in
313 2814 521 2848 subditum
547 2825 567 2848 e
594 2814 795 2848 territorio
822 2813 1038 2847 absentem

267 2861 321 2895 33
347 2861 439 2896 Dec
466 2862 556 2895 1707
581 2860 685 2906 apud
710 2860 994 2900 Bened.X1V‚
1024 2858 1450 2893 loc.cit.n.511.-—
1479 2860 1532 2893 ⁴5
1559 2859 1659 2903 Aug.
1690 2857 1779 2891 1744

147 2910 190 2949 ἐξ
216 2908 238 2940 2
265 2917 305 2942 et
331 2919 438 2953 seqq.
468 2929 511 2933 —
538 2908 616 2942 ⁵19
643 2908 711 2952 Ap.
746 2908 846 2942 1700.
