1971 3261
196 150 477 186 (jamma-7151
762 150 846 184 Tm
877 150 908 185 Ι.
935 170 945 174 -
974 150 1031 185 De
1069 152 1274 195 Baptismo
1799 153 1844 185 55

199 276 242 314 et
275 270 483 329 quaedam
518 268 740 314 Orationes
773 274 812 313 et
846 269 1079 313 Exorcismi
1114 284 1187 313 suo
1221 273 1376 328 quique
1422 270 1510 314 loco
1548 274 1769 324 immutati,
1804 276 1842 313 ut

200 344 307 386 infra
342 342 539 386 dicuntur
559 357 596 385 ».

322 413 389 457 46.
429 415 504 458 An
540 414 794 470 baptisma
842 414 934 457 sub
984 413 1266 457 conditione
1299 414 1363 457 sit
1395 414 1700 458 sollemniter
1733 426 1843 458 con-

199 487 474 532 ferendum.
511 508 531 514 -
572 481 673 526 Can.
709 484 817 527 760.
856 481 960 526 Cam
993 482 1225 540 baptismus
1258 481 1331 525 sab
1366 482 1607 525 conditione
1644 483 1844 539 iteratur,

199 556 396 615 equidem
435 560 603 612 propter
638 553 883 598 rationabile
931 553 1105 598 dubium
1143 558 1184 597 ut
1219 554 1376 597 dictum
1426 559 1487 597 est
1535 567 1674 611 supra,
1710 555 1843 612 quoad

202 629 325 672 liuius
355 626 676 670 sollemnitatem
712 624 784 683 (ob
829 625 1078 682 baptismum
1129 628 1198 683 qui
1251 627 1524 681 praecessisse
1575 628 1844 683 supponitur)

198 697 542 755 distinguendum
576 701 636 741 est
672 696 747 740 boc
784 696 929 740 modo:
971 699 1274 742 caeremoniae,
1315 695 1355 753 a)
1380 696 1418 739 si
1441 696 1608 754 quidem
1632 697 1846 755 inpriore

199 769 408 829 baptismo
441 768 623 812 omissae
653 767 844 826 fuerant,
862 767 1153 827 suppleantur,
1184 767 1301 811 salvo
1323 767 1591 826 praescripto
1615 782 1706 811 can.
1733 771 1762 811 7
1765 771 1843 823 59,

201 842 231 901 ξ
262 843 304 897 3,
340 840 520 884 scilicet:
576 855 598 881 «
621 842 931 897 quamprimum
969 842 1006 882 in
1044 839 1271 884 Ecclesia...
1326 842 1400 883 nisi
1448 843 1485 883 in
1521 853 1664 884 casu...
1697 840 1724 896 ξ
1759 841 1846 886 2»;

207 912 251 970 b)
284 912 351 955 sin
384 916 524 955 autem
559 910 603 954 iii
633 910 781 970 priore
811 909 1018 969 baptismo
1061 909 1279 954 adhibitae
1321 916 1433 965 mat,
1466 911 1602 968 repeti
1634 910 1677 953 iri
1712 910 1848 954 altero

203 989 281 1028 aa!
314 982 453 1027 omitti
483 987 659 1041 possam
696 996 768 1040 pro
789 982 919 1025 libitu.

328 1054 396 1099 47.
432 1055 505 1101 De
538 1056 736 1100 nomine
769 1056 1041 1101 christiano
1075 1057 1388 1112 imponendo.
1421 1081 1448 1084 —
1482 1054 1559 1098 Rit.
1594 1054 1710 1098 Rom.
1747 1054 1849 1098 haec

208 1125 332 1169 babet
358 1127 394 1168 ¹:
436 1125 528 1169 «Et
562 1127 757 1184 quoniam
795 1127 843 1168 iis
876 1128 945 1183 qui
998 1125 1270 1182 baptizantur,
1321 1130 1532 1182 tamquam
1578 1125 1646 1168 Dei
1682 1125 1777 1168 tiliis
1810 1127 1848 1168 in

206 1197 369 1241 Christo
404 1196 715 1253 regenerandis,
748 1201 788 1240 et
823 1198 860 1239 in
896 1198 985 1239 eius
1020 1195 1208 1239 militiam
1245 1195 1548 1251 adscribendis,
1591 1209 1740 1240 nomen
1777 1198 1849 1240 im-

208 1269 389 1324 ponitur,
422 1272 538 1311 curet
573 1266 817 1324 (parochus)
852 1280 902 1310 ne
936 1266 1155 1314 obscoena.
1201 1266 1402 1319 fabulosa,
1452 1272 1522 1311 aut
1557 1267 1749 1321 ridicula,
1788 1267 1848 1311 vel

161 1365 175 1371 ⁴-
207 1340 392 1382 inanium
428 1338 616 1389 deorum,
653 1337 716 1381 vel
754 1340 977 1395 impiorum
1013 1337 1275 1382 ethnicorum
1324 1337 1537 1385 bominum
1574 1341 1741 1382 nomina
1778 1341 1850 1382 im·

206 1414 430 1467 ponantur,
447 1409 518 1453 sed
540 1411 688 1466 potius„
716 1413 923 1467 quatenus
947 1410 1035 1452 tieri
1058 1414 1205 1467 potest,
1224 1409 1487 1464 Sanctorum,
1507 1423 1686 1468 quorum
1708 1423 1849 1453 exem·

211 1481 288 1539 plis
320 1481 464 1525 tideles
496 1481 546 1525 ad
583 1483 648 1538 pie
676 1481 903 1525 vivendum
927 1483 1176 1537 excitentur,
1197 1486 1235 1524 et
1257 1483 1499 1539 patrociniis
1523 1486 1851 1539 protegantur».

207 1550 276 1598 Ob
311 1555 491 1596 rationes
524 1552 591 1596 hic
626 1554 814 1607 insertas,
850 1554 922 1596 ista
960 1554 1233 1609 praescriptio
1282 1566 1361 1595 non
1413 1558 1474 1596 est
1519 1566 1677 1596 merum
1724 1555 1853 1597 consi-

211 1625 325 1680 lium,
359 1624 428 1668 sed
465 1628 602 1668 tamen
640 1624 868 1681 prudenter
901 1623 1183 1681 adimplenda,
1208 1624 1317 1682 quod
1346 1627 1397 1668 ita
1417 1626 1621 1684 expressit
1640 1639 1730 1667 ean.
1751 1627 1851 1668 761.

215 1695 372 1740 Carent
402 1694 583 1754 parochi
615 1708 665 1739 ex
703 1697 960 1753 praescripto
994 1700 1039 1738 at
1071 1695 1111 1738 ei
1143 1695 1216 1754 qai
1248 1695 1492 1754 baptizatur
1523 1698 1613 1739 sive
1636 1708 1657 1740 a
1681 1709 1738 1750 se,
1763 1698 1853 1740 sive

207 1767 261 1812 ab
294 1766 387 1823 alio,
424 1766 706 1810 christianam
740 1766 987 1825 imponatur
1019 1780 1181 1821 vomeri,
1217 1772 1259 1810 ut
1292 1780 1416 1824 supra
1451 1781 1498 1811 ex
1538 1767 1614 1812 Rit.
1650 1767 1766 1811 Rom.
1791 1772 1853 1811 est

207 1838 492 1891 declai·atun1;
543 1838 654 1896 qaod
686 1837 724 1881 si
756 1837 802 1881 id
834 1837 1032 1896 consequi
1079 1851 1162 1881 riori
1209 1843 1424 1896 poterant,
1478 1838 1678 1895 implicite
1728 1841 1854 1895 igitur

209 1923 341 1955 canon
377 1912 507 1967 exigit
540 1922 690 1954 curare
723 1914 923 1968 quantum
978 1909 1228 1965 possibilitas
1279 1909 1446 1952 moralis
1494 1923 1587 1953 cum
1635 1910 1853 1966 prudentia

208 1980 436 2025 christiana
471 1982 687 2038 permittit,
721 1983 763 2032 a)
798 1980 961 2024 nomini
994 1994 1019 2023 a
1049 1979 1316 2038 pareatibus,
1349 1994 1528 2038 quorum
1566 1983 1627 2024 ius
1662 1981 1857 2024 determi-

211 2051 336 2095 nandi
373 2062 521 2095 nomen
558 2053 884 2108 recognoscitur,
921 2050 1118 2109 imposito
1143 2049 1306 2094 addam
1329 2064 1476 2094 nomen
1496 2051 1680 2094 alicuius
1703 2050 1855 2094 Sancti

210 2122 358 2166 eodem
396 2125 433 2165 in
472 2121 689 2180 baptismo,
726 2121 767 2179 b)
802 2128 841 2165 et
874 2122 917 2165 ia
953 2121 1060 2165 libro
1094 2121 1407 2180 baptizatorum
1450 2128 1674 2180 atramque
1706 2136 1852 2165 nomen

207 2193 491 2251 perscribant,
524 2198 648 2252 atque
683 2194 721 2237 id
759 2196 913 2238 iussum
949 2198 1010 2238 est
1045 2193 1093 2236 ad
1132 2193 1256 2236 tidem
1295 2193 1486 2250 baptismi
1525 2208 1597 2251 pro
1636 2195 1776 2238 futuro
1802 2196 1856 2236 in-

212 2264 339 2308 dubie
373 2265 622 2310 faciendam.

919 2395 1065 2432 CAPUT
1092 2395 1146 2431 lv.

868 2482 929 2516 De
961 2481 1204 2524 patrinis.

261 2586 346 2622 em.
377 2585 455 2621 762
484 2592 556 2630 -ξ
599 2587 628 2622 l.
673 2587 719 2623 Ex
759 2589 995 2624 vetustissimo
1069 2588 1197 2629 trinus,
1227 2588 1254 2622 si
1284 2588 1385 2624 facile
1414 2587 1531 2623 baberi
1553 2592 1669 2633 queat
1689 2586 1855 2622 adhibea-

212 2633 385 2670 Ecclesiae
412 2646 506 2671 more
546 2646 647 2672 nemo
684 2635 902 2672 sollemniter
937 2636 995 2671 ba·
1071 2640 1147 2676 tur3
1177 2635 1203 2670 si
1233 2647 1304 2670 non
1343 2635 1555 2675 interfuerit
1584 2634 1793 2670 adhibeatur
1820 2633 1854 2668 in

215 2681 376 2728 ptizetur,
403 2682 469 2717 nisi
509 2694 611 2718 suum
653 2683 792 2723 habeat
821 2689 996 2730 quatenus
1070 2682 1277 2729 supplendis
1316 2683 1482 2728 baptismi
1523 2681 1767 2725 caeremoniis,
1797 2680 1855 2715 sed

215 2729 288 2765 fieri
319 2729 437 2775 possit
468 2730 659 2776 patrinum.
1072 2731 1136 2765 hoc
1163 2730 1198 2765 in
1227 2741 1309 2766 casu
1338 2730 1472 2766 nullam
1500 2729 1676 2765 contrabit
1694 2728 1856 2774 spiritua-

262 2780 281 2819 ἓ
308 2777 341 2811 ·'.
377 2777 489 2813 Etiam
518 2778 553 2812 in
581 2778 755 2824 baptismo
783 2778 916 2825 privato
945 2790 1000 2824 pa·
1074 2779 1140 2814 lem
1168 2778 1428 2823 cognationem.

339 2921 349 2943 1
377 2920 457 2955 Tit.
486 2921 537 2965 11,
567 2932 597 2956 0.
625 2921 654 2962 1,
682 2933 721 2955 n.
751 2920 808 2954 54.
