1971 3261
107 149 201 184 Can.
231 148 322 183 1095
625 147 708 180 ΤιΤ.
741 146 824 180 VII.
855 166 868 171 -
895 146 950 180 De
979 147 1236 180 Matrimonio
1664 141 1728 175 631

111 268 199 323 lari,
234 280 327 311 cum
374 265 612 309 exclusione
663 270 796 308 tamen
849 265 957 308 illius
1006 266 1203 321 temporis
1237 267 1273 306 in
1308 277 1389 320 quo
1431 262 1605 306 subiecti
1651 274 1729 304 ma-

112 343 234 382 neant
281 336 550 394 sequentibus
594 338 749 392 poenis,
796 350 957 391 nempe,
1000 335 1084 377 visi
1125 349 1201 391 per
1233 333 1483 376 sententiam
1522 333 1734 375 damnato—

113 411 215 453 riam
235 408 398 467 fuerin!
416 416 455 450 al
474 406 837 457 θχυοηιηιηηίθιιὶιζ
859 406 895 449 b*
917 406 976 448 vel
995 405 1212 448 inieritis-ii
1232 404 1514 461 personaliter.
1529 403 1636 461 quod
1659 416 1736 445 non

112 485 199 523 erat
219 484 385 523 cautum
414 480 451 520 in
478 476 594 521 Dec.⁰
624 492 641 517 «
667 476 724 519 Ne
746 487 899 519 tcmcre
924 493 961 519 ».
986 481 1025 533 c)
1048 475 1108 519 rel
1130 476 1323 533 suspensi
1347 474 1395 517 ab
1419 474 1549 532 officio
1574 478 1740 530 propter

112 550 222 607 quod
253 565 275 590 «
302 548 437 591 valide
464 550 728 591 matrimonio
753 550 944 591 assistunt
970 564 1009 600 )),
1034 553 1107 590 (ιηὶ
1133 547 1252 598 tales,
1279 552 1319 589 ut
1355 548 1391 588 in
1421 548 1559 602 specie
1583 544 1738 587 dictum

111 625 185 674 est,
210 618 434 673 declarati,
460 619 641 662 scilicet:
677 619 785 675 quod
811 618 991 676 aliquam
1020 620 1242 674 praefatam
1272 630 1444 673 poenam
1478 617 1740 658 incurrerint.

234 689 338 733 Hinc
371 692 403 732 si
440 689 645 746 parochus
683 689 743 732 rel
778 686 1028 733 Ordinarius
1061 690 1290 732 committat
1328 693 1541 744 peccatum
1578 690 1744 742 propter

113 761 223 819 quod
261 763 445 804 incurrat
478 760 579 803 alias
612 773 809 804 censuras
847 760 907 803 vel
945 772 1096 816 poenas
1131 772 1209 802 non
1249 771 1467 814 expressas
1501 760 1538 800 in
1573 769 1743 804 camme,

114 837 185 876 aut
216 844 434 888 expressas
465 831 622 889 absque
655 831 851 874 alterutra
886 832 1089 873 sententia
1125 819 1397 886 praedicta'in
1422 842 1595 881 canone,
1617 832 1745 884 potest

114 905 238 946 etiam
278 903 412 946 valide
446 904 638 945 assistere
673 903 935 944 matrimonio
967 906 1190 958 antequam
1225 899 1467 943 absolvatur
1495 898 1556 942 x‘cl
1582 898 1745 954 dispen-

116 983 230 1017 setur
262 974 314 1017 ab
348 973 439 1017 illis.
474 973 670 1028 Quinimo
707 972 966 1028 regulariter,
1000 973 1160 1014 etiamsi
1207 975 1387 1027 patraret
1433 969 1648 1013 delictum,
1682 972 1746 1011 cui

116 1044 278 1088 adnexa
312 1047 364 1087 sit
399 1046 575 1100 privatio
609 1044 731 1087 otlicii
769 1045 876 1086 sacto
911 1045 996 1099 ipso
1032 1042 1306 1095 incurrenda3
1340 1044 1434 1098 quia
1459 1042 1582 1083 etiam
1609 1042 1645 1081 in
1672 1038 1748 1081 hoc

118 1129 216 1159 casu
256 1120 394 1158 «ante
426 1117 671 1158 sententiam
717 1113 1035 1157 declaratoriam
1080 1127 1100 1155 a
1144 1124 1276 1169 poena
1320 1111 1580 1155 observanda
1620 1110 1748 1153 delin-

119 1199 252 1243 quens
270 1190 507 1239 excusatur,
526 1187 688 1242 quoties
706 1197 795 1227 eam
816 1196 985 1227 servare
1003 1185 1090 1225 sine
1111 1183 1277 1225 infamia
1299 1184 1438 1238 nequit
1460 1197 1478 1221 ))
1500 1180 1608 1238 (can.
1624 1179 1751 1235 2232,

119 1256 147 1315 ἓ
182 1256 237 1313 1).
272 1256 470 1300 Similiter
503 1257 718 1311 suspensio
750 1254 802 1298 ab
834 1254 993 1307 ordine,
1028 1256 1221 1310 quamvis
1253 1254 1497 1295 nominatim
1531 1257 1655 1306 atque
1681 1265 1751 1307 pu·

123 1327 230 1371 blice
266 1327 526 1383 infligeretur
560 1325 754 1382 parocho,
790 1339 868 1368 non
903 1327 1083 1368 auferret
1119 1326 1192 1381 ipsi
1228 1324 1506 1367 conditionem
1543 1324 1656 1366 testis
1688 1334 1752 1365 au-

123 1397 351 1442 torizabilis
386 1411 458 1454 pro
493 1399 768 1440 matrimoniis
804 1396 940 1440 valide
973 1395 1249 1439 celebrandis.

246 1468 286 1511 ln
330 1467 388 1511 n.⁰
420 1467 469 1510 ’3⁰
502 1468 637 1526 quoad
683 1469 1112 1524 circumscriptionem
1159 1465 1234 1509 loci
1274 1465 1449 1508 dicitur:
1498 1463 1614 1507 Intra
1657 1464 1757 1520 fines

123 1539 351 1583 durntaoeat
373 1539 442 1582 sui
465 1538 691 1589 territorii,
716 1539 825 1596 quod
854 1541 1011 1581 ratione
1035 1538 1158 1581 officii
1182 1539 1325 1581 stricto
1348 1550 1469 1580 sensu
1494 1536 1543 1579 ad
1571 1547 1755 1578 normam

122 1623 217 1654 can.
255 1610 337 1654 145
370 1612 622 1664 sortiuntur3
655 1610 726 1653 sed
752 1623 847 1653 cum
874 1609 950 1652 hac
973 1609 1261 1665 ampliatione:
1295 1608 1339 1650 in
1373 1622 1451 1665 quo
1474 1606 1760 1650 itialrimom'is

125 1681 369 1725 alterutrius
401 1680 547 1724 saltem
581 1680 773 1725 catholici
807 1679 959 1723 nedum
990 1693 1161 1723 suorum
1196 1678 1457 1722 subdi'tormn
1492 1678 1541 1721 ad
1571 1689 1757 1720 normam

124 1765 216 1796 can.
251 1752 319 1807 94,
354 1751 426 1795 secl
458 1752 587 1794 eciam
619 1754 756 1808 sponsi
791 1756 831 1794 et
863 1763 1039 1807 sponsae
1074 1765 1153 1794 non
1189 1749 1454 1793 subditorum
1489 1749 1566 1791 ulla
1604 1750 1761 1791 ratione

124 1822 266 1866 calide
303 1822 523 1866 assistunt.
568 1822 812 1879 Applicatur
859 1824 969 1865 enim
1020 1826 1208 1878 respectu
1259 1821 1525 1864 adsistentiae
1573 1821 1760 1862 axioma:

132 1909 152 1935 «
178 1894 308 1938 Locus
343 1896 447 1951 regit
479 1899 617 1938 actum
642 1910 680 1934 )).
719 1896 792 1937 llic
824 1898 969 1950 sponte
1002 1906 1045 1936 se
1079 1893 1197 1935 offert
1233 1891 1412 1935 Dubium
1451 1890 1535 1933 Vlll
1577 1891 1759 1946 proposi-

128 1971 216 2009 tum
249 1966 287 2009 S.
311 1964 461 2021 Congr.
486 1965 538 2008 de
561 1965 841 2009 Sacramentis
866 1964 902 2006 ¹:
933 1979 953 2005 ε(
978 1963 1122 2008 Utrum
1148 1962 1359 2007 Ecclesiae
1386 1962 1600 2018 regulares
1622 1973 1763 2004 exem—

132 2041 225 2093 ptae
257 2036 307 2079 ad
345 2041 531 2079 tenorem
567 2035 675 2079 Dec.i
715 2051 734 2075 «
760 2034 818 2078 Ne
854 2039 1053 2078 temere»
1092 2035 1320 2077 existimari
1356 2035 1511 2089 possint
1539 2037 1577 2075 et
1604 2031 1765 2075 valeant

132 2111 329 2164 tanquam
365 2108 560 2150 territorii
599 2105 765 2162 parochi
800 2119 872 2149 seu
907 2102 1137 2160 Ordinarii,
1172 2107 1211 2147 in
1246 2117 1423 2162 quorum
1452 2102 1687 2147 territoriali
1712 2102 1769 2145 di·

131 2180 278 2222 strictu
312 2183 406 2221 sunt
440 2180 556 2232 sitae,
590 2177 639 2220 ad
675 2177 866 2220 ellectum
902 2178 1160 2219 assistentiae
1195 2176 1459 2218 matrimonio
1483 2190 1521 2215 )).
1546 2172 1619 2217 Cui
1644 2172 1770 2216 dubio

134 2250 174 2293 S.
209 2248 413 2306 Congreg.
458 2249 690 2304 respondit:
730 2247 836 2290 «Ad
876 2246 973 2290 Vlll.
1016 2247 1278 2290 Affirmative
1303 2262 1342 2287 ».
1384 2245 1471 2289 Duo
1515 2244 1592 2288 alia
1637 2243 1768 2287 Dubia

135 2321 299 2363 fuerant
334 2323 447 2376 prius
479 2319 612 2363 soluta
648 2332 719 2376 per
752 2320 790 2363 S.
825 2318 974 2374 Congr.
1009 2317 1134 2361 Cone.
1159 2318 1188 2361 ².

258 2390 486 2434 «Dubium
525 2389 622 2434 Vlll.
657 2389 832 2434 Ubinam
867 2393 907 2433 et
940 2390 1149 2447 quomodo
1190 2387 1358 2445 parochi
1399 2390 1481 2445 qui,
1518 2388 1770 2430 territorium

135 2462 354 2506 exclusive
387 2464 599 2519 proprium
637 2474 714 2504 non
752 2459 964 2514 habentes,
988 2459 1245 2503 cumulative
1280 2459 1532 2503 territorium
1564 2470 1659 2501 cnm
1694 2456 1774 2500 alio

144 2533 207 2577 vel
243 2533 334 2577 aliis
368 2533 560 2590 parochis
595 2535 785 2581 retinent,
817 2533 1097 2575 matrimoniis
1129 2531 1331 2574 adsistere
1374 2530 1550 2573 valeant.

260 2604 309 2648 Χ.
343 2604 450 2648 Num
482 2603 714 2660 cappellani
758 2617 830 2647 seu
877 2607 1057 2646 rectores
1101 2604 1263 2659 piorum
1305 2603 1491 2645 cuiusvis
1523 2602 1687 2658 generis
1721 2599 1777 2642 lo-

139 2688 301 2726 corum,
330 2688 352 2718 a
388 2673 613 2732 parochiali
649 2674 933 2717 iurisdictione
966 2677 1275 2728 exemptorum,
1299 2672 1500 2715 adsistere
1527 2670 1662 2714 valide
1688 2683 1776 2726 pos-

139 2749 224 2790 sint
258 2747 532 2789 matrimoniis
564 2744 721 2802 absque
756 2743 923 2801 parochi
961 2744 1022 2786 vet
1058 2740 1270 2788 Ordinarii
1307 2742 1583 2799 delegatione.

264 2899 274 2920 1
306 2898 348 2930 12
369 2896 504 2931 Martii
527 2896 629 2932 1910.
647 2895 724 2931 CO.
742 2895 790 2935 ΙΙ,
813 2895 891 2930 193.
911 2916 946 2920 —
967 2895 981 2917 ‘2
1002 2896 1018 2928 1
1041 2895 1129 2929 Feb.
1154 2895 1254 2929 taos.
1278 2895 1375 2928 Acta
1394 2894 1431 2928 S.
1451 2894 1562 2928 Sedis
1584 2894 1659 2928 vol.
1679 2893 1779 2927 XLI.
