1971 3261
195 170 289 205 Can.
317 170 385 204 759
751 169 835 204 ΤιΤ,
866 169 897 204 Ι.
926 188 939 193 -
969 169 1024 204 De
1052 170 1257 214 Baptismo
1785 169 1831 204 53

193 288 275 332 bita
311 288 599 332 distinctione:
633 293 673 330 e!
705 287 748 344 a)
780 287 818 330 si
851 287 1100 345 conferatur
1132 301 1157 329 α
1193 286 1389 330 mim'slro
1423 287 1495 345 qui
1529 301 1602 330 nee
1633 287 1831 331 sacerdos

192 359 248 402 sit
281 373 355 402 nec
385 358 605 413 diaeonus,
646 358 754 416 quod
802 358 920 415 plene
966 357 1074 409 licet,
1115 360 1147 401 si
1191 357 1341 409 absint,
1389 358 1450 401 vet
1486 371 1565 401 non
1599 358 1746 402 deceat
1780 372 1829 402 ex

192 444 283 474 can.
317 430 415 483 742,
447 430 476 488 ἓ
510 430 548 484 2,
582 443 630 472 ea
665 435 845 483 tantum,
890 442 990 485 ergo
1028 428 1226 472 derelicta
1272 442 1439 486 quoque
1471 441 1578 487 aqua
1613 429 1830 474 benedicta

192 501 411 546 commode
454 500 645 544 habenda
679 504 718 543 et
751 499 861 543 nulla
907 502 1107 543 mixtione
1153 504 1331 555 peracta,
1374 505 1604 556 ponantur,
1648 500 1829 544 scilicet:

192 572 291 617 nihil
326 572 437 616 aliud
475 573 776 629 praescriptum
812 576 872 615 est
907 575 1072 627 praeter
1105 583 1151 614 ea
1186 584 1294 628 qliae
1325 577 1422 614 sem!
1457 570 1513 615 ad
1545 571 1744 630 baptismi
1768 586 1832 615 vci-

191 644 402 688 lidilalem
452 642 693 686 necessaria
742 645 854 686 iuxta
905 642 1228 699 explicationem
1280 649 1388 686 can.⁵
1436 643 1536 698 737,
1577 645 1602 697 ἓ
1636 643 1653 686 1
1693 644 1829 702 quoad

194 717 416 759 materiam·
443 719 482 758 et
516 715 707 768 formam,
740 719 847 757 can·
880 713 964 756 74⁶2
998 715 1109 757 circa
1156 715 1426 757 intentionem
1470 727 1518 758 ac
1553 727 1688 771 praec.
1724 720 1832 758 can·

191 787 276 830 758
324 785 458 843 quoad
509 784 780 837 ablutionem,
829 797 940 839 nam,
990 789 1029 828 ut
1080 787 1135 828 ait
1186 783 1230 827 D.
1271 783 1407 829 Th.¹:
1448 784 1552 829 «De
1586 787 1830 830 necessitate

191 857 359 915 quiilem
394 858 643 901 sacramenti
687 860 747 900 est
790 857 935 911 forma,
971 868 1078 914 quae
1111 856 1302 912 designat
1347 856 1618 914 principalem
1660 862 1827 900 causam

190 930 461 980 sacramenti;
494 933 535 971 et
568 929 773 981 minister,
804 929 874 985 qui
910 932 969 970 est
1003 940 1126 971 causa
1162 927 1514 981 instrumentalis;
1549 933 1587 971 et
1623 941 1720 971 usus
1745 940 1827 971 ma-

191 1003 319 1044 teriae
352 999 533 1043 scilicet:
569 998 725 1042 ablutio
760 1001 797 1041 in
833 1010 953 1056 aqua,
998 1011 1105 1055 quae
1149 999 1341 1054 designat
1386 998 1657 1055 principalem
1692 1010 1829 1042 sacra·

192 1073 317 1115 menti
352 1071 560 1114 effectum.
598 1095 649 1100 —
684 1067 829 1113 Cetera
881 1082 981 1112 vero
1020 1068 1174 1124 omnia,
1222 1066 1331 1126 quae
1376 1071 1413 1111 in
1466 1071 1543 1112 ritu
1595 1068 1828 1126 baptizandi

190 1142 386 1186 observat
416 1141 617 1195 Ecclesia,
648 1142 779 1196 magis
815 1142 1022 1197 pertinent
1054 1139 1104 1182 ail
1139 1139 1364 1197 quamdam
1394 1140 1715 1183 sollemnitatem
1759 1140 1828 1183 Sa-

190 1215 390 1257 cramenti
416 1229 454 1256 ›>.
491 1211 578 1256 Hoc
614 1214 651 1255 in
687 1211 776 1255 loco
811 1213 1020 1268 practicae
1044 1209 1233 1254 utilitatis
1257 1211 1514 1267 esse‘potest
1536 1223 1716 1268 sequens
1739 1211 1829 1254 dec.

189 1285 301 1328 Sacr.
336 1283 485 1340 Congr.
521 1283 606 1340 lnq.
632 1283 670 1326 2;
710 1298 732 1323 α
756 1281 1107 1338 Archiepiscopus
1155 1280 1468 1326 Ultraiectens‘is
1507 1282 1557 1325 ad
1592 1282 1831 1326 Sanctitatis

190 1354 361 1399 Vestrae
396 1354 521 1411 pedes
555 1353 798 1410 provolutus
845 1352 1061 1396 humiliter
1105 1354 1287 1409 exponit,
1339 1365 1446 1410 quae
1484 1357 1740 1411 sequuntur:
1775 1365 1832 1383 —·

191 1426 332 1470 Plures
366 1425 517 1468 medici
554 1426 592 1467 in
628 1425 880 1468 nosocomiis
912 1428 982 1467 aut
1015 1422 1112 1468 alibi
1150 1426 1187 1466 in
1222 1436 1321 1467 casu
1356 1426 1615 1467 necessitatis
1639 1425 1830 1474 infanteS,

190 1499 413 1554 praecipue
448 1499 486 1539 in
522 1500 640 1540 utero
676 1497 832 1548 matris,
868 1494 1064 1552 baptizari
1104 1495 1237 1539 solent
1283 1507 1390 1552 aqua
1434 1509 1528 1539 cum
1565 1495 1831 1552 hydrargyro

189 1568 419 1613 bichlorato
451 1570 667 1612 corrosivo
700 1567 907 1624 (cliloride
941 1567 992 1610 de
1033 1570 1239 1619 mercurel
1291 1569 1509 1622 permixta.
1559 1566 1832 1624 Componitur

189 1642 273 1685 i'ere
307 1639 409 1684 haec
443 1652 548 1698 aqua
583 1638 787 1682 solutione
822 1641 943 1681 unius
984 1640 1110 1695 partis
1133 1637 1306 1682 chlorati
1332 1637 1629 1696 hydrargyrici
1655 1640 1693 1681 in
1720 1637 1832 1681 mille

190 1711 376 1769 partibus
408 1723 564 1769 aquae3
615 1723 748 1768 eaque
797 1708 1002 1753 solutione
1051 1722 1184 1767 aquae
1231 1712 1345 1766 potio
1383 1711 1570 1754 venetica
1604 1715 1678 1753 est.
1713 1709 1831 1754 Ratio

186 1788 342 1837 autem,
376 1796 451 1826 cur
483 1781 561 1825 hac
596 1783 776 1825 mixtura
813 1785 995 1836 utantur,
1029 1786 1102 1831 est,
1137 1794 1187 1824 ne
1222 1783 1366 1824 matris
1413 1786 1555 1824 uterus
1594 1780 1739 1824 morbo
1773 1781 1830 1824 ai-

187 1855 364 1898 ticiatur.
399 1878 457 1884 —
486 1855 600 1906 Quae
634 1865 727 1896 cum
765 1854 816 1895 ita
852 1854 933 1895 sint
968 1865 1040 1908 pro
1076 1853 1220 1895 maiori
1263 1854 1319 1895 rei
1366 1854 1642 1909 gravissimae
1674 1853 1830 1895 securi*

189 1930 269 1969 tate
302 1926 570 1970 Sanctitatem
619 1922 805 1968 Vestram
851 1926 973 1967 enixe
1019 1937 1132 1980 rogo,
1169 1928 1211 1966 ut
1245 1923 1347 1967 llaec
1393 1923 1517 1967 dubia
1562 1923 1727 1967 solvere
1770 1922 1831 1966 (ti-

187 2002 357 2054 gnetur:
395 2023 445 2027 —
483 1995 527 2039 1⁰
562 1995 687 2040 Estne
722 1995 924 2052 baptisma
961 2008 1054 2039 cum
1092 1994 1330 2039 huiusmodi
1364 2007 1470 2053 aqua
1495 1995 1829 2039 administratum

187 2074 315 2124 certo,
349 2081 400 2112 an
435 2067 562 2112 dubie
615 2067 838 2111 validum?
874 2092 926 2098 —
963 2066 1006 2109 20
1041 2065 1163 2109 Estne
1213 2065 1388 2120 licitum,
1437 2067 1487 2110 ad
1540 2079 1662 2109 omne
1697 2064 1830 2109 morbi

192 2139 424 2197 periculum
479 2139 709 2192 vitandum,
758 2138 1000 2183 huiusmodi
1049 2150 1156 2195 aqua
1209 2143 1518 2182 sacramentum
1571 2138 1832 2195 baptismatis

187 2211 520 2258 administrare?
554 2237 607 2241 —
643 2209 688 2254 3⁰
722 2209 888 2254 Licetne
922 2211 1044 2253 etiam
1082 2214 1179 2253 tunc
1213 2209 1289 2253 bac
1322 2222 1429 2267 aqua
1454 2212 1528 2264 uti,
1553 2209 1720 2266 quando
1743 2203 1848 2251 sine‘

188 2283 270 2327 ullo
306 2282 439 2326 morbi
475 2282 675 2339 periculo,
709 2294 814 2339 aqua
850 2293 953 2338 pura
994 2280 1185 2324 adhiberi
1226 2281 1396 2337 potest?
1421 2296 1440 2322 >³
1479 2307 1536 2311 —-
1569 2280 1829 2337 Responsum

186 2359 325 2398 autem
374 2358 456 2397 est:
513 2369 532 2394 «
557 2353 618 2397 Ad
667 2353 726 2395 ‘1¹1¹
762 2352 1056 2396 providebitur
1091 2354 1129 2394 in
1165 2351 1223 2394 2⁰.
1261 2378 1314 2382 —
1350 2352 1411 2395 Aa
1464 2352 1518 2395 ⁶2¹³
1569 2351 1725 2401 Licere,
1760 2351 1828 2395 ubi

189 2438 334 2468 verum
383 2425 500 2468 adest
549 2423 682 2468 morbi
733 2423 980 2481 periculum.
1016 2449 1068 2453 —
1104 2423 1166 2466 Ad
1203 2422 1256 2466 3¹¹¹
1290 2422 1495 2480 Negative
1519 2439 1558 2467 ».
1595 2445 1649 2452 —
1687 2422 1826 2466 Prose-

185 2498 328 2554 quitur
360 2508 516 2540 canon:
553 2495 596 2553 b)
630 2495 667 2538 si
700 2509 724 2538 a
759 2494 978 2538 sacerdote
1011 2494 1073 2537 vel
1106 2493 1285 2538 diacono
1325 2495 1566 2538 conseratur
1600 2493 1831 2551 baptismus

185 2567 236 2611 (le
269 2580 350 2625 quo
385 2570 424 2611 in
458 2570 629 2612 canonis
663 2570 878 2625 principio,
913 2571 1135 2609 serventur
1178 2580 1339 2624 quoque
1372 2580 1421 2610 ex
1458 2566 1535 2610 lioc
1570 2568 1828 2623 praescripto

185 2642 226 2692 α)
259 2639 297 2681 si
330 2643 490 2697 tempus
521 2638 649 2695 adsit,
692 2640 984 2683 coeremoniae
1030 2638 1072 2692 β)
1106 2651 1213 2692 qzcae
1245 2636 1498 2696 baptismati
1544 2637 1670 2681 idest:
1706 2635 1821 2680 ablu-

185 2711 338 2754 tionem
373 2712 650 2754 necessariam
685 2709 736 2753 ad
774 2709 1030 2753 validitatem
1083 2713 1317 2766 sequuntur
1367 2711 1404 2751 in
1460 2707 1576 2752 libris
1625 2707 1829 2763 liturgicis

186 2783 376 2837 propriis.
409 2779 687 2825 Conformiter
719 2780 769 2824 ad
808 2779 934 2824 Dec.¹¹²
967 2780 1006 2822 S.
1040 2778 1082 2822 C.
1119 2779 1197 2823 Rit.
1233 2782 1270 2822 iu
1305 2778 1530 2823 Versalien.
1557 2779 1595 2821 3;
1636 2793 1655 2818 ((
1683 2777 1706 2820 l.
1745 2778 1824 2830 An,

186 2934 249 2969 CO
295 2887 470 2970 ZHIII‘YE'P.
497 2900 533 2933 q.
559 2887 701 2932 LXVI,
729 2898 764 2922 a.
790 2887 843 2927 10,
864 2898 968 2931 corp.
1000 2907 1043 2911 —
1070 2886 1084 2908 '³
1109 2887 1153 2919 21
1174 2886 1275 2929 Aug.
1300 2888 1402 2920 1901.
1435 2907 1476 2910 —
1504 2886 1517 2907 3
1544 2885 1589 2919 ‘23
1608 2884 1692 2918 Ian.
1718 2884 1824 2923 1941,
