1971 3261
181 141 250 174 510
587 137 673 171 Lm.
702 137 775 170 111.
806 158 815 161 -
841 136 952 170 PARS
978 136 1010 170 I.
1038 156 1052 162 -
1076 136 1134 171 De
1159 136 1425 171 &aeramentis
1498 136 1585 172 Can.
1614 136 1816 171 1023-1024

177 256 454 315 praescribat,
491 256 747 313 proindeque
794 257 879 298 suis
928 254 1117 308 subditis,
1165 268 1200 296 V.
1235 268 1296 311 gr.
1334 255 1527 311 parocho,
1562 261 1632 299 aut
1665 254 1814 299 Curiae

180 327 438 371 officialibus.
465 326 527 369 Ad
564 339 651 369 rem
686 328 864 382 pertinet
897 330 1020 382 atque
1054 325 1193 368 datam
1228 328 1609 382 interpretationem
1644 325 1814 369 roborat

181 398 404 442 declaratio
436 410 614 454 sequens
650 397 814 441 Ponte.
846 394 1041 440 Commis.
1076 396 1126 439 ad
1175 395 1291 441 Cod.³
1323 402 1427 440 can⁸.
1462 396 1574 440 auth.
1611 399 1814 453 interpre-

183 469 326 512 tandos
350 468 376 511 ¹.
417 484 433 508 «
462 466 527 512 lV.
562 468 600 510 4.
635 467 675 510 Si
712 479 805 524 pars
840 472 928 523 post
962 467 1153 523 adeptam
1190 466 1449 523 pubertatem
1486 467 1708 525 plusquam
1743 481 1815 524 per

181 553 252 583 sex
288 552 450 582 menses
473 543 727 582 commorata
753 538 874 581 fuerit
907 540 945 580 in
972 537 1221 594 longissimis
1243 542 1283 581 et
1305 538 1459 582 dissitis
1491 541 1588 592 oris,
1617 551 1638 581 a
1662 537 1813 596 quibus

182 616 223 652 nt
257 609 457 652 habeatur
492 608 693 665 regularis
724 610 930 651 attestatio
964 607 1167 652 libertatis
1198 613 1328 652 status
1363 608 1524 665 longius
1557 613 1722 665 tempus
1747 622 1808 652 re-

181 683 373 738 quiritur,
396 693 491 723 cum
526 684 662 722 tamen
688 684 835 736 urgeat
867 678 1092 722 celebratio
1129 681 1395 734 matrimonii,
1419 680 1624 723 sufficitne
1650 682 1688 722 in
1713 692 1811 723 casu

181 751 230 794 ad
257 750 561 794 certiorandam
592 749 825 793 libertatem
848 754 978 792 status
1002 751 1281 793 iuramentum
1307 752 1433 805 partis
1457 763 1551 793 cum
1578 752 1811 793 testimonio

183 822 374 875 duarum,
412 821 473 864 vel
518 823 550 864 si
585 834 663 863 non
699 822 853 877 possint
887 819 1029 864 haberi
1071 820 1167 872 duo,
1200 819 1346 863 saltem
1392 822 1526 875 unius,
1560 823 1628 877 qui
1670 833 1810 865 secum

183 895 425 936 commorati
461 893 612 935 fuerint
645 891 725 934 illis
759 894 798 934 in
834 890 1103 948 regionibus?

303 963 446 1019 Resp.:
481 962 581 1006 Rem
619 963 769 1005 remitti
807 961 999 1018 prudenti
1034 961 1187 1005 iudicio
1221 958 1446 1015 Ordinarii‚
1480 964 1549 1019 qui
1585 962 1686 1005 alias
1719 975 1810 1018 pro-

186 1034 384 1087 bationes,
418 1046 496 1076 non
532 1032 701 1076 excluso
735 1034 967 1075 iuramento
1000 1031 1264 1088 suppletorio,
1291 1031 1575 1088 praescribere
1609 1036 1742 1088 potest
1764 1032 1814 1075 ad

186 1117 371 1148 normam
407 1106 576 1148 canonis
612 1103 736 1157 1023,
770 1106 795 1156 ξ
829 1103 852 1145 ⁶2
876 1119 915 1145 ›>.

304 1174 408 1218 Dum
443 1174 697 1231 praecedens
728 1174 790 1232 ξω
821 1176 981 1217 servari
1016 1173 1166 1217 debeat
1197 1174 1458 1217 solummodo
1503 1178 1669 1230 propter
1701 1187 1812 1218 com-

187 1248 426 1289 morationis
459 1250 636 1288 tractum
671 1245 785 1288 illum
823 1247 860 1287 in
895 1245 1024 1288 altero
1058 1244 1161 1297 loco,
1195 1244 1306 1288 aliud
1344 1246 1546 1287 motivum
1581 1244 1818 1288 considerat

184 1317 211 1375 ξ
245 1317 282 1359 3.
317 1317 362 1359 St
395 1316 541 1374 aliqua
573 1316 629 1358 sit
662 1315 845 1370 suspicio
880 1316 1104 1372 prudenter
1140 1315 1308 1359 fundata
1356 1314 1406 1358 de
1437 1320 1651 1359 contracto
1685 1315 1811 1372 impe-

185 1387 368 1431 dimento
415 1400 679 1444 quocumque
728 1386 1036 1441 matrimoniali,
1068 1385 1280 1444 parochus
1329 1387 1436 1430 idem
1487 1399 1535 1430 ac
1584 1389 1622 1429 in
1671 1385 1716 1443 ἕο
1756 1386 1816 1428 10.

185 1460 224 1514 a)
256 1459 384 1501 eliam
414 1472 492 1516 pro
525 1457 706 1501 breviori
738 1472 809 1501 sex
846 1457 1056 1501 mensibus
1079 1457 1405 1500 commoratione
1439 1459 1572 1514 prouti
1607 1457 1815 1501 declarata

186 1534 246 1573 cst
279 1532 316 1572 in
350 1529 378 1587 g
412 1542 563 1586 praec„
599 1528 640 1585 b)
675 1528 867 1572 consulat
905 1528 1184 1571 Ordinartum
1217 1528 1268 1572 de
1304 1529 1424 1571 modo
1456 1541 1499 1571 se
1533 1528 1719 1584 gerendi,
1745 1528 1817 1586 qui

188 1600 501 1643 motrimontztm
536 1614 584 1642 ne
614 1600 849 1656 permittat,
889 1604 1077 1642 «vetans
1111 1598 1209 1642 illud
1246 1601 1284 1642 in
1319 1611 1416 1642 casu
1453 1598 1710 1654 peculiari»,
1743 1599 1814 1642 sed

187 1672 235 1715 ad
273 1683 458 1714 normam
494 1683 582 1713 can.
621 1670 731 1713 1039
762 1686 780 1710 ι(
801 1670 851 1713 ad
878 1676 1040 1725 tempus
1075 1674 1247 1719 tantum,
1271 1681 1479 1727 causaque
1505 1669 1818 1725 perdurante»,

186 1742 365 1786 scilicet:
404 1744 528 1784 vetito
562 1754 640 1784 non
675 1746 901 1795 cessaturo,
925 1740 1010 1783 nisi
1035 1740 1157 1798 prius
1190 1740 1388 1798 suspicio,
1413 1742 1597 1796 praecise
1631 1739 1816 1783 adhibito

187 1814 385 1857 alterutro
420 1813 556 1856 medio
590 1812 645 1856 ad
677 1826 867 1856 normam
898 1812 926 1870 g
957 1814 988 1855 9
1020 1814 1100 1855 iam
1135 1811 1401 1866 declaratam,
1436 1815 1714 1865 removeatur,
1737 1810 1816 1854 sal-

190 1891 269 1927 tem
305 1897 384 1927 non
419 1885 595 1937 detecto,
629 1884 680 1927 de
713 1897 794 1940 quo
831 1885 1055 1939 «suspicio
1079 1899 1099 1924 »
1128 1887 1228 1937 erat,
1254 1882 1551 1938 impedimento
1578 1895 1616 1924 v.
1639 1894 1699 1937 gr.
1728 1886 1818 1938 post

191 1955 489 2010 publicationes
523 1957 560 1998 in
597 1955 685 1998 loco
720 1954 788 1997 illo
825 1953 1027 1998 brevioris
1059 1955 1397 1997 commorationis
1430 1953 1570 1997 factas.

308 2026 406 2070 415.
444 2028 834 2072 Publicationum
868 2027 1266 2072 circumstantiae
1289 2026 1635 2081 obligatoriae.
1657 2049 1710 2054 -
1735 2022 1819 2066 Has

191 2100 397 2140 mutuavit
429 2111 477 2140 ex
515 2096 639 2141 Conc.
671 2096 782 2141 Trid.
808 2095 822 2117 ²
856 2096 1089 2151 iisdemque
1126 2094 1263 2139 verbis
1288 2095 1426 2138 retulit
1458 2109 1549 2139 ean.
1584 2096 1715 2139 1024.
1743 2092 1818 2136 Pa-

189 2167 447 2223 tlieattones,
475 2173 516 2211 ut
548 2180 672 2223 supra
707 2170 745 2210 in
783 2180 919 2224 praec.
952 2167 980 2225 ᾗ
1004 2167 1061 2222 1⁰,
1085 2179 1375 2225 quaecumque
1409 2166 1625 2210 faciendae
1649 2166 1699 2209 ad
1724 2178 1817 2207 nor-

191 2250 298 2281 mam
332 2244 436 2281 can⁸.
474 2245 640 2293 p1·aec⁵.,
666 2238 770 2294 liant
803 2237 843 2294 a)
880 2237 1025 2285 tribus,
1052 2237 1223 2293 proinde
1248 2242 1320 2292 ter,
1346 2249 1439 2280 nam
1463 2236 1631 2280 additur
1655 2235 1697 2292 b)
1722 2248 1814 2278 con-

190 2308 332 2363 tinuis,
366 2314 570 2366 quatenus
604 2322 682 2351 non
718 2310 968 2351 interveniat
999 2308 1087 2351 dies
1120 2307 1329 2365 quaelibet
1378 2310 1415 2350 in
1460 2320 1541 2364 qua
1575 2308 1818 2349 omittantur

192 2379 536 2436 proclamationes
570 2393 619 2423 ex
653 2380 936 2437 sequentibus,
960 2392 1132 2435 nempe:
1157 2378 1196 2435 c)
1221 2377 1364 2421 diebus
1388 2377 1609 2421 dominicis
1632 2376 1815 2434 aliisque

188 2450 311 2507 festis
343 2449 394 2492 de
423 2455 661 2507 praecepto,
685 2452 774 2493 sive
807 2452 885 2493 iuri
919 2451 1129 2493 communi
1164 2449 1214 2492 ad
1249 2461 1437 2492 normam
1472 2461 1561 2492 can.
1588 2446 1765 2505 1247ss
1793 2447 1807 2488 1

189 2523 278 2564 sive
313 2523 400 2564 iure
436 2520 672 2577 particulari
706 2521 756 2563 de
790 2521 895 2564 tacto
928 2520 1159 2574 servandis,
1194 2533 1273 2563 non
1308 2522 1345 2562 in
1376 2521 1494 2562 ‘sestis
1521 2504 1724 2562 «abolitis
1751 2517 1813 2561 vel

192 2591 442 2634 translatis»
481 2594 554 2634 etsi
600 2591 649 2634 ad
696 2604 882 2634 normam
927 2597 1031 2634 can⁸.
1066 2590 1146 2634 cit¹.
1182 2595 1373 2646 respectu
1407 2589 1546 2633 habito
1588 2589 1638 2632 ad
1683 2593 1811 2632 const.

196 2661 485 2706 «Universa»
525 2661 677 2705 Urbani
716 2660 815 2717 Vlll,
849 2674 972 2719 quani
1009 2661 1226 2704 retulimus
1259 2662 1297 2703 in
1330 2658 1637 2704 Commentario
1661 2658 1814 2702 Textus

190 2733 239 2776 ad
274 2745 364 2776 can.
390 2732 487 2787 466,
521 2733 591 2775 sed
628 2734 666 2775 in
702 2732 780 2775 illis
813 2734 935 2775 etiam
961 2737 1147 2787 tempore
1179 2732 1385 2775 adventus
1408 2736 1447 2774 et
1470 2730 1819 2788 quadragesimae

287 2840 321 2892 ..1
348 2839 405 2873 2-3
433 2840 517 2872 Iun.
546 2838 650 2882 1918,
681 2838 755 2873 CO.
783 2839 910 2872 x-345.
939 2859 978 2863 —
1007 2838 1020 2859 2
1047 2837 1137 2882 Cap.
1169 2838 1201 2876 1,
1231 2848 1325 2872 seSS.
1351 2835 1486 2869 XXIV
1514 2813 1559 2869 de
1586 2834 1655 2868 ref.
1686 2833 1817 2868 matri-

191 2897 324 2920 monn.

1936 2806 1966 2878 vi
