1971 3261
100 146 192 182 Can.
219 146 290 180 994
675 145 758 179 Tt'r.
792 146 855 179 VI.
886 166 898 172 ·
926 147 981 181 De
1012 146 1156 181 Ordine
1662 148 1732 180 459

103 264 141 308 id
175 269 256 306 est:
308 266 417 306 iuxta
452 277 505 305 ss.
539 275 733 316 canones,
767 265 857 305 sive
908 264 1225 318 irregularitatis
1260 266 1381 307 fuerit
1424 267 1513 307 sive
1556 264 1730 320 simplex

100 332 444 391 impedimentum
479 332 614 375 licitae
647 333 920 376 ordinationis
954 333 1204 376 mmo-attere
1236 340 1310 385 est,
1344 339 1524 377 attamen
1554 348 1647 377 cum
1683 334 1733 376 ad

102 404 216 447 illum
250 402 581 447 contrahendum
618 405 815 458 temporis
851 405 1067 446 minimum
1102 405 1293 460 sufficiat,
1327 405 1517 448 additur:
1568 404 1734 459 recula-

100 474 224 529 riter,
258 476 369 517 iuxta
403 487 447 516 ea
493 486 599 530 quae
642 475 920 516 communiter
953 474 1147 516 accidunt
1193 477 1229 516 in
1277 475 1463 517 {mnibus
1508 475 1734 519 lioniinuni.

101 544 142 601 3)
174 558 252 602 pro
288 544 492 586 militibus
527 544 739 586 trimestre
771 544 1080 598 supputanduni
1116 545 1165 587 ad
1203 559 1388 588 normam
1426 558 1515 589 030.
1551 545 1620 594 34,
1644 550 1668 599 ᾗ
1697 546 1736 599 2,

102 619 264 671 tempus
298 617 356 658 eis
388 617 640 671 assignatum
679 613 849 657 brevius
884 618 1051 669 propter
1084 628 1226 657 eorum
1262 616 1583 658 consuetudines
1611 629 1735 673 quam

105 684 147 742 1))
176 698 255 742 pro
289 684 402 737 aliis,
426 686 544 742 queis
577 683 879 726 determinatur
902 689 1100 725 semestre
1130 690 1222 741 post
1254 684 1531 741 pubertatem,
1555 687 1733 742 eoquod

102 759 196 799 ante
230 755 336 799 hanc
369 754 566 798 delictum
602 756 676 798 etsi
711 767 790 797 non
824 755 967 797 stricto
991 767 1112 796 sensu
1147 756 1429 798 secunilerens
1464 757 1736 812 impedimen-

102 831 188 870 tum
225 826 339 869 deest
374 830 416 868 ut
451 825 699 882 plurimunn
734 824 807 868 sed
841 827 953 868 iuxta
987 824 1304 881 explicationem
1346 826 1482 869 verbi:
1528 842 1547 867 a
1576 826 1736 883 regula-

103 899 203 940 riter
219 911 260 951 >),
289 899 347 939 sic
382 901 503 939 cavet
538 895 770 952 legislator:
794 894 1029 953 Episcopus
1062 895 1280 945 ordinans,
1318 910 1394 938 non
1433 900 1510 939 iam
1548 899 1738 953 proprius

104 967 394 1024 promovendi,
428 969 523 1024 quia
568 966 676 1009 illius
720 968 889 1009 interest
932 966 1204 1009 ordinationis
1249 966 1419 1020 liceitas‚
1457 967 1498 1023 a)
1538 981 1617 1024 pro
1661 981 1737 1009 saa

100 1036 346 1096 prudentia,
379 1040 573 1095 quamvis
606 1037 740 1080 eidem
793 1039 830 1079 in
881 1037 1128 1080 dimittentis
1176 1039 1470 1080 conscientiam
1525 1040 1739 1095 quiescere

105 1108 239 1162 liceat,
266 1108 308 1159 b)
332 1108 501 1165 eoeiqere
527 1112 667 1166 potest
691 1107 742 1151 ab
765 1107 998 1151 ordinando
1022 1106 1191 1150 litteras
1217 1108 1520 1151 testiaeom'ates
1550 1122 1569 1151 a
1584 1119 1587 1148 ἰ
1613 1108 1737 1150 etiam

104 1180 151 1223 ob
184 1179 349 1222 brevius
383 1178 728 1222 commoratiomfs
763 1184 920 1236 tompus
964 1181 1198 1234 respective
1242 1181 1459 1221 trimestris
1498 1179 1558 1222 vel
1609 1193 1739 1222 seme-

104 1253 199 1294 stris
232 1255 419 1306 tempore
455 1255 497 1292 ut
529 1261 668 1306 supra,
705 1248 746 1306 b)
781 1254 820 1291 et
853 1248 900 1292 ob
936 1254 1095 1307 tempas
1129 1263 1289 1307 quoque
1322 1248 1430 1307 quod
1477 1255 1563 1305 post
1598 1252 1742 1292 aetatis

105 1320 379 1378 promovendi
413 1322 674 1376 septennium
713 1333 842 1377 usque
875 1320 925 1363 ad
958 1320 1220 1377 pubertatem
1256 1320 1492 1363 antecessit.

223 1390 409 1443 Casibus,
434 1393 502 1448 qui
540 1403 619 1433 non
656 1403 748 1433 raro
784 1392 822 1433 in
848 1390 1151 1434 recentioribus
1173 1393 1418 1434 societatum
1447 1391 1631 1434 moribus
1654 1403 1745 1433 eve-

106 1464 195 1506 nire
227 1467 397 1519 queunt,
435 1462 654 1518 providere
692 1460 837 1505 debuit
881 1460 1107 1517 legislator,
1144 1466 1185 1504 ut
1230 1462 1325 1505 l'ecit
1358 1461 1583 1505 subiiciens
1616 1464 1667 1515 ξω
1705 1461 1742 1503 2.

106 1532 157 1576 Si
183 1532 265 1576 loez'
302 1531 562 1576 Ordinem-ias
586 1532 635 1576 ad
658 1532 816 1575 litteras
840 1533 1138 1576 testimoniales
1162 1533 1321 1576 dandas
1340 1533 1582 1589 designatus
1604 1546 1742 1589 supra,

106 1603 139 1647 10
163 1605 204 1661 a)
229 1617 361 1661 neque
390 1617 468 1661 per
489 1616 545 1658 se,
572 1602 613 1660 b)
638 1616 770 1660 neque
800 1616 878 1660 per
910 1602 1020 1646 alios
1042 1603 1118 1647 sibi
1157 1604 1389 1660 tidedignos
1420 1603 1742 1661 promovendam

107 1674 177 1732 (de
210 1688 292 1732 quo
325 1676 364 1717 in
395 1671 646 1731 can.)'satis
679 1674 845 1717 noverit
876 1673 954 1717 501)
988 1674 1065 1717 hoc
1101 1680 1315 1731 respectu:
1352 1680 1395 1717 at
1430 1675 1581 1717 testari
1611 1674 1744 1731 possit

106 1745 205 1803 (non
240 1748 350 1788 enim
386 1744 534 1789 leviter
567 1749 662 1788 sunt.
697 1745 995 1789 testimoniales
1029 1745 1279 1799 exarandae,
1302 1745 1454 1803 quibus
1488 1746 1590 1788 tides
1622 1748 1657 1787 vi
1693 1759 1744 1787 ss.

107 1828 313 1860 canonum
350 1819 387 1859 in
425 1830 466 1859 re
499 1818 599 1859 tanti
646 1818 844 1859 momenti
891 1816 1138 1873 praestanda
1174 1819 1249 1869 est)
1281 1830 1372 1858 eam
1416 1829 1565 1872 nempe
1598 1816 1646 1859 ad
1683 1830 1746 1858 or-

107 1887 227 1931 dines
264 1887 708 1944 «promovendum»,
744 1892 940 1944 tempore,
975 1887 1084 1944 quod
1121 1890 1158 1930 in
1209 1887 1252 1940 ἕο
1287 1900 1422 1944 praec.
1459 1892 1519 1930 est
1551 1888 1746 1930 determi—

108 1962 248 2002 natum
286 1959 469 2002 fortassis
507 1974 529 1999 «
553 1972 626 2014 pro
660 1957 854 2014 Episcopi
889 1958 1120 2001 ordinantis
1162 1958 1425 2014 prudentia»
1465 1972 1542 2015 qao
1588 1958 1628 1999 ia
1673 1971 1746 2000 suo

111 2028 329 2072 territorio
365 2029 491 2071 idest:
527 2030 633 2072 intra
668 2028 745 2072 hoc
776 2041 876 2072 suae
911 2028 1207 2071 iurisdictionis
1239 2034 1429 2071 moratus
1462 2034 1522 2070 est
1556 2028 1748 2085 qualiter-

108 2112 304 2158 cumque,
330 2099 491 2142 mltum
525 2099 776 2143 eanonicam
809 2099 1166 2157 impedimentmn,
1187 2113 1358 2155 nempe:
1396 2099 1745 2155 irregularitatem

111 2169 175 2213 vel
209 2169 402 2226 simplex,
422 2169 700 2220 contraxisse,
726 2169 777 2212 (le
801 2182 882 2225 quo
916 2171 953 2211 in
989 2168 1335 2212 testimonialibus
1358 2171 1541 2225 exigitur
1566 2170 1746 2211 testimo-

111 2242 239 2292 nium,
275 2240 325 2283 110
350 2246 424 2283 aut
456 2240 492 2283 st'
523 2238 831 2297 promovendus
863 2238 1037 2296 quilibet
1060 2238 1100 2295 a)
1128 2253 1205 2296 per
1239 2244 1298 2282 tot
1330 2238 1537 2282 dioeceses
1571 2244 1748 2296 mrqatas

109 2310 182 2365 sit,
202 2312 292 2354 sive
325 2308 482 2354 alicubi
513 2323 591 2353 non
630 2309 786 2354 habens
822 2309 1079 2353 domicilium
1108 2323 1182 2353 nec
1216 2309 1632 2367 quasi-domicilium,
1659 2322 1750 2365 pro-

111 2381 291 2439 indeque
327 2395 424 2425 vere
463 2397 485 2422 «
507 2393 677 2437 vagus»
716 2393 806 2424 ean.
844 2380 913 2435 91,
937 2382 1026 2423 sive
1062 2380 1159 2423 illud
1195 2393 1242 2423 ac
1278 2382 1500 2436 praecipue
1536 2380 1640 2422 istud
1666 2392 1751 2422 sae-

112 2453 203 2508 pius
236 2457 413 2505 mutans,
451 2451 492 2508 b)
528 2457 570 2495 at
604 2452 857 2495 disiunctive
893 2450 1150 2508 impossibile
1181 2453 1378 2508 consequi
1421 2450 1646 2506 prudenter
1692 2452 1749 2493 iu-

111 2522 335 2566 dicandum
369 2526 421 2566 sit
456 2522 517 2565 eet
551 2522 677 2565 nimis
710 2520 881 2578 difficile
913 2521 1082 2564 obtentu
1118 2521 1235 2576 (dum
1287 2521 1582 2577 praevideatur
1615 2526 1750 2563 tamen

111 2593 296 2637 obtineri·
324 2594 461 2650 posse)
495 2592 662 2647 evadat,
696 2598 735 2636 et
769 2592 980 2636 obiectum
1023 2592 1366 2649 impossibilitatis
1403 2592 1465 2635 vel
1500 2592 1754 2635 difficultatis

114 2667 242 2707 esset:
278 2677 419 2707 omnes
452 2664 622 2707 litteras
658 2662 964 2706 testimoniales
1001 2665 1035 2705 vi
1071 2665 1241 2706 canonis
1276 2663 1397 2707 liuius
1420 2676 1467 2706 ac
1504 2669 1652 2718 praec³.
1690 2676 1750 2705 re-

112 2734 285 2790 quisitas
317 2733 556 2791 eoeqecirere,
591 2738 711 2790 prout
746 2736 783 2775 in
822 2732 1108 2789 promovendo
1132 2737 1193 2776 est
1225 2732 1423 2790 obligatio
1446 2745 1516 2776 eas
1539 2732 1753 2784 afferendi,

116 2808 213 2847 tunc
243 2803 465 2860 provideat
503 2803 779 2857 Orclz‘narius,
814 2806 884 2860 qui
924 2802 1271 2847 testimonialibus
1304 2806 1362 2847 eis
1397 2803 1594 2858 indigeat,
1629 2808 1666 2846 et
1702 2803 1750 2845 ad

117 2873 195 2917 hoc
229 2873 460 2931 obligatur:
494 2874 645 2917 saltem
673 2887 751 2932 per
783 2874 1068 2916 {momentum
1101 2874 1154 2917 (le
1198 2874 1594 2931 impedimentorum
1630 2887 1751 2917 cano-
