1971 3261
203 159 248 188 40
601 152 683 185 Lus.
710 151 779 185 111.
807 171 818 175 —
846 150 955 184 PARS
980 150 1011 183 I.
1041 170 1053 175 -
1080 150 1136 185 De
1162 150 1427 184 &tommentis
1547 149 1640 184 Can.
1670 149 1826 185 749-750

202 275 423 329 permittat,
456 271 505 314 de
537 284 677 313 eormn
710 269 914 326 baptismo
948 274 1107 312 constet
1138 281 1186 312 ac
1220 273 1330 312 certe
1369 268 1519 322 valido,
1551 270 1585 312 si
1615 282 1714 326 ergo
1738 283 1822 313 mo-

200 343 294 386 ralis
337 341 538 385 certitudo
581 354 658 383 non
703 339 950 392 obtineatur,
995 337 1067 381 sub
1113 338 1351 382 conditione
1396 337 1672 395 baptizentur.
1717 339 1823 384 Huic

200 414 449 469 praescripto
482 413 650 467 antiquo
685 411 875 452 innititur
910 422 1016 465 resp.
1050 409 1088 452 S.
1123 408 1164 464 C,
1199 407 1240 453 C.
1268 409 1280 430 ¹
1315 409 1424 465 apud
1456 408 1603 453 Bened.
1630 408 1717 452 XIV
1745 409 1759 431 ²
1783 415 1823 453 et

197 483 331 526 adhuc
366 495 436 538 pro
473 483 587 536 praxi
623 480 733 523 utilis
754 497 761 524 :
801 496 823 520 «
846 478 1064 532 Quomodo
1089 493 1131 523 se
1155 492 1300 536 gerere
1323 478 1473 522 debeat
1497 479 1705 523 Parochus
1722 480 1820 524 San-

196 554 248 595 cti
282 552 455 607 Spiritus
498 553 534 593 in
577 549 698 593 Saxia
734 552 770 592 in
817 550 1034 593 collatione
1080 550 1340 606 Baptismatis
1384 549 1625 602 infantibus,
1657 553 1726 608 qui
1770 551 1820 594 ad

195 621 521 678 Archihospitale
555 621 816 675 deferuntur,
850 623 941 663 sive
966 621 1089 663 iidem
1124 620 1303 664 habeant
1334 620 1577 664 schedulam
1611 620 1662 664 de
1687 621 1820 677 Bapti-

193 706 280 736 smo
314 697 543 743 testantem,
577 693 666 734 sive
707 703 785 733 non
833 690 1022 745 habeant,
1057 696 1095 734 et
1135 693 1294 734 etiamsi
1339 704 1387 734 ex
1414 691 1568 745 colore,
1600 696 1639 734 et
1671 694 1822 735 ceteris

195 764 378 818 corporis
409 760 676 819 qualitatibus
707 760 1059 816 deprehendatur,
1092 774 1181 804 esse
1215 763 1460 805 constitutos
1495 764 1533 804 in
1558 766 1691 805 aetate
1734 775 1821 814 sex,

195 837 263 875 aut
296 832 437 875 decem
475 833 692 885 mensium,
720 830 782 873 vel
802 833 925 874 etiam
948 833 1067 874 unius
1084 834 1179 874 anni
1200 845 1293 874 cum
1318 832 1528 875 dimidio?
1552 848 1574 872 »
1612 859 1638 863 -
1664 832 1716 874 15
1738 831 1818 875 lan.

196 903 305 945 1724
342 915 581 958 responsum
617 902 719 944 fuit:
760 916 780 942 <c
804 914 893 944 esse
938 900 1201 957 baptizandos
1233 901 1310 945 snb
1342 902 1578 946 conditione
1614 905 1651 945 in
1687 905 1818 946 omni-

193 973 267 1016 bus
298 972 461 1017 casibus
493 974 689 1029 expositis
723 974 835 1015 iuxta
871 973 1205 1015 instructionem.
1232 971 1449 1015 instructio
1482 978 1555 1028 est,
1580 974 1688 1030 quod
1713 976 1821 1017 exci-

196 1046 328 1100 piatur
360 1056 381 1086 a
416 1043 622 1099 Baptismo
655 1042 732 1086 sub
754 1042 991 1086 conditione
1014 1055 1135 1086 casus
1158 1042 1396 1097 schedulae,
1430 1055 1536 1099 quae
1558 1043 1712 1087 habeat
1735 1057 1819 1087 cer-

194 1114 471 1157 titudinem».
509 1112 709 1157 Videlicet
757 1113 986 1157 secundum
1021 1111 1063 1157 C.
1098 1113 1137 1158 S.
1174 1110 1310 1157 Officii
1335 1112 1380 1155 ³:
1419 1129 1440 1153 ((
1462 1113 1503 1156 Si
1537 1116 1815 1157 testimonium

193 1184 262 1241 (de
309 1184 514 1240 Baptismo
561 1184 728 1241 collato)
771 1186 822 1227 sit
866 1184 917 1227 ab
952 1183 1116 1227 homine
1171 1186 1339 1237 incerto,
1386 1187 1423 1226 in
1460 1197 1503 1227 re
1536 1183 1639 1227 adeo
1684 1186 1818 1241 gravi,

193 1257 331 1311 ignoto
364 1256 595 1298 testimonio
628 1255 779 1298 deterri
815 1268 892 1297 non
930 1260 1073 1310 potest,
1108 1267 1237 1312 quare
1271 1259 1368 1298 tunc
1402 1254 1718 1311 rebaptizandus
1756 1259 1816 1298 est

194 1326 323 1368 infans
355 1325 430 1368 sub
463 1325 710 1377 conditione,
745 1327 905 1368 etiamsi
938 1324 1180 1369 schedulam
1214 1326 1265 1368 de
1298 1329 1490 1381 suscepto
1525 1324 1769 1382 baptismate
1791 1339 1812 1369 3

193 1395 296 1438 collo
318 1408 557 1452 suspensam
593 1397 708 1449 ferat,
745 1401 787 1439 ut
821 1409 892 1452 pro
925 1398 1122 1452 expositis
1156 1398 1284 1439 utitur
1308 1398 1346 1439 in
1372 1396 1471 1439 locis
1500 1395 1749 1453 quibusdam
1777 1412 1813 1439 >›.

311 1466 377 1508 34.
411 1467 618 1518 Quando
651 1467 868 1512 infantes
891 1467 1162 1512 infidelium
1186 1468 1283 1512 sint
1306 1468 1609 1523 baptizandi.
1633 1490 1656 1498 -
1681 1464 1818 1519 Quae-

191 1538 312 1581 situm
338 1536 413 1579 hoc
445 1539 554 1579 circa
589 1537 809 1580 liceitatem
845 1539 1086 1593 proponitur
1119 1536 1367 1593 generaliori
1404 1537 1526 1580 modo
1559 1549 1606 1580 ac
1639 1537 1816 1580 solvitur

192 1619 213 1650 3
246 1606 292 1651 D.
326 1606 396 1649 Th.
422 1607 449 1649 4.
485 1607 544 1650 Ac
579 1607 797 1664 respondet
830 1607 1084 1650 dicendum:
1125 1624 1146 1648 «
1170 1608 1279 1665 quod
1315 1609 1432 1663 pueri
1466 1607 1697 1651 infidelium
1741 1607 1813 1650 tilii

190 1682 260 1720 aut
292 1677 442 1720 habent
476 1691 593 1721 usum
626 1679 811 1729 rationis,
856 1682 926 1721 aut
969 1690 1048 1720 non
1091 1677 1253 1721 habent.
1288 1678 1327 1721 Si
1361 1683 1500 1721 autem
1533 1677 1698 1731 habent,
1733 1680 1813 1721 iam

192 1751 388 1804 quantum
423 1747 472 1791 ad
507 1760 553 1791 ea
576 1760 682 1805 quae
715 1752 810 1791 sunt
848 1750 948 1791 iuris
985 1748 1115 1791 divini
1144 1747 1206 1791 vel
1233 1749 1445 1803 naturalis,
1479 1750 1680 1804 incipiunt
1713 1760 1812 1791 suae

192 1820 399 1873 potestatis
431 1831 545 1872 esse3
580 1823 619 1861 et
653 1819 743 1861 ideo
780 1820 944 1875 propria
992 1818 1222 1872 voluntate,
1266 1821 1406 1862 invitis
1441 1818 1694 1875 parentibus,
1730 1832 1816 1875 pos-

190 1892 284 1931 sunt
317 1888 563 1945 baptismum
596 1891 821 1946 suscipere,
854 1892 959 1933 sicut
992 1894 1032 1933 et
1066 1892 1375 1933 matrimonium
1411 1889 1698 1933 contrahere...
1725 1915 1750 1921 -
1773 1890 1813 1933 Si

194 1972 290 2001 vero
324 1959 505 2002 nondum
539 1959 691 2003 habent
725 1973 842 2003 usum
878 1960 995 2004 liberi
1029 1959 1189 2003 arbitrii
1225 1959 1394 2017 (nempe
1430 1961 1605 2004 infantes
1636 1960 1687 2003 ad
1719 1973 1811 2003 nor-

194 2042 300 2072 mam
333 2042 422 2074 can.
456 2030 555 2083 745,
587 2033 612 2084 ἓ
645 2030 682 2085 ⁶2,
721 2030 796 2087 10),
829 2031 1058 2075 secundum
1093 2033 1156 2074 ius
1188 2031 1375 2074 naturale
1408 2036 1503 2074 sunt
1524 2031 1602 2075 sub
1624 2043 1722 2074 cura
1748 2044 1814 2087 pa-

193 2104 352 2143 rentum
387 2100 652 2157 ideoque»...
685 2101 949 2156 (ordinantur
983 2103 1020 2144 iu
1057 2100 1185 2144 Deum
1221 2114 1292 2157 per
1332 2103 1531 2144 rationem
1578 2106 1810 2157 parentum,

189 2175 227 2213 et
259 2170 486 2214 secundum
520 2170 667 2214 horum
702 2172 1015 2228 dispositionem
1049 2177 1143 2215 sunt
1175 2174 1283 2215 circa
1319 2174 1428 2228 ipsos
1460 2172 1603 2215 divina
1635 2171 1812 2228 agenda,

190 2254 310 2297 quem
345 2241 531 2284 ordinem
558 2243 656 2284 iuris
677 2247 848 2286 naturae
867 2256 988 2285 nemo
1006 2241 1129 2286 debet
1149 2242 1401 2298 irrumpere)
1426 2244 1439 2264 5
1474 2241 1526 2286 ob
1550 2247 1809 2298 praetextum

192 2313 290 2353 iuris
322 2311 452 2353 divini
486 2312 594 2368 quod
630 2311 881 2367 baptismum
914 2312 1088 2369 singulis
1122 2314 1306 2369 imponit,
1346 2317 1384 2356 et
1423 2315 1461 2355 in
1501 2324 1599 2356 casu
1623 2317 1813 2368 parentes

190 2385 320 2436 urget.
360 2380 453 2424 «Et
486 2381 577 2425 ideo
609 2383 845 2426 concludit:
881 2388 1022 2427 contra
1057 2385 1252 2426 iustitiam
1289 2383 1516 2426 naturalem
1551 2388 1671 2437 esset,
1693 2385 1725 2426 si
1753 2388 1809 2425 ta-

190 2450 247 2493 les
280 2453 393 2506 pueri
429 2453 568 2495 invitis
601 2452 839 2508 parentibus
874 2453 1269 2510 baptizarentur»...
1304 2453 1439 2496 Aliam
1483 2453 1553 2496 dat
1577 2455 1808 2496 rationem:

195 2536 213 2560 ε(
238 2520 353 2564 Esset
385 2523 506 2564 etiam
544 2522 819 2578 periculosum
856 2523 991 2567 taliter
1015 2523 1119 2567 tilios
1142 2523 1369 2567 infidelium
1395 2523 1616 2578 baptizare,
1642 2525 1737 2580 quia
1756 2523 1806 2566 de

188 2590 296 2634 facili
330 2591 381 2634 ad
416 2592 699 2636 infidelitatem
736 2593 916 2637 redirent
951 2598 1116 2650 propter
1150 2594 1377 2637 naturalem
1414 2594 1609 2638 affectum
1642 2595 1692 2637 ad
1738 2606 1808 2650 pa-

190 2666 335 2705 rentes.
371 2661 419 2705 Et
453 2662 545 2705 ideo
580 2663 675 2719 (hoc
708 2668 795 2707 est:
829 2663 880 2708 ob
904 2664 977 2708 has
997 2667 1174 2708 rationes
1198 2663 1461 2721 iustificetur)
1485 2677 1564 2707 nou
1584 2663 1706 2708 habet
1732 2663 1808 2707 hoc

306 2791 316 2811 1
346 2790 388 2824 18
414 2790 503 2824 Dec.
532 2791 632 2826 1723.
662 2813 691 2817 -
729 2793 742 2814 '2
769 2792 870 2826 Inst.
899 2792 1002 2837 VIII,
1031 2804 1070 2828 n.
1099 2793 1205 2827 VIII.
1235 2813 1276 2817 —
1303 2793 1317 2814 ³
1344 2794 1365 2826 5
1392 2792 1473 2826 Ian.
1505 2793 1608 2827 1724.
1639 2791 1804 2826 Collect.

187 2836 234 2917 ἐξ
255 2837 387 2917 ΙΞτορ.
428 2837 528 2880 Fid„
558 2850 595 2872 n.
625 2839 705 2873 645.
751 2860 794 2864 —
832 2840 845 2861 4
871 2840 914 2874 3³
940 2840 1000 2881 P.,
1030 2852 1065 2885 q.
1095 2839 1277 2882 LXVIII,
1306 2851 1339 2873 a.
1371 2839 1426 2873 10.
1468 2860 1509 2864 —
1549 2840 1563 2861 5
1589 2838 1645 2880 lb,
1678 2838 1725 2872 ad
1758 2838 1806 2872 3¹¹·
