1971 3261
128 212 222 248 Can.
251 212 343 247 loo-2
700 212 784 246 'rm
815 211 881 245 VI.
912 232 923 237 -
951 212 1006 246 De
1037 211 1181 246 Ordine
1692 210 1757 244 471

129 329 316 374 Canones
347 329 428 372 duo
464 331 696 372 ministrum
731 329 887 371 directe
923 331 1162 384 respiciunt,
1196 328 1264 371 alii
1300 328 1381 371 duo
1414 328 1672 379 subiectum3
1708 333 1761 370 at-

129 413 210 456 que
243 412 332 444 can.
372 399 480 442 1002
514 399 565 442 de
608 399 800 442 omnibus
836 398 981 441 ritibus
1014 412 1061 442 ac
1100 401 1374 442 caeremoniis
1419 399 1669 453 generaliter
1708 398 1765 439 di-

128 471 278 526 sponit,
312 470 410 512 dum
445 482 623 526 sequens
662 469 769 512 1003
804 469 854 511 dc
891 471 1012 513 missa
1037 469 1311 512 ordinationis
1337 468 1399 511 vet
1426 470 1762 511 consecrationis.

129 552 220 584 can.
258 540 367 583 1004
404 540 454 583 de
486 539 730 605 supplendis
754 541 790 581 in
821 552 916 582 caso
941 539 1190 596 quibusdam
1216 538 1446 593 ordinibus,
1471 543 1508 581 et
1534 552 1623 581 can.
1652 539 1764 579 1005

131 610 182 654 de
228 623 345 654 sacra
389 612 680 654 communione
724 609 775 653 ab
815 610 1015 652 ordinatis
1058 613 1095 652 in
1140 612 1270 653 sacris
1315 612 1482 652 omnino
1528 609 1764 664 recipienda

133 686 269 725 cavet.

251 751 348 794 382.
388 754 460 797 De
493 754 670 797 rituum
703 755 938 797 accurata
972 754 1309 798 observantia.
1343 777 1394 781 —
1430 750 1553 795 Cone.
1578 750 1690 794 Trid.
1726 751 1765 792 in

131 835 229 865 sess.
253 820 339 864 Xlll
360 822 411 864 de
434 823 703 864 sacramento
722 821 879 864 ordinis
904 821 1013 865 bunc
1037 822 1165 865 edixit
1192 822 1475 878 dogmaticum
1497 834 1698 864 canonem
1724 819 1765 862 V.

137 908 157 934 ((
180 892 220 936 Si
254 895 347 950 quis
381 893 547 945 dixerit,
582 904 744 936 sacram
780 895 1033 946 unctionem,
1067 906 1146 950 qua
1182 892 1365 936 Ecclesia
1401 895 1438 935 in
1483 898 1622 935 sancta
1657 892 1765 935 ordi—

132 966 298 1007 natione
332 966 473 1017 utitur,
508 977 585 1006 non
622 967 780 1006 tantum
817 976 895 1006 non
931 966 1100 1021 requiri,
1125 964 1194 1007 sed
1231 963 1593 1017 contemnendam,
1618 970 1654 1006 et
1682 976 1770 1019 per-

133 1035 333 1077 niciosam
368 1046 475 1077 esse:
500 1033 692 1076 similiter
715 1037 753 1076 et
772 1033 875 1076 alias
897 1034 1056 1076 ordinis
1078 1036 1386 1077 caeremonias:
1411 1033 1628 1077 anathema
1665 1035 1767 1077 sit».

133 1101 302 1160 Optime
335 1106 460 1160 igitur
493 1104 544 1147 de
585 1106 862 1147 caeremoniis
900 1117 1067 1161 quoque
1101 1108 1161 1147 est
1198 1104 1491 1160 intelligendus
1528 1106 1661 1159 primo
1700 1116 1770 1160 ap-

135 1177 291 1231 positus
327 1174 451 1218 veluti
488 1174 811 1217 fundamentalis
845 1188 936 1217 caii.
972 1177 1103 1218 1009.
1142 1173 1187 1217 ln
1229 1175 1373 1232 quovis
1417 1174 1669 1232 conserendo
1703 1188 1768 1218 or·

133 1244 232 1289 dinc
263 1246 340 1289 sub
375 1248 653 1302 inscriptionis
699 1245 889 1302 ampliori
924 1259 1062 1296 sensu,
1096 1246 1290 1289 minister
1334 1247 1534 1304 proprios
1568 1247 1677 1289 ritus
1710 1246 1771 1289 di‘

140 1330 352 1360 versarum
387 1316 695 1360 ordinationum
730 1317 774 1359 in.
810 1315 1049 1374 Pontificalz'
1082 1316 1286 1371 Romano,
1309 1317 1417 1375 quod
1444 1332 1516 1374 pro
1543 1317 1667 1360 latino
1693 1319 1771 1360 ritu

139 1390 250 1444 viget
285 1387 452 1444 ubique,
486 1387 637 1430 aliisve
668 1386 900 1430 ritualibus
933 1387 1054 1430 libris
1089 1388 1179 1431 illos
1212 1388 1522 1431 continentibus
1566 1389 1614 1431 ad
1654 1401 1771 1431 usum

137 1457 418 1502 Ecclesiarum
455 1460 556 1500 ritus
589 1458 744 1501 diversi
780 1470 800 1500 a
838 1457 1039 1512 Romano,
1086 1458 1162 1502 sub
1197 1458 1463 1502 conditione:
1499 1457 1548 1500 ab
1582 1457 1773 1501 Ecclesia

135 1528 280 1572 saltem
317 1530 438 1572 tacite
471 1528 523 1572 ob
559 1529 787 1585 longiorem
823 1542 942 1572 usum
974 1529 1166 1587 probatis
1216 1528 1464 1587 descriptos,
1515 1529 1773 1572 (ulammsim

121 1602 176 1657 ¹in
211 1599 418 1653 omnibus,
451 1602 722 1657 quantumvis
759 1600 978 1643 videantur
1023 1603 1209 1655 minima,
1253 1605 1389 1643 serre!
1423 1614 1524 1658 quos
1559 1600 1677 1643 ›mlla
1712 1614 1778 1643 ra-

139 1670 252 1713 tione
287 1683 322 1711 v.
357 1684 419 1726 gr.
455 1670 733 1713 multitudinis
776 1671 1120 1726 ordinandorum,
1156 1671 1430 1714 ordinationis
1464 1674 1588 1715 nimis
1622 1676 1778 1728 protra-

136 1746 240 1789 ctae,
274 1741 580 1797 defatigationis
615 1744 789 1784 ministri
825 1741 922 1784 lieet
943 1742 1184 1800 praeterire
1216 1745 1441 1786 omissione
1466 1742 1527 1785 vel
1570 1743 1778 1786 {merlere

138 1812 274 1870 quoad
307 1825 451 1855 eorum
485 1815 771 1855 successivum
806 1813 1011 1858 ordinem.
1048 1813 1205 1870 Regula
1242 1812 1342 1857 baec
1378 1814 1453 1857 fuit
1486 1814 1703 1870 desumpta
1740 1819 1777 1857 et

139 1883 336 1939 ampliata
370 1896 419 1926 ex
455 1896 544 1940 cap.
580 1897 648 1928 un.
684 1883 735 1927 de
773 1900 796 1925 α
819 1897 936 1928 sacra
974 1887 1229 1939 unctione»,
1266 1887 1305 1927 in
1341 1886 1421 1927 tine
1456 1885 1500 1941 (i,
1536 1885 1624 1940 im:
1653 1884 1779 1928 «Mo-

142 1966 288 1997 nemus
322 1956 460 2010 igitur,
496 1959 538 1997 ut
572 1954 685 1997 illum
721 1957 758 1997 in
804 1955 1048 1998 ordinandis
1085 1955 1358 2012 Presbyteris,
1402 1960 1440 1998 et
1485 1955 1780 1999 consacrandis

140 2024 355 2081 Episcopis
390 2038 546 2068 morem
582 2038 741 2078 serves,
765 2030 805 2069 et
830 2027 956 2069 facias
979 2025 1212 2074 observari,
1237 2039 1360 2083 quem
1392 2026 1628 2082 Apostolica
1653 2026 1781 2071 Sedes

142 2095 339 2139 observat
361 2110 400 2145 ›>‚
436 2100 475 2138 et
508 2108 617 2138 nunc
650 2098 887 2139 continetur
922 2099 959 2139 in
998 2096 1225 2140 l'ontificali
1265 2096 1462 2140 Romano.

261 2186 328 2222 383
360 2191 417 2224 De
453 2190 708 2231 supplendis
739 2191 995 2230 defectibus,
1025 2190 1082 2236 qni
1111 2191 1146 2224 in
1187 2190 1410 2226 conferendis
1446 2191 1581 2226 ordinis
1615 2190 1782 2236 gradibus

146 2247 287 2283 fuerunt
301 2247 491 2288 commissi,
509 2253 592 2282 sunt
612 2248 646 2282 in
670 2248 907 2284 Decretatibus
921 2249 1064 2295 quidam
1085 2260 1237 2284 canones
1256 2249 1388 2285 utiliter
1407 2250 1624 2285 memorandi
1646 2254 1784 2296 propter

147 2307 318 2352 quaedam
348 2307 432 2341 iuris
460 2307 631 2353 principia
651 2307 685 2342 in
705 2307 754 2343 eis
780 2312 956 2343 contenta.
989 2308 1026 2343 Et
1044 2308 1184 2354 quidem
1204 2308 1237 2343 in
1258 2310 1361 2354 cap.is
1381 2320 1441 2344 un.
1463 2309 1564 2344 initio
1595 2323 1609 2341 <r
1625 2309 1667 2344 de
1686 2320 1782 2344 sacra

150 2365 348 2400 unctione»
387 2366 425 2410 (l,
461 2364 514 2409 15)
551 2366 635 2402 haec
667 2366 864 2402 habentur:
904 2382 917 2399 α
940 2366 1027 2402 Cum
1056 2368 1206 2403 venisset
1232 2368 1275 2403 ad
1303 2368 1462 2414 Aplcam.
1496 2368 1620 2404 Sedem
1642 2368 1787 2404 Bravba·

148 2424 261 2460 rensis
288 2424 500 2471 Episcopus:
530 2425 588 2471 qui
617 2426 652 2460 in
687 2426 948 2462 consecratione
983 2438 1045 2462 sua
1079 2438 1214 2462 sacram
1250 2435 1320 2462 non
1355 2433 1534 2474 acceperat
1570 2429 1784 2470 unctionem,

146 2483 313 2529 quoniam
328 2484 421 2530 apud
439 2496 496 2520 vos
525 2496 592 2520 non
620 2491 876 2520 consueverunt
897 2486 1091 2531 pontifices,
1113 2497 1191 2521 cum
1212 2491 1475 2529 consecrantur,
1503 2487 1638 2532 iniungi
1662 2502 1694 2521 n.
1716 2486 1783 2530 Qui

150 2553 237 2583 mos,
266 2543 360 2578 iuxta
385 2554 424 2578 ea
451 2555 539 2590 quae
565 2549 773 2590 sequuntur,
805 2556 874 2580 non
901 2545 1100 2580 admittitur
1126 2545 1169 2580 ab
1191 2545 1393 2581 innocentio
1420 2545 1472 2580 lll.
1505 2559 1519 2578 «
1542 2546 1608 2581 Nos
1628 2546 1719 2592 quod
1736 2546 1784 2580 illi

148 2601 317 2637 defuerat.
349 2602 595 2638 mandavimus
622 2603 657 2637 in
686 2603 762 2649 ipso
788 2604 961 2649 suppleri:
991 2604 1157 2639 facientes
1183 2609 1287 2650 caput
1313 2604 1388 2640 eius
1414 2609 1444 2640 et
1475 2616 1599 2640 manus
1637 2617 1695 2651 per
1730 2605 1786 2640 Al-

150 2659 231 2695 ban.
262 2660 482 2706 Episcopum,
507 2661 755 2697 assistentibus
781 2663 809 2697 ei
838 2663 974 2698 duobus
1003 2662 1193 2709 Episcopis.
1223 2663 1416 2698 secundum
1456 2674 1586 2699 morem
1628 2665 1789 2700 Ecclesia-

150 2719 289 2760 sticum,
316 2719 418 2763 (sicut
444 2720 578 2756 dictum
605 2725 656 2756 est
682 2724 813 2767 snpra),
841 2732 938 2756 sacro
961 2721 1149 2757 chrismate
1175 2721 1316 2757 deliniri
1339 2737 1370 2759 ›‚.

247 2777 284 2812 ln
312 2778 362 2812 tit.
389 2789 459 2824 seq.
488 2778 526 2823 (l.
557 2778 611 2821 15)
643 2779 720 2815 «de
746 2781 976 2815 sacramentis
1004 2791 1072 2815 non
1094 2780 1299 2816 iterandis»
1329 2781 1388 2816 alii
1416 2782 1614 2817 huiusmodi
1635 2782 1789 2817 defectus

151 2836 336 2882 supplendi
365 2842 581 2873 asseruntur.
609 2837 646 2873 Et
674 2838 709 2872 in
737 2850 764 2873 c.
797 2838 824 2873 l.
856 2839 935 2873 lnn.
966 2838 1003 2873 ΙΙΙ
1030 2839 1099 2874 ait:
1134 2853 1148 2871 (ι
1170 2838 1372 2875 pastoralis:
1403 2840 1598 2886 Praeterea]
1620 2852 1681 2875 nos
1708 2852 1788 2876 con-

151 2896 264 2931 sulere
291 2896 440 2937 voluisti,
466 2907 511 2931 an
541 2897 692 2943 permitti
720 2898 842 2933 debeat
873 2898 1157 2944 ministrare,qui
1178 2898 1254 2934 siue
1284 2899 1508 2945 impositione
1528 2911 1696 2935 manuum
1719 2901 1789 2935 fuc-

153 2954 198 2989 rit
223 2955 266 2990 ad
294 2955 452 2990 ordinem
480 2954 760 2991 Subdiaconatus
785 2962 1040 3003 assumptus».
1070 2956 1195 2992 Glossa
1223 2957 1311 2993 bene
1337 2959 1403 2993 ait:
1436 2972 1450 2990 «
1473 2959 1523 2993 Ad
1552 2959 1614 2993 boc
1644 2969 1712 2993 non
1743 2958 1791 2992 vi-
