1971 3261
203 132 274 166 432
601 132 686 166 Lm.
715 132 788 166 ΠΙ.
818 152 830 157 -
858 132 968 167 PARS
997 132 1028 167 Ι.
1057 153 1069 158 -
1095 132 1154 168 De
1178 133 1444 169 Sam-amentis
1648 134 1738 170 can.
1765 135 1837 169 ess
1895 120 1897 122 ’

204 253 328 294 etiam
363 250 628 306 culpabiliter
660 252 870 307 propriam
924 250 1237 298 abscissionem.
1276 267 1296 292 c(
1319 264 1398 309 qua
1439 252 1659 309 discrepat,
1691 258 1751 296 est
1783 267 1834 297 ex

202 334 276 364 sua
311 324 437 377 ipsius
470 323 671 364 sententia
705 321 963 364 aestimanda
991 337 1011 362 ))
1041 321 1150 378 (can.
1175 324 1212 376 6,
1239 321 1315 379 30),
1342 323 1534 380 idemque
1565 323 1834 367 asserendum

203 392 255 434 (le
273 394 459 446 sequenti
485 396 600 447 parte
621 404 789 447 prorsus
806 404 914 434 nova
935 408 943 440 ;
963 391 1034 434 sed
1055 394 1204 435 nostris
1222 392 1480 448 temporibus
1501 393 1619 436 valde
1640 396 1833 450 practica:

206 462 246 518 b)
282 461 343 504 rel
375 461 465 509 sibi,
513 475 590 504 non
637 464 716 505 iam
751 464 783 505 si
827 461 961 514 alteri,
1004 475 1086 520 quo
1134 475 1229 506 casu
1275 476 1350 506 nec
1394 464 1709 520 praecedentem
1756 464 1833 508 sub

202 532 262 575 n.⁰
297 532 340 575 4⁰
375 533 723 588 irregularitatem
774 532 1039 587 contrahunt,
1087 534 1215 576 vitam
1265 535 1433 577 forsitan
1486 547 1614 591 parvo
1646 540 1833 591 tempore

202 604 444 647 duraturam
480 617 530 647 ex
577 606 742 660 proprio
795 603 858 646 vel
908 603 1042 647 alieno
1090 605 1258 655 iudicio,
1307 604 1505 651 adimere.
1551 619 1628 648 non
1675 611 1831 649 tantum

200 674 391 718 eamdem
425 673 673 717 abbreviare
707 674 897 717 eidemve
937 687 1087 717 nocere
1110 675 1241 727 aliter,
1268 681 1532 718 tentaverunt
1555 676 1830 727 solummodo,

200 758 274 788 seu
310 745 457 788 eil'ectu
493 758 572 788 non
605 749 796 802 sequuto,
830 744 932 788 alias
969 745 1140 788 ridenda
1175 750 1282 789 esset
1315 745 1415 789 haec
1449 749 1733 803 praescriptio.

321 816 417 859 330.
454 818 525 861 Ex
559 818 741 862 delicto
766 818 1014 862 homicidii
1038 818 1265 862 casualis.
1287 842 1339 847 —
1359 816 1640 860 Honiicidium
1666 817 1832 861 casuale

203 892 332 943 potest
366 899 489 943 saepe
523 875 716 930 accidere
750 889 788 929 in
824 886 1063 943 chirurgiae
1106 889 1317 930 exercitio.
1362 886 1462 931 Cum
1512 901 1608 931 vero
1647 888 1724 932 hoc
1759 902 1832 944 per

199 971 252 1001 ss.
287 970 466 1001 canones
501 958 643 1000 fuisset
679 956 948 1013 prohibitum,
983 963 1067 1000 tum
1104 957 1365 1014 regularibus
1398 960 1466 1015 qui
1501 958 1699 1002 solemnia
1737 964 1830 1002 vota

199 1031 440 1074 emiserunt.
476 1033 562 1071 tum
597 1028 761 1071 clericis
797 1030 834 1071 in
869 1030 1012 1083 sacris,
1054 1028 1227 1072 dubium
1274 1033 1451 1072 mentem
1498 1029 1686 1085 pulsabat
1718 1031 1830 1073 circa

200 1099 550 1156 irregularitatem
587 1099 680 1142 inde
714 1103 1004 1155 sequuturam.

318 1204 368 1240 Ad
396 1204 499 1239 huius
525 1204 735 1239 solutionem
763 1203 994 1239 ordinabatur
1021 1215 1096 1250 cap.
1130 1203 1181 1240 19.
1212 1204 1246 1239 h.
1276 1209 1301 1239 t.
1331 1204 1367 1239 in
1394 1215 1462 1250 quo
1480 1204 1656 1251 sapienter
1681 1204 1758 1240 lnn.
1788 1203 1830 1239 ΙΙΙ

198 1263 250 1298 sic
276 1263 525 1308 distinguendo
552 1263 752 1309 respondit:
784 1277 798 1295 «
820 1263 911 1308 quod
939 1262 1017 1298 licet
1044 1263 1116 1309 ipse
1143 1263 1333 1298 Monachus
1360 1264 1509 1299 multum
1529 1263 1727 1310 deliquerit,
1746 1264 1830 1300 alie-

198 1334 285 1357 num
312 1322 463 1357 officium
490 1322 715 1366 (chirurgiael
745 1322 962 1368 usurpando,
992 1322 1085 1368 quod
1113 1322 1178 1357 sibi
1207 1322 1354 1358 minime
1390 1322 1628 1368 congruebat3
1658 1322 1685 1357 si
1713 1327 1830 1358 tamen

198 1383 266 1426 (10)
294 1392 399 1417 causa
427 1381 577 1427 pietatis,
605 1386 637 1417 et
665 1392 733 1416 non
763 1381 965 1427 cupiditatis
991 1381 1023 1416 id
1052 1383 1170 1426 egerit,
1196 1386 1229 1417 et
1256 1381 1323 1426 (⁹20l
1354 1382 1484 1428 peritus
1502 1387 1575 1417 erat
1602 1382 1638 1416 in
1669 1382 1831 1417 exercitio

197 1441 408 1486 chirurgiae,
437 1451 647 1485 omnemque
676 1440 742 1486 (30)
769 1440 916 1481 studuit,
945 1451 1051 1486 quam
1079 1441 1213 1482 debuit.
1242 1441 1461 1486 diligentiam
1490 1441 1669 1485 adhibere,
1690 1452 1759 1476 non
1779 1447 1831 1477 est

197 1510 238 1534 ex
263 1510 314 1539 eo,
344 1499 435 1545 quod
466 1510 523 1544 per
549 1499 688 1544 culpam
716 1499 872 1534 mulieris
887 1504 1008 1534 contra
1027 1499 1215 1534 consilium
1235 1499 1310 1535 eius
1324 1499 1457 1535 accedit
1476 1499 1639 1543 (scilicet:
1659 1499 1827 1535 mulier...

198 1563 300 1593 vento
327 1568 363 1593 se
389 1558 546 1603 exposuit
574 1558 725 1597 incaute,
754 1562 786 1592 et
812 1557 862 1592 sic
888 1568 947 1604 per
972 1558 1191 1604 apertionem
1211 1558 1374 1603 gutturis
1393 1558 1492 1593 cuius
1510 1563 1626 1593 tumor
1643 1569 1721 1594 cum
1743 1558 1831 1594 ferro

195 1621 338 1662 apertus
366 1617 490 1660 fuerat,
519 1617 663 1661 sanguis
690 1617 821 1652 multus
847 1616 990 1657 effluxit,
1019 1621 1051 1652 et
1079 1617 1206 1652 mulier
1231 1617 1323 1652 diem
1352 1617 1515 1652 ultimum
1542 1618 1592 1652 sic
1611 1617 1738 1661 finivit)
1759 1628 1828 1653 non

196 1681 246 1711 est
273 1676 358 1711 adeo
384 1675 636 1721 reprobandus,
662 1675 753 1721 quod
780 1686 850 1711 non
880 1680 953 1721 post
980 1675 1256 1711 satisfactionem
1285 1676 1497 1721 condignam
1524 1687 1603 1711 cum
1629 1687 1668 1711 eo
1694 1676 1828 1711 miseri-

196 1735 346 1770 corditer
370 1735 425 1779 agi
455 1735 572 1780 possit,
600 1739 635 1769 ut
661 1734 782 1770 divina
808 1734 918 1770 valeat
945 1734 1140 1770 celebrare:
1180 1735 1340 1781 alioquin
1376 1735 1618 1771 interdicenda
1643 1739 1694 1770 est
1719 1735 1748 1770 ei
1776 1745 1829 1770 sa—

195 1793 380 1829 cerdotalis
406 1794 539 1828 ordinis
564 1793 747 1839 exequutio
773 1793 815 1828 de
840 1794 952 1838 rigore
973 1808 1003 1829 ».
1030 1793 1344 1829 Animadvertatur
1370 1794 1608 1840 responsionis
1634 1793 1827 1829 distinctio-

197 1863 277 1887 nem
305 1851 474 1897 respicere
501 1857 639 1886 tantum
666 1852 978 1898 dispensationem,
999 1856 1035 1887 ut
1054 1852 1175 1887 divina
1193 1852 1368 1888 celebrare
1388 1853 1499 1888 valeat
1516 1863 1556 1888 ex
1576 1852 1825 1894 misericordia,

195 1911 223 1944 si
251 1921 373 1946 omnes
399 1910 617 1945 conditiones
646 1910 839 1956 praedictae
867 1910 1063 1946 verificatae
1099 1910 1247 1952 fuerint3
1274 1911 1321 1946 ita
1348 1916 1385 1946 ut
1415 1911 1442 1945 si
1470 1911 1640 1956 quaedam
1679 1911 1825 1952 deesset,

196 1969 452 2004 interdictionis
478 1969 571 2014 rigor
597 1970 824 2005 sustineatur.
856 1989 898 1994 —
924 1968 1018 2003 lnn.i
1046 1969 1088 2004 lll
1114 1974 1230 2005 autem
1271 1969 1451 2016 responsio
1489 1970 1601 2015 quoad
1629 1969 1826 2014 irregulari-

196 2032 315 2069 tatem.
343 2038 382 2063 ac
409 2028 603 2063 secundum
633 2027 714 2068 UD„
742 2032 814 2063 est:
848 2028 938 2073 quod
967 2028 1159 2063 monachus
1187 2028 1295 2063 idest:
1325 2027 1527 2063 solemniter
1563 2028 1736 2073 professus
1766 2031 1827 2062 aut

194 2086 341 2122 clericus
368 2087 402 2121 in
431 2087 538 2122 sacris
564 2087 778 2132 chirurgiam
804 2098 970 2123 exercens
997 2087 1185 2123 incidendo
1211 2087 1263 2123 vel
1289 2087 1482 2127 adurendo,
1513 2086 1540 2121 si
1568 2097 1661 2122 mors
1679 2086 1761 2122 inde
1774 2097 1825 2122 se-

195 2151 324 2191 quatur
350 2151 484 2192 praeter
511 2146 756 2187 intentionem,
785 2146 882 2182 fieret
905 2146 1124 2191 irregularis3
1154 2146 1289 2181 etiamsi
1323 2160 1336 2178 (ι
1360 2146 1489 2192 peritus
1519 2150 1593 2181 erat
1612 2145 1648 2180 in
1666 2145 1827 2181 exercitio

194 2205 405 2250 chirurgiae,
434 2215 645 2250 omnemque
671 2205 818 2249 studuit,
847 2216 953 2251 quam
979 2205 1111 2244 debuit.
1138 2204 1357 2249 diligentiam
1383 2204 1596 2240 adhibere».

312 2299 414 2344 Cum
453 2314 550 2343 vero
584 2313 707 2344 causa
741 2302 997 2344 necessitatis
1030 2305 1201 2344 excuset
1235 2312 1256 2343 a
1292 2300 1395 2356 lege,
1430 2302 1462 2343 si
1499 2304 1824 2356 propter-neces-

195 2373 358 2414 sitatem
384 2372 551 2425 intirmi,
586 2371 790 2427 regularis
827 2371 885 2414 vel
921 2371 1098 2414 clericus
1131 2372 1306 2427 praefati
1356 2370 1610 2426 chirurgiam
1648 2372 1825 2413 servatis

194 2441 501 2486 conditionibus
521 2443 743 2498 praedictis
767 2443 1047 2494 exercuerint,
1071 2446 1192 2484 erunt
1209 2441 1260 2485 ab
1279 2441 1585 2497 irregularitate
1606 2444 1824 2493 immunes,

194 2514 292 2570 quia
326 2517 423 2555 tunc
466 2512 581 2555 abest
623 2512 919 2570 quodcumque
963 2512 1159 2555 delictum
1194 2517 1233 2555 et
1265 2514 1388 2555 etiam
1429 2511 1549 2568 culpa
1583 2511 1718 2555 civilis
1750 2524 1823 2554 seu

195 2584 392 2634 iuridica;
417 2595 465 2626 ac
489 2585 744 2626 necessitatis
768 2585 881 2626 casui
905 2582 1263 2640 aequiparandum
1299 2583 1374 2625 fuit
1403 2581 1589 2626 habitum
1614 2581 1818 2625 indultum

194 2653 483 2710 apostolicum,
516 2656 547 2696 si
582 2653 833 2711 quandoque
867 2655 1138 2696 missionariis
1172 2652 1436 2697 tribueretur.

314 2723 428 2767 Hanc
461 2737 633 2767 servans
678 2724 1029 2780 irregularitatem
1068 2737 1164 2767 cum
1203 2724 1562 2774 determinatione,
1607 2725 1822 2779 ipsamque

193 2795 243 2838 ad
278 2794 380 2838 alios
413 2795 655 2847 extendens,
688 2797 829 2838 statuit
862 2807 993 2838 canon
1027 2793 1104 2837 sub
1136 2793 1196 2837 ruo
1230 2795 1294 2836 6⁰.
1333 2809 1353 2834 ((
1376 2795 1478 2838 Sunt
1497 2792 1748 2850 irregulares
1769 2806 1819 2835 ex

194 2865 390 2908 delicto»
429 2864 642 2907 homicidii
676 2864 876 2909 casualis:
924 2863 1080 2907 Clerici
1121 2863 1302 2907 scilicet:
1352 2879 1372 2905 c<
1397 2863 1475 2918 Qui
1515 2863 1668 2907 divinis
1701 2864 1819 2905 mini·
