1971 3261
163 124 256 160 Cau.
288 121 442 157 771-772
730 119 814 154 Tl'r.
840 118 869 152 I.
903 139 910 143 -
939 117 996 152 De
1023 119 1230 162 Baptismo
1758 115 1804 148 65

171 241 381 301 parentes)
428 240 533 284 latus
575 243 635 282 est
680 252 771 280 can.
808 238 914 280 770.
954 234 1144 294 Infantes
1188 234 1499 293 quamprimum
1539 233 1806 291 baptizentur

166 319 311 358 contra
345 312 537 369 baptismi
574 308 989 367 procrastinationem
1027 306 1151 364 (quae
1175 308 1207 349 si
1233 305 1394 362 longior
1417 309 1524 348 esset
1551 304 1613 348 vel
1643 303 1695 348 ob
1721 316 1804 347 ma-

169 397 293 442 gnam
330 382 627 440 negligentiam
652 382 855 430 eveniret,
880 379 1024 435 gravis
1046 377 1169 433 esset)
1193 378 1436 432 praesertim
1463 375 1526 419 his
1550 374 1808 432 temporibus

171 454 518 505 indifferentismi,
552 463 630 494 uon
665 449 853 494 obstante
887 451 1191 504 cuiuscumque
1226 446 1398 503 periculi
1439 445 1639 489 absentia.
1675 444 1808 488 Huius

169 525 411 582 praescripti
438 524 540 566 ratio
558 522 728 565 alieriur
751 534 845 563 cum
871 519 1017 563 eodem
1046 521 1082 561 in
1111 518 1188 562 Rit.
1214 518 1330 561 Rom.
1356 517 1400 574 (l.
1422 532 1457 561 c.
1477 515 1574 573 Cap.
1602 516 1628 570 l,
1654 530 1690 560 n.
1714 515 1807 573 15):

172 611 265 639 «ne
291 595 370 638 illis
392 595 706 638 Sacramentum
734 596 948 647 tantopere
972 591 1252 633 necessarium
1279 590 1452 631 nimium
1478 588 1695 631 difleratur
1713 600 1806 631 cum

171 666 359 724 periculo
391 665 535 709 salutis
558 680 606 716 »ς
641 667 897 721 quapropter
929 661 980 704 de
1015 660 1092 704 hoc
1126 660 1409 704 ecclesiastico
1457 664 1678 715 praecepto
1712 657 1807 701 sub-

171 739 379 794 iungitur:
415 740 454 779 et
480 732 664 793 parochi
695 747 744 776 ae
777 732 1094 776 concionatores
1130 745 1202 788 pro
1236 733 1417 787 ipsorum
1454 730 1589 773 ossicio
1613 728 1807 787 frequen-

171 815 237 853 ter
270 807 412 865 fideles
438 806 496 850 de
529 805 607 848 kae
637 804 762 863 yram'
794 817 950 855 eorum,
986 816 1090 861 quos
1126 804 1456 846 memoravimus
1488 813 1629 858 supra,
1653 799 1809 857 obliqa-

173 881 285 924 tione
317 882 604 922 commoneant
637 880 883 933 opportune,
919 888 966 918 ac
1002 888 1074 931 pro
1109 875 1355 917 necessitate
1398 873 1447 916 ad
1490 872 1807 929 expurgandam

172 953 448 1009 ignorantiam
479 949 540 993 vel
565 948 815 999 socordiam,
840 949 947 990 sicut
969 949 1004 988 vi
1027 946 1148 989 liuius
1172 947 1343 989 canonis
1362 949 1459 988 tunc
1480 944 1535 987 illi
1557 943 1809 999 obligantur.

293 1023 361 1066 60.
400 1023 660 1078 Exemptio
693 1020 928 1076 baptismi
953 1020 1133 1075 privati
1157 1032 1184 1062 a
1211 1018 1409 1074 legibus
1443 1017 1586 1061 huius
1619 1016 1810 1071 capitis.

174 1121 200 1126 -
238 1094 336 1151 Cap.
373 1095 472 1137 771.
511 1091 753 1149 Baptismus
783 1090 995 1148 privatas,
1030 1088 1197 1146 quando
1241 1088 1376 1131 licitus
1419 1091 1492 1139 est,
1535 1098 1707 1141 nempe:
1744 1098 1812 1127 m·-

170 1171 296 1224 yeme
330 1163 591 1213 necessitate,
610 1164 675 1206 cui
703 1160 1010 1218 providendum
1036 1164 1098 1204 est
1123 1172 1194 1215 per
1216 1160 1467 1202 sacramenti
1497 1156 1814 1207 exhibitionem,

175 1251 253 1280 non
288 1241 442 1280 attenta
475 1235 725 1278 sacramenti
761 1234 998 1275 reverentia
1031 1243 1137 1288 quae
1171 1231 1406 1273 necessitati
1442 1229 1565 1279 cedit,
1599 1227 1639 1284 a)
1671 1226 1814 1285 quovis

176 1313 359 1365 ternpore
391 1307 513 1349 etiam
551 1308 674 1347 noctu
711 1302 752 1359 b)
785 1307 824 1345 el
857 1301 945 1345 loco
979 1303 1102 1345 etiam
1139 1303 1176 1343 in
1211 1299 1411 1344 cubiculo
1444 1296 1815 1341 administramlus

174 1383 237 1422 es!
260 1380 383 1420 iuxta
419 1388 572 1432 urgens
607 1378 874 1431 praeceptum
910 1373 1115 1416 divinum.

297 1449 364 1491 61.
401 1449 519 1493 Dies
552 1448 600 1491 in
635 1447 816 1503 quibus
850 1445 1136 1490 conferatur
1155 1445 1441 1500 Baptismus
1460 1442 1726 1488 sollemnis.
1764 1466 1814 1470 —

179 1520 235 1564 De
271 1520 347 1563 boc
396 1523 491 1562 sunt
538 1530 720 1561 canones
762 1520 997 1573 sequentes
1037 1514 1173 1572 Atque
1209 1516 1367 1571 primns
1401 1527 1492 1555 cap.
1532 1514 1637 1555 773.
1673 1510 1815 1554 Etiam

175 1590 393 1635 sollemnis
427 1588 659 1647 baptismus
693 1587 889 1630 delinitus
933 1588 971 1628 in
1011 1598 1102 1630 can.
1136 1585 1235 1640 737,
1270 1587 1294 1639 ξ
1329 1584 1366 1639 2,
1402 1582 1588 1641 qualibet
1621 1581 1702 1638 clife,
1738 1594 1815 1625 non

175 1663 331 1707 dicitur
366 1666 408 1704 ut
440 1672 562 1717 supra
602 1675 622 1700 «
646 1660 797 1716 quovis
831 1657 953 1701 liuius
988 1662 1237 1714 tempore»,
1272 1654 1576 1699 czdnzifflstrari
1604 1658 1745 1712 potes!
1774 1653 1817 1696 li-

177 1736 271 1778 cite.
309 1732 386 1776 Rit.
422 1731 540 1775 Rom.
567 1730 579 1752 ¹
615 1732 694 1773 ait:
732 1729 983 1784 «Quamvis
1018 1728 1251 1784 Baptismus
1284 1729 1435 1785 quovis
1469 1732 1656 1782 tempore
1695 1727 1818 1768 etiam

179 1805 386 1849 interdicti
433 1802 502 1860 (ad
548 1813 736 1844 normam
784 1814 875 1844 can.
912 1799 1019 1842 2271
1062 1812 1099 1841 n.
1136 1797 1211 1854 ⁶2⁰),
1247 1803 1287 1841 et
1319 1799 1562 1841 cessationis
1605 1808 1625 1839 a
1666 1796 1822 1839 divinis

181 1877 424 1933 praesertim
449 1876 481 1917 si
509 1877 654 1929 urgeat
678 1873 901 1916 necessitas
926 1871 1045 1928 (ergo
1069 1872 1193 1913 etiam
1210 1874 1342 1921 extra
1378 1870 1636 1912 necessitatis
1659 1867 1821 1923 casum)

178 1948 357 1992 eonierri
395 1947 543 2002 possit,
579 1948 715 1987 tamen
752 1943 834 1986 duo
869 1944 1126 2000 potissimum
1177 1955 1225 1984 ex
1277 1941 1569 1995 antiquissimo
1611 1938 1822 1982 Ecclesiae

182 2022 261 2062 ritu
296 2019 403 2061 sacri
427 2020 522 2060 sunt
544 2015 646 2065 dies,
673 2016 710 2057 in
735 2013 887 2072 quibus
905 2012 1095 2056 sollemni
1121 2013 1383 2055 coeremonia
1409 2011 1648 2067 (coniuncta
1674 2022 1823 2064 nempe

179 2103 276 2134 cum
311 2100 446 2146 aquae
482 2085 740 2143 baptismalis
765 2084 1073 2140 benedictione)
1098 2083 1175 2127 hoc
1199 2083 1514 2126 Sacramentum
1541 2081 1821 2124 administrari

181 2162 366 2205 ,maxime
398 2159 618 2202 convenit:
654 2170 805 2213 nempe
838 2155 1064 2200 Sabbatum
1109 2158 1298 2198 sanctum
1337 2152 1522 2198 Paschae
1556 2156 1595 2195 et
1631 2151 1822 2194 Penteco-

181 2237 266 2275 stes
288 2247 328 2285 >›‚
364 2230 434 2273 sed
472 2228 582 2272 nulla
632 2229 675 2271 fit
723 2227 990 2284 obligationis
1025 2227 1191 2269 mentio.
1228 2251 1282 2255 —
1316 2223 1455 2268 Solum
1491 2223 1626 2281 quoad
1662 2221 1825 2265 adultos

188 2302 314 2347 verba
338 2301 629 2360 quadantenus
656 2300 922 2356 praeceptiva
947 2301 1197 2355 sequuntur:
1237 2295 1409 2351 «Quem
1447 2297 1586 2347 ritum,
1621 2297 1826 2351 quatenus

185 2376 275 2418 tieri
309 2371 528 2417 commode
564 2375 708 2427 potest,
745 2373 782 2413 in
817 2369 970 2413 adultis
1004 2367 1274 2424 baptizandis,
1315 2369 1390 2413 nisi
1440 2368 1548 2409 vitae
1594 2363 1823 2421 periculum

186 2447 402 2488 immineat
434 2443 492 2501 (et
537 2442 703 2499 planum
749 2440 843 2498 est),
881 2440 942 2484 vel
989 2453 1114 2496 aegre
1159 2440 1292 2482 ferant
1333 2451 1452 2481 suum
1501 2436 1749 2493 baptismum
1788 2437 1824 2477 in

187 2517 358 2573 longum
394 2520 557 2571 tempus
590 2513 731 2557 diferri
769 2513 840 2569 (ib.
877 2525 966 2568 cap,
1005 2510 1068 2565 lll,
1104 2524 1142 2555 n.
1178 2511 1230 2563 6),
1267 2511 1435 2553 retineri
1469 2509 1693 2559 decebant
1715 2510 1826 2549 certo

189 2601 268 2631 non
304 2587 473 2629 omnino
508 2586 781 2641 praetermitti
817 2583 963 2641 (idest:
1001 2595 1079 2625 non
1116 2581 1364 2638 relinquitur
1397 2579 1569 2623 arbitrio
1603 2591 1650 2622 ac
1685 2591 1757 2634 pro
1783 2576 1826 2619 li-

189 2657 295 2714 bitu)
331 2657 555 2714 praecipue
580 2657 618 2698 in
644 2654 971 2711 Metropolitanis
994 2658 1063 2697 aut
1086 2650 1405 2696 Calliedralibus
1438 2649 1635 2694 Ecclesiis
1658 2665 1697 2689 ».
1724 2647 1828 2690 Huic

187 2731 431 2781 consonant,
468 2727 662 2783 idemque
697 2728 830 2782 magis
865 2723 1173 2781 particulariter
1207 2725 1357 2765 iterant
1390 2721 1538 2779 (num.i
1568 2721 1606 2768 4,
1643 2720 1681 2773 ὃ,
1717 2720 1757 2771 6,
1791 2720 1827 2760 in

312 2883 321 2903 ¹
351 2880 441 2914 Loc.
471 2879 540 2913 cit.
574 2879 615 2913 C.
641 2878 674 2923 Ι,
703 2890 742 2912 n.
770 2877 828 2912 27.

280 2961 376 2988 BLAT
398 2974 417 2980 -
444 2958 565 2986 Commu.
595 2957 678 2985 Tem.
705 2956 781 2984 Coa.
807 2957 877 2984 Ῑην.
905 2956 988 2984 ζ’(ιτι.
