1971 3261
130 173 223 209 Cam.
254 173 342 208 1147
582 172 669 206 T1T.
700 172 805 206 VIII.
829 192 837 196 -
858 172 914 206 De
940 171 1300 206 Sacrmnentatibus
1682 171 1756 205 709

133 294 230 344 323,
261 292 290 351 ἓ
313 293 351 348 ’2,
377 294 458 335 imo
491 306 541 335 ex
579 295 849 348 permissione
881 289 1093 337 Ordinarii
1126 291 1343 348 presbyter
1375 291 1549 349 quilibet
1587 308 1606 332 α
1631 296 1673 335 ut
1696 291 1751 334 al-

132 367 230 408 taris
261 365 617 407 consecrationem
655 377 796 405 rursus
829 364 1015 419 perliciat
1049 365 1126 406 ritu
1163 363 1423 419 l'ormulaque
1472 362 1666 406 breviore
1689 378 1711 402 »
1741 362 1753 384 ¹

131 433 371 493 (can.1⁶200
393 432 422 490 ξ
451 432 502 489 l),
529 432 570 489 b)
596 432 659 476 vel
686 433 922 491 apostolico
952 432 1129 476 indulto.
1164 447 1237 477 seu
1270 436 1450 490 gratiosa
1483 435 1752 477 concessione

131 507 313 550 tortassis
346 503 550 560 personali
585 508 624 547 et
656 505 706 547 ad
742 509 919 560 tempus,
950 518 998 547 ac
1036 504 1088 547 ob
1122 507 1320 561 potiorem
1363 508 1562 547 rationem
1598 503 1638 561 c)
1662 516 1756 559 apo-

129 575 274 619 stolico
308 576 540 631 privilegio,
566 573 611 616 id
634 587 809 630 nempe:
841 590 858 614 «
883 577 1218 618 consecrationes
1257 587 1456 631 peragere
1479 590 1501 615 ))
1528 574 1567 616 ei
1591 574 1757 630 presby-

129 651 217 689 tero
249 644 426 701 simplici
457 645 747 702 permittatur.
774 644 870 688 Huc
890 647 1095 701 pertinent
1129 645 1254 688 verba
1283 644 1404 701 Greg.
1434 644 1484 688 ix
1520 645 1751 689 Astoricen.

129 716 333 774 Episcopo
357 715 399 761 2;
440 732 459 756 ((
478 716 564 760 Non
600 716 787 760 obstante
820 717 1162 760 consuetudine...
1188 717 1313 773 (quae
1337 717 1512 760 dicenda
1537 722 1597 759 est
1622 719 1756 772 potius

129 786 384 844 corruptela)
417 789 512 844 quia
557 786 652 831 licet
694 787 922 843 Episcopus
964 789 1224 830 committere
1271 787 1405 831 valeat
1446 800 1552 844 quae
1592 786 1755 829 iurisdi-

129 860 277 902 ctionis
323 860 519 911 existunt,
552 870 658 916 quae
706 859 862 902 ordinis
895 863 1031 901 tamen
1067 858 1314 914 episcopalis
1357 862 1465 913 sunt,
1500 871 1578 900 non
1623 862 1755 914 potest

129 930 336 971 inferioris
366 929 521 985 gradus
568 929 732 972 clericis
764 929 1081 982 demandare»,
1116 929 1255 972 addita
1300 942 1349 971 ex
1385 941 1474 972 can.
1510 928 1592 971 210
1633 941 1754 971 exce-

130 1001 297 1056 ptione:
335 1014 357 1040 «
381 1001 455 1042 nisi
492 999 529 1042 id
563 1012 751 1055 espresse
786 1001 910 1042 l'uerit
944 1001 1032 1042 iure
1070 999 1131 1042 vel
1172 999 1331 1042 indulto
1364 1012 1672 1042 concessum».

245 1070 273 1128 ξ
306 1069 344 1111 2.
378 1070 702 1113 sacramentalia
736 1083 843 1127 quae
880 1075 1082 1113 vocantur
1130 1069 1450 1113 Beueclietioues
1489 1074 1641 1122 autem,
1682 1071 1757 1112 sci-

130 1140 250 1184 licet:
291 1155 312 1180 <t
334 1143 561 1184 actiones»
591 1143 628 1182 in
663 1140 814 1198 quibus
848 1154 926 1183 non
951 1140 1296 1184 adhibetursacri
1332 1140 1568 1184 chrismatis
1602 1142 1755 1194 unctio,

127 1211 347 1269 impertire
375 1216 512 1268 potest
548 1211 684 1254 valide
717 1225 764 1255 ac
799 1211 908 1255 licite
942 1211 1117 1269 quilibet
1162 1211 1383 1269 presbyter
1414 1211 1466 1254 ob
1499 1224 1658 1254 sacram
1695 1225 1756 1253 or-

127 1282 380 1326 dinationem
417 1281 555 1325 valide
593 1288 826 1339 susceptam
861 1283 1092 1326 secuudum
1138 1283 1323 1326 eiusdem
1359 1285 1497 1336 ritum,
1532 1281 1629 1325 binc
1661 1286 1756 1325 sunt

126 1358 244 1397 actus
276 1354 433 1397 ordinis
466 1353 773 1410 presbyteralis,
807 1353 991 1411 eoeeeptis
1024 1353 1079 1396 iis
1113 1368 1220 1411 qitue
1251 1353 1292 1410 a)
1327 1352 1514 1397 Romatio
1547 1351 1754 1409 Pontifici,

128 1437 166 1469 v.
186 1437 247 1480 gr.
267 1437 482 1467 cereorum
513 1437 730 1481 agnorum,
752 1436 868 1467 rosae
901 1437 1067 1479 aureae,
1094 1424 1136 1481 b)
1160 1424 1310 1467 aliisve
1335 1438 1371 1466 v.
1391 1438 1451 1480 gr.
1479 1422 1660 1478 parocho
1686 1422 1755 1466 be-

126 1495 306 1538 nedictio
340 1495 549 1552 nuptialis,
585 1494 779 1551 praelatis
812 1495 1076 1551 regularibus
1099 1500 1237 1538 certae
1273 1494 1597 1549 benedictiones,
1620 1507 1754 1536 reser-

125 1571 287 1622 ventur,
322 1567 449 1609 veluti
484 1565 536 1610 ab
570 1568 669 1623 ipsis
701 1566 933 1609 secundum
968 1580 1021 1610 ss.
1056 1578 1236 1610 canones
1267 1566 1495 1609 faciendae.

249 1635 335 1679 Vim
371 1642 508 1680 autem
543 1637 754 1681 diversam
788 1637 912 1681 huius
947 1639 1242 1681 reservationis
1274 1639 1444 1694 exponit
1475 1637 1516 1695 ξ.
1551 1637 1588 1679 3.
1626 1635 1753 1679 Bene-

125 1707 254 1751 dictio
302 1714 533 1763 reservata,
567 1708 644 1752 sub
691 1708 877 1766 qualibet
910 1722 961 1752 ex
996 1709 1143 1752 litteris
1180 1707 1237 1765 a),
1272 1708 1327 1766 b),
1363 1708 1403 1765 c)
1437 1707 1753 1765 comprehensa,

126 1793 233 1836 {litae
265 1793 290 1822 α
318 1778 564 1837 presbytero
588 1793 667 1822 non
702 1784 965 1836 competente
1000 1782 1111 1823 iuxta
1135 1779 1163 1837 ἓ
1187 1780 1225 1834 ⁶2,
1249 1779 1373 1822 detur
1399 1779 1491 1822 siue
1512 1778 1755 1822 necessaria

125 1850 312 1902 lieentia,
346 1863 453 1908 quae
487 1863 565 1893 non
600 1863 767 1906 semper
799 1851 970 1894 concedi
1007 1853 1156 1907 poterit
1179 1850 1230 1894 ab
1254 1864 1302 1894 eo
1336 1853 1401 1894 cui
1437 1849 1671 1894 benedictio
1697 1863 1753 1893 re-

125 1927 330 1976 servatur,
363 1920 520 1964 illicita
566 1927 642 1972 est,
675 1920 748 1964 sed
780 1921 941 1976 valida,
975 1924 1028 1965 ita
1064 1927 1106 1965 ut
1139 1922 1332 1965 effectum
1367 1925 1646 1979 consequatur
1684 1934 1749 1964 ra-

126 1995 235 2036 tione
270 1995 459 2047 ministri,
493 1992 579 2035 uisi
612 1992 655 2035 in
687 1993 975 2035 reservatione
1007 1993 1115 2049 apud
1152 1993 1278 2036 libros
1326 1992 1542 2049 liturgicos
1577 1991 1640 2035 vel
1674 1992 1753 2035 alia

125 2064 372 2108 documenta
407 2064 459 2107 de
491 2063 690 2119 singulari
728 2063 1016 2107 benedictione
1054 2068 1124 2107 aut
1157 2064 1208 2107 de
1241 2063 1450 2121 aliquibus
1489 2062 1613 2106 Sedes
1646 2063 1751 2120 Apo-

124 2135 276 2178 stoliea
308 2135 358 2179 ad
402 2147 591 2177 normam
625 2147 714 2177 can.
749 2135 791 2188 7,
828 2148 866 2176 v.
900 2147 961 2190 gr.
995 2137 1034 2178 S.
1069 2134 1218 2191 Congr.
1255 2134 1391 2178 Ritum
1431 2134 1493 2177 vel
1527 2134 1566 2178 S.
1601 2132 1751 2190 Congr.

125 2220 199 2264 pro
216 2206 407 2250 Ecclesia
430 2203 649 2260 Orientali,
683 2204 805 2248 atiud
827 2205 1099 2263 eoepresserit,
1133 2218 1309 2262 nempe:
1334 2206 1443 2263 quod
1479 2221 1502 2246 «
1525 2207 1754 2248 reservatio

123 2281 175 2322 sit
208 2280 336 2334 ipsius
370 2279 582 2334 potestatis
605 2291 648 2331 »,
681 2289 788 2333 quae
839 2276 1011 2333 proinde
1043 2277 1314 2333 distinguitur
1362 2288 1383 2319 a
1423 2278 1753 2319 «reservatione

123 2348 368 2401 simpliciter
399 2362 471 2409 seu
505 2350 592 2391 sine
627 2348 767 2391 addito
789 2363 812 2389 ³>
851 2347 1118 2403 intelligenda
1153 2347 1204 2391 de
1238 2350 1451 2404 potestatis
1485 2361 1573 2391 usu.

244 2419 417 2462 Demum
452 2418 557 2462 aliae
582 2418 892 2462 benedictiones
924 2423 1019 2461 sunt
1042 2424 1158 2462 actus
1180 2419 1338 2461 ordinis
1360 2418 1589 2462 diaconalis
1622 2431 1670 2462 ac
1694 2431 1755 2461 or-

125 2491 232 2534 dinis
256 2490 472 2544 lectorum,
495 2491 546 2534 de
570 2489 725 2547 quibus
750 2492 806 2533 ait
822 2492 847 2544 g
866 2490 905 2532 4.
932 2489 1111 2533 Diaeoni
1134 2495 1172 2532 et
1196 2489 1372 2533 lectores
1396 2489 1448 2533 ob
1472 2492 1751 2546 respectivum

124 2561 312 2604 ordinem
351 2560 486 2604 valide
520 2565 733 2616 receptum
784 2560 884 2603 illas
919 2565 1096 2615 tautum,
1129 2561 1297 2604 exclusa
1345 2562 1513 2603 omnino
1554 2565 1753 2617 potestate

122 2632 258 2689 quoad
293 2636 468 2685 ceteras,
493 2631 631 2674 valide
653 2637 691 2674 et
717 2631 832 2674 licite
864 2631 1000 2688 quoad
1038 2633 1257 2674 ministerii
1288 2633 1535 2674 exercitium
1570 2630 1756 2673 benedie-

125 2702 258 2745 tiones
289 2701 394 2744 dare
422 2707 614 2759 possunt,
648 2716 755 2759 qetue
792 2702 897 2759 ipsis
931 2715 1129 2759 eoepresse
1163 2715 1189 2744 d
1221 2701 1315 2744 iure
1348 2702 1541 2758 liturgico
1578 2701 1752 2759 permit-

126 2778 297 2816 tuntur:
337 2772 522 2816 scilicet:
558 2773 734 2816 diacono
781 2773 1015 2816 benedictio
1056 2775 1166 2816 cerei
1213 2772 1430 2828 paschalis,
1478 2773 1668 2830 aliaeque
1714 2775 1752 2814 in

243 2880 253 2900 ¹
281 2878 303 2912 9
330 2878 437 2923 Sept.
468 2878 571 2912 19‘20.
601 2878 677 2914 CO.
702 2878 792 2918 XII,
818 2878 900 2912 450.
932 2899 974 2903 —
1000 2878 1014 2900 2
1040 2878 1130 2923 Cap.
1161 2878 1195 2923 9,
1224 2878 1270 2913 de
1296 2878 1591 2913 consecratione
1623 2877 1754 2912 Eccle-

80 2952 82 2954 -
125 2928 206 2962 siae
233 2925 295 2960 vel
322 2925 475 2966 alaris,
505 2926 569 2959 tit.
591 2926 648 2959 40.
671 2926 738 2960 lib.
757 2925 829 2959 ΙΙΙ.
