1971 3261
132 157 227 192 Can.
253 156 411 192 855-856
507 157 592 191 ΤιΤ.
621 157 694 191 ΠΙ.
724 177 735 182 -
763 158 819 192 De
845 162 1093 194 sanctissima
1130 162 1381 195 Eucharislta
1693 164 1759 197 182>

133 277 267 327 saciat,
300 277 337 326 a)
368 274 406 316 si
435 274 600 331 publice
629 282 778 333 pelaiz!
814 277 1013 332 praedicti
1051 284 1288 334 peccatores
1321 294 1351 323 S.
1386 280 1696 333 eucharistiam,
1724 281 1761 330 b)

133 351 172 389 et
204 345 296 388 sine
343 344 546 388 seandalo
595 346 708 403 ipsos
748 347 988 403 praeterire
1035 348 1178 391 saltem
1229 355 1419 406 nequeat.
1465 350 1565 393 Nam
1622 351 1758 395 «licet

135 418 251 472 peius
282 417 331 459 sit
381 418 587 471 peccatori
636 416 798 460 occulto
848 431 1019 473 peccare
1072 420 1313 473 mortaliter,
1362 422 1564 464 sumendo
1613 436 1762 478 corpus=

133 487 296 539 Christi,
332 499 457 543 quam
494 488 698 542 infamari,
735 491 870 530 tamen
906 490 1109 532 sacerdoti
1148 493 1394 534 ministranti
1429 506 1580 548 corpus
1613 492 1760 536 Christi

137 561 252 616 peius
284 563 344 601 est
378 570 552 613 peccare
588 557 830 610 mortaliter,
866 560 1102 602 inl'amando
1138 563 1284 604 iniuste
1321 567 1580 618 peccatorem
1626 564 1760 607 occul-

135 634 235 684 tum,
270 641 393 686 quam
428 627 536 685 quod
573 627 640 670 ille
677 628 905 673 mortaliter
941 636 1096 685 peccet,
1120 634 1214 688 quia
1241 633 1376 675 nullus
1401 633 1521 677 debet
1548 639 1760 689 peccatum

136 699 310 744 mortale
343 701 617 748 committere,
654 704 696 742 ut
729 699 856 742 alium
893 700 1038 744 liberet
1071 714 1091 744 a
1128 708 1309 757 peccato.
1351 703 1467 747 Unde
1510 704 1765 761 Augustinus

134 771 235 815 dicit
259 771 300 814 ¹:
337 776 360 791 ‘⁴
388 769 740 814 Periculosissime
773 771 1006 814 admittitur
1040 772 1141 815 haec
1175 777 1472 829 compensatio,
1509 780 1549 818 ut
1595 790 1667 818 nos
1710 778 1764 819 la-

135 844 295 886 ciamus
327 841 483 899 aliquid
522 841 631 894 mali,
667 854 717 884 ne
749 841 854 885 alius
886 846 1057 899 gravius
1092 844 1244 887 malum
1281 847 1401 887 t'aciat
1428 880 1466 899 „.
1493 872 1543 876 —
1572 847 1766 890 Peccator

136 919 272 957 tamen
307 912 494 957 occultus
529 914 664 969 potius
698 911 868 956 deberet
901 913 1056 970 eligere
1090 916 1292 961 intamari,
1327 929 1449 972 quam
1502 917 1667 972 indigne
1715 918 1763 960 ad

138 996 321 1028 mensam
358 983 520 1026 Domini
555 983 769 1027 accedere.
804 982 945 1027 Hostia
981 990 1115 1028 tamen
1142 999 1219 1027 non
1245 992 1482 1029 consecrata
1510 987 1620 1030 nullo
1646 989 1765 1031 modo

137 1053 260 1098 debet
292 1054 380 1097 dari
417 1053 505 1096 loco
540 1058 830 1100 consecratae:
866 1057 960 1111 quia
996 1055 1190 1098 sacerdos
1226 1055 1300 1098 hoc
1353 1058 1521 1105 faciens,
1569 1063 1764 1113 quamtum

138 1128 177 1168 in
210 1138 253 1168 se
286 1130 360 1179 est,
394 1125 490 1168 facit
525 1124 789 1168 idololatrare
824 1125 915 1168 illos
948 1127 1017 1182 qui
1053 1126 1227 1169 credunt
1271 1140 1359 1169 esse
1408 1127 1579 1170 hostiam
1631 1142 1767 1171 conse-

137 1201 308 1251 cratam,
342 1198 432 1239 sive
467 1195 569 1239 alios
606 1204 858 1252 praesentes,
893 1199 982 1239 sive
1017 1200 1140 1240 etiam
1177 1199 1308 1252 ipsum
1344 1203 1633 1250 sumentem,...
1661 1200 1767 1242 unde

137 1267 287 1324 (extra.
322 1267 380 1311 De
413 1266 697 1311 celebratione
733 1270 968 1318 missarum,
1003 1281 1091 1324 cap.
1127 1268 1177 1311 de
1212 1267 1395 1325 homine)
1439 1269 1608 1312 dicitur:
1659 1270 1767 1313 Licet

139 1341 172 1381 is
203 1341 272 1396 qui
309 1352 381 1395 pro
419 1340 480 1382 sui
516 1340 702 1382 criminis
750 1341 1002 1382 conscientia
1054 1343 1215 1395 reputat
1263 1354 1305 1382 se
1356 1340 1583 1395 indignum,
1630 1346 1769 1396 peccet

142 1412 341 1467 graviter,
375 1411 405 1452 si
441 1423 484 1452 se
519 1412 680 1466 ingerat
713 1411 994 1452 irreverenter
1027 1410 1075 1453 ad
1113 1409 1224 1461 illud,
1250 1412 1421 1465 gravius
1445 1415 1579 1453 tamen
1610 1411 1771 1454 videtur

139 1480 353 1524 offendere
387 1482 457 1538 qui
491 1480 778 1523 fraudulenter
812 1479 911 1523 illud
951 1482 1274 1536 praesumpserit
1307 1480 1546 1524 simulare»
1577 1482 1604 1524 ²².

263 1550 359 1593 174.
396 1552 470 1597 De
492 1552 819 1608 dispositione
841 1553 1050 1597 animae.
1074 1577 1099 1581 -
1122 1550 1245 1594 Cone.
1269 1549 1380 1594 Trid.
1406 1550 1520 1607 (sess.
1547 1551 1656 1606 Xlll)
1683 1557 1769 1608 post

140 1634 321 1665 canones
354 1622 627 1677 dogmaticos,
660 1621 895 1678 subiungit:
936 1637 954 1662 «
978 1621 1039 1669 Et,
1074 1635 1124 1664 ue
1158 1626 1314 1664 tantum
1358 1627 1662 1665 sacramentum
1715 1625 1770 1664 in-

140 1693 279 1749 digne,
313 1697 438 1750 atque
473 1692 565 1735 ideo
600 1695 637 1735 in
672 1697 848 1735 mortem
883 1697 922 1735 et
954 1693 1342 1736 condemnationem
1377 1698 1576 1745 sumatur,
1618 1695 1771 1745 statuit,¹

145 1768 269 1821 atque
302 1763 486 1807 declarat
520 1765 604 1820 ipsa
639 1768 780 1807 sancta
815 1764 1019 1820 Synodus,
1055 1763 1146 1817 illis,
1180 1776 1283 1820 quos
1316 1766 1566 1806 conscientia
1618 1766 1772 1820 peccati

146 1834 331 1878 mortalis
369 1840 529 1891 gravat,
579 1840 965 1893 quantumcumque
1013 1836 1135 1877 etiam
1185 1848 1228 1877 se
1276 1837 1475 1877 contritos
1522 1836 1772 1885 existiment,

148 1905 286 1949 habita
319 1908 436 1963 copia
471 1907 734 1961 confessoris,
770 1908 1002 1949 necessario
1040 1905 1383 1961 praemittendam
1428 1918 1515 1948 esse
1558 1906 1776 1949 confessio-

147 1990 238 2020 nem
273 1977 633 2022 sacramentalem.
667 1980 707 2022 Si
744 1980 836 2035 quis
869 1982 1005 2021 autem
1042 1979 1295 2019 contrarium
1331 1976 1495 2028 docere,
1522 1976 1775 2032 praedicare,

148 2048 209 2091 vel
247 2051 516 2104 pertinaciter
549 2044 748 2104 asserere,
783 2063 854 2092 seu
889 2051 1011 2091 etiam
1052 2047 1215 2104 publice
1258 2047 1507 2103 disputando
1556 2046 1776 2089 defendere

144 2122 482 2176 praesumpserit,
516 2133 565 2164 eo
600 2123 685 2177 ipso
720 2122 1109 2164 excommunicatus
1143 2120 1353 2161 existat».
1393 2115 1508 2170 Quae
1543 2130 1776 2160 excommu-

146 2192 296 2234 nicatio
331 2204 439 2234 nunc
471 2195 583 2235 tenet
615 2191 877 2235 solummodo
907 2206 925 2231 ((
952 2191 1220 2247 pertinaciter
1243 2189 1440 2232 docentes
1467 2188 1527 2231 vet
1553 2188 1776 2231 defenden-

145 2267 205 2305 tes
238 2263 329 2305 sive
365 2262 528 2319 publice
561 2265 650 2306 sive
686 2265 879 2320 privatim
906 2262 1182 2305 doctrinam»
1213 2259 1465 2309 huiusmodi,
1493 2264 1657 2315 praeter
1679 2258 1778 2301 alias

145 2333 338 2376 ferendae
361 2336 590 2377 sententiae
624 2347 776 2390 poenas
809 2334 858 2376 ad
896 2345 1082 2375 normam
1117 2344 1207 2374 can.
1234 2331 1361 2373 ⁶2:317.
1387 2356 1412 2361 —
1439 2330 1655 2386 Postquam
1680 2342 1778 2385 ergo

143 2403 196 2447 ob
231 2405 485 2460 praedictam
512 2405 815 2461 indignitatem,
835 2406 1029 2461 (piamris
1052 2402 1355 2445 consideratam
1382 2403 1622 2457 praesertim
1645 2402 1683 2442 in
1711 2399 1778 2442 ha-

145 2474 289 2518 bituali
314 2478 471 2531 peccati
494 2480 616 2530 statu,
642 2489 771 2520 canon
798 2474 1052 2528 praecedens
1074 2486 1240 2515 normas
1259 2472 1419 2515 dederit
1440 2485 1582 2514 sacrae
1600 2484 1780 2514 commu-

145 2548 280 2589 nionis
307 2549 508 2601 ministro,
527 2561 635 2591 nunc
657 2548 957 2603 praescriptum
979 2558 1025 2587 ex
1048 2543 1171 2588 Cone.
1191 2543 1300 2586 Trid.
1330 2544 1572 2599 proponitur
1596 2541 1779 2585 subiecto

107 2614 109 2616 ’
144 2629 291 2660 sacrae
326 2620 644 2665 communionis,
679 2620 814 2660 aiente
847 2631 937 2659 cau.
972 2618 1079 2659 856.
1115 2613 1256 2667 Nemo,
1292 2616 1414 2657 etiam
1465 2613 1678 2655 sacerdote
1729 2614 1782 2654 in-

146 2687 273 2738 cluso,
309 2701 433 2745 quem
470 2701 665 2745 expresse
685 2700 705 2730 a
732 2690 880 2730 missae
904 2686 1182 2730 celebratione
1210 2687 1339 2728 vetuit
1363 2696 1453 2727 can.
1479 2684 1576 2735 807,
1602 2689 1640 2731 a)
1664 2696 1778 2739 quem

145 2757 405 2801 conscientia
438 2772 511 2802 seu
545 2763 656 2802 certa
691 2760 877 2807 scientia,
914 2762 952 2799 ut
988 2756 1203 2812 hucusque
1239 2755 1277 2797 id
1303 2753 1681 2810 interpretabantur
1706 2751 1782 2793 Do-

254 2912 264 2933 1
293 2911 378 2945 Lib.
410 2911 570 2953 Quaest.
597 2921 716 2955 super
742 2909 856 2952 Gen.,
886 2922 920 2953 q.
950 2910 1007 2942 42.
1038 2929 1082 2933 —-
1108 2908 1120 2929 '2
1148 2908 1194 2941 D.
1225 2907 1296 2941 Th.
1327 2907 1398 2941 loc.
1431 2906 1498 2939 cit.
1529 2905 1574 2939 ad
1601 2906 1664 2937 2¹¹³.
