1971 3261
133 117 203 152 268
528 119 613 154 Lm.
641 120 714 154 III.
743 140 756 144 -
784 119 894 154 PARS
918 119 951 155 Ι.
979 140 991 145 -
1018 120 1075 155 De
1099 120 1365 156 Sacramentis
1571 121 1665 158 Gan.
1690 121 1766 158 900

134 235 387 294 confessarii
419 237 591 290 iudicio,
629 243 754 295 atque
791 238 870 282 hoc
896 241 1122 296 supposito,
1147 242 1222 284 etsi
1245 241 1520 285 confessarius
1542 246 1762 299 erraverit,

133 305 374 351 absolvendi
405 307 593 367 facultas
625 311 663 351 in
697 321 794 352 casu
833 322 904 352 seu
945 309 997 353 ob
1034 312 1368 355 circumstantias
1401 326 1426 354 a
1459 311 1646 370 leqitimo
1677 312 1758 356 Su·

128 377 298 435 periore
329 378 513 436 quolibet
546 383 808 435 competente
837 379 928 437 peti
961 386 1138 438 nequeat
1170 382 1421 426 disjunctive
1455 391 1493 435 a)
1516 383 1608 426 sine
1635 385 1763 440 aravi

128 448 384 505 poenitentis
418 447 690 499 incommodo,
715 449 755 505 b)
780 455 856 492 aut
877 449 969 492 sine
988 450 1180 508 periculo
1203 453 1490 496 tantummodo
1514 452 1762 497 violationis

129 518 266 576 siyilli
297 518 622 562 sacramentalis
655 519 854 563 declarati
887 519 964 564 sub
997 534 1071 565 can
1112 522 1223 576 8893

308 590 351 633 30
384 589 524 633 Eoetra
559 591 824 634 territorizmz
856 592 1127 646 reservantis,
1151 606 1222 636 seu
1263 606 1329 637 «a
1363 597 1542 650 peccatis
1562 597 1600 638 in
1620 594 1757 653 aliqua

129 661 307 704 dioecesi
343 663 566 704 reservatis
598 660 759 705 absolvi
792 667 960 718 possunt
995 666 1250 719 poenitentes
1283 666 1322 707 in
1356 665 1435 709 alia
1473 666 1669 721 dioecesi,
1687 666 1756 710 ubi

129 737 339 775 reservata
375 745 453 775 non
487 737 583 776 sunt
617 745 639 776 a
678 735 828 790 quovis
860 735 1114 777 confessario
1147 737 1237 778 sive
1269 736 1472 780 saeculari
1510 739 1600 780 sive
1639 751 1758 794 regu-

129 803 203 846 lari
225 818 247 843 ))
285 801 401 858 (Dec.
435 803 474 857 7,
509 802 563 860 e),
597 803 765 846 etiamsi
812 804 1048 857 (tarataram,
1092 819 1165 849 seu
1206 811 1248 849 ut
1280 809 1508 864 antiquitus
1540 807 1759 852 dicebatur

128 873 257 931 (quod
292 876 428 917 minus
462 879 573 932 recte
606 887 715 918 nunc
749 875 972 928 diceretur,
1007 878 1102 933 quia
1141 892 1161 917 <c
1185 876 1323 920 nulius
1374 878 1539 921 videtur
1572 879 1664 922 dolo
1699 882 1756 922 sa-

127 958 236 1000 cerc,
270 947 338 1002 qui
372 958 445 988 suo
480 948 569 988 iure
604 949 731 991 utitur
753 947 795 993 »l
836 949 873 989 in
909 947 1096 991 fraudem
1147 951 1455 1004 reservationis,
1489 963 1665 1007 nempe:
1701 950 1758 994 ad

127 1014 427 1059 absolutionem
460 1015 727 1060 obtinendam
759 1018 979 1074 poenitens
1011 1032 1062 1061 er
1094 1032 1139 1062 eo
1174 1021 1382 1063 territorio
1417 1023 1669 1064 reservantis
1692 1021 1754 1064 clv?-

125 1087 331 1129 seesserit.
366 1085 486 1140 Quod
521 1100 542 1131 a
577 1089 734 1131 fortiori
769 1089 1055 1144 asserendum,
1090 1091 1121 1133 si
1156 1089 1233 1133 alia
1267 1090 1319 1134 de
1351 1103 1475 1135 causa
1513 1096 1628 1135 extra
1654 1091 1754 1136 illud

126 1163 332 1215 pergeret,
365 1162 404 1202 et
438 1158 548 1202 illius
579 1161 795 1203 occasione
829 1160 1099 1203 confiteretur
1131 1161 1182 1204 de
1216 1162 1439 1217 praedictis
1472 1165 1708 1206 reservatis.

241 1263 384 1305 Quaeri
410 1270 542 1309 potest
568 1277 617 1299 an
644 1264 708 1299 hic
734 1277 859 1299 canon
886 1266 1070 1310 respiciat
1108 1278 1244 1301 omnes
1277 1268 1438 1302 omnino
1464 1269 1755 1303 reservationes

121 1328 280 1368 propter
306 1323 424 1358 verba
453 1338 470 1357 ‹<
494 1324 665 1366 Quaevis
691 1325 908 1359 reservatio
925 1341 959 1359 ».
990 1325 1221 1370 Respondeo
1247 1326 1482 1361 dicendum:
1513 1327 1629 1362 verba
1658 1328 1754 1362 haec

121 1382 349 1427 accipienda
374 1394 457 1417 esse
490 1399 503 1413 «
523 1384 739 1417 secundum
765 1385 960 1429 propriam
989 1385 1196 1419 verborum
1222 1386 1557 1431 significationem
1576 1387 1617 1421 in
1637 1392 1753 1422 textu

121 1453 165 1475 ac
191 1447 384 1476 contextu
409 1443 698 1477 consideratam
718 1460 731 1473 ι
766 1446 864 1487 (can.
895 1444 966 1486 18).
998 1444 1116 1478 Porro
1155 1451 1275 1489 caput
1301 1445 1374 1480 hoc
1408 1446 1642 1480 inscribitur
1670 1461 1687 1480 «
1707 1447 1752 1481 de

122 1505 369 1545 peccatorum
390 1502 659 1536 reservatione
679 1518 692 1532 ι
725 1507 764 1536 et
791 1503 832 1536 in
860 1503 1076 1538 canonibus
1103 1503 1183 1538 fere
1210 1505 1396 1539 omnibus
1422 1506 1558 1550 agitur
1575 1505 1620 1540 (le
1636 1517 1756 1540 reser-

123 1559 282 1593 vatione
309 1571 470 1593 casuum
496 1560 543 1594 ab
569 1559 729 1594 homine
756 1565 911 1595 statuta
938 1561 1022 1596 sive
1049 1562 1202 1596 ratione
1221 1563 1372 1606 peccati
1390 1563 1474 1597 sive
1494 1564 1646 1598 ratione
1666 1575 1754 1598 cen·

122 1629 247 1662 surae,
277 1619 333 1652 ita
359 1624 405 1652 ut
430 1620 650 1653 reservatio
689 1631 942 1654 censurarum
969 1633 991 1654 a
1017 1621 1100 1655 iure
1128 1632 1206 1655 non
1232 1633 1300 1666 per
1332 1622 1406 1656 hoc
1432 1622 1558 1667 Caput
1584 1622 1754 1657 modere-

122 1683 201 1721 tur,
230 1677 297 1711 sed
322 1689 390 1722 per
416 1690 583 1712 canones
618 1679 713 1713 Libi.
741 1680 775 1713 V
801 1680 921 1713 etiam
956 1680 1081 1725 quoad
1116 1691 1250 1714 earum
1283 1681 1573 1716 absolutionem
1593 1682 1633 1716 in
1669 1682 1750 1716 foro

121 1737 409 1771 sacramentali.
437 1737 557 1782 Viget
584 1749 678 1782 ergo
705 1749 830 1772 canon
856 1738 927 1772 900
953 1739 1079 1783 quoad
1105 1740 1394 1774 reservationes
1420 1740 1467 1774 ab
1493 1740 1651 1775 homine
1678 1749 1752 1775 sta-

120 1798 241 1836 tutas,
267 1805 336 1828 seu
362 1806 441 1829 non
468 1807 489 1829 a
515 1796 599 1830 iure
638 1797 849 1837 communi,
886 1797 1006 1831 etiam
1033 1798 1217 1842 vigentes
1244 1798 1284 1831 in
1310 1798 1584 1843 religionibus.
1615 1799 1750 1841 Quoad

119 1853 190 1887 has
216 1853 472 1888 confirmatur
498 1856 789 1899 interpretatio,
811 1856 904 1900 quia
922 1856 962 1889 in
983 1856 1067 1890 iure
1087 1856 1346 1900 preecedenti,
1366 1857 1459 1902 quid
1478 1857 1750 1902 aequipollens

119 1913 342 1957 partialiter
380 1913 623 1947 declaratum
661 1913 791 1948 fuerat
825 1914 872 1949 ab
900 1915 1060 1950 Urbano
1090 1915 1186 1949 VIII
1212 1927 1280 1960 per
1305 1916 1418 1950 Decr.
1450 1916 1486 1951 S.
1514 1917 1554 1951 C.
1585 1917 1625 1951 C.
1649 1919 1674 1957 1,
1704 1922 1749 1951 ut

118 1971 328 2006 retulimus
355 1972 396 2006 in
424 1972 714 2007 Commentario
735 1974 886 2008 Textus
918 1990 931 2004 ‹
952 1975 999 2008 de
1016 1974 1203 2009 Personis
1224 1992 1236 2005 ιο
1268 1987 1356 2021 pag.
1374 1977 1443 2011 497
1457 1977 1484 2019 ²,
1504 1984 1622 2021 atque
1640 1976 1751 2011 fulci-

119 2035 186 2064 tur
210 2031 349 2065 maiori
374 2030 564 2066 facult-ate
592 2044 663 2077 qua
693 2033 870 2078 religiosi
899 2033 1099 2068 donantur
1124 2034 1165 2068 in
1193 2034 1333 2069 Codice
1360 2035 1407 2069 ad
1433 2035 1660 2070 huiusmodi
1685 2036 1748 2070 ab·

118 2089 338 2124 solutiones
364 2091 671 2136 consequendas.
705 2113 743 2116 —
772 2092 901 2127 Aliter
927 2093 1075 2127 sentire
1101 2098 1258 2138 oportet
1283 2094 1410 2138 quoad
1435 2110 1448 2124 e
1465 2099 1667 2139 peccatum
1693 2107 1750 2129 ra·

119 2148 228 2183 tione
255 2150 316 2183 sui
344 2150 510 2185 Sanctae
550 2151 641 2185 Sedi
679 2157 954 2187 reservatum»
998 2154 1096 2196 (ean.
1132 2153 1231 2197 894),
1261 2159 1345 2187 tum
1371 2154 1464 2199 quia
1489 2155 1573 2188 iure
1600 2166 1749 2199 praece·

118 2207 228 2242 denti
253 2215 339 2243 erat
365 2210 478 2244 velut
504 2211 786 2256 specialissimo
812 2211 926 2246 modo
951 2223 1001 2246 ex
1029 2212 1217 2246 clausulis
1252 2217 1377 2247 const.
1413 2228 1426 2243 α
1447 2213 1747 2248 Sacramentum

118 2266 396 2303 Poenitentiae
413 2282 432 2301 »
472 2269 628 2304 Benedi.
655 2269 749 2304 XIV
775 2275 1034 2314 reservatum,
1064 2276 1150 2305 tum
1177 2283 1221 2306 eo
1252 2272 1354 2317 quod
1392 2272 1619 2307 huiusmodi
1646 2273 1700 2307 sit
1726 2285 1749 2308 a

116 2325 202 2361 iure
228 2328 439 2372 communi,
468 2333 588 2373 atque
613 2328 707 2363 huic
722 2329 853 2374 Capiti
871 2330 1067 2364 insertum
1085 2331 1213 2365 solum
1231 2338 1388 2376 propter
1406 2332 1592 2366 materiae
1611 2344 1747 2366 conne-

117 2386 287 2427 xionem,
317 2391 403 2421 tum
431 2387 599 2433 denique
626 2389 718 2434 quia
744 2401 830 2423 raro
857 2401 904 2424 ex
932 2390 1057 2434 ipsius
1084 2396 1227 2424 natura
1252 2395 1293 2425 et
1320 2390 1615 2426 conditionibus
1649 2392 1746 2426 acci-

116 2444 222 2487 dens,
250 2446 429 2481 illusoria
458 2447 644 2482 evaderet
675 2459 723 2482 ex
750 2459 833 2483 can.
861 2449 931 2482 900
956 2449 1152 2483 illiusmet
1176 2449 1411 2484 reservatio.

234 2588 244 2609 ¹
272 2588 317 2621 21
346 2587 454 2633 Sept.
487 2588 589 2622 1624.
619 2608 662 2615 —
690 2590 703 2611 2
721 2589 790 2625 Ed.
818 2591 868 2631 ⁶2³,
896 2601 982 2635 pag.
1011 2589 1089 2624 567.
